|j|☆bwrepublic
|j|☆rabian
|t:|1719262228
|gametype|singles
|player|p1|bwrepublic|larry|1492
|player|p2|rabian|iris-gen5bw2|1311
|teamsize|p1|6
|teamsize|p2|6
|gen|5
|tier|[Gen 5] OU
|rated|
|rule|Species Clause: Limit one of each Pokémon
|rule|OHKO Clause: OHKO moves are banned
|rule|Moody Clause: Moody is banned
|rule|Evasion Items Clause: Evasion items are banned
|rule|Evasion Moves Clause: Evasion moves are banned
|rule|Endless Battle Clause: Forcing endless battles is banned
|rule|HP Percentage Mod: HP is shown in percentages
|rule|Evasion Abilities Clause: Evasion abilities are banned
|rule|Sleep Moves Clause: Sleep-inducing moves are banned
|rule|Swagger Clause: Swagger is banned
|rule|Baton Pass Stat Clause: No Baton Passer may have a way to boost its stats
|clearpoke
|poke|p1|Tyranitar, F|item
|poke|p1|Gliscor, M|item
|poke|p1|Excadrill, M|item
|poke|p1|Latios, M|item
|poke|p1|Alakazam, M|item
|poke|p1|Rotom-Wash|item
|poke|p2|Jolteon, M|item
|poke|p2|Ferrothorn, M|item
|poke|p2|Politoed, F|item
|poke|p2|Gyarados, M|item
|poke|p2|Toxicroak, F|item
|poke|p2|Tentacruel, M|item
|teampreview
|c|☆bwrepublic|glhf
|j| UnumGenus
|
|t:|1719262260
|start
|switch|p1a: Rotom|Rotom-Wash|100/100
|switch|p2a: Weather Setter|Politoed, F|100/100
|-weather|RainDance|[from] ability: Drizzle|[of] p2a: Weather Setter
|turn|1
|l| UnumGenus
|
|t:|1719262273
|move|p1a: Rotom|Will-O-Wisp|p2a: Weather Setter|[miss]
|-miss|p1a: Rotom|p2a: Weather Setter
|move|p2a: Weather Setter|Toxic|p1a: Rotom
|-status|p1a: Rotom|tox
|
|-weather|RainDance|[upkeep]
|-damage|p1a: Rotom|94/100 tox|[from] psn
|upkeep
|turn|2
|
|t:|1719262279
|move|p1a: Rotom|Will-O-Wisp|p2a: Weather Setter
|-status|p2a: Weather Setter|brn
|move|p2a: Weather Setter|Toxic|p1a: Rotom
|-fail|p1a: Rotom|tox
|
|-weather|RainDance|[upkeep]
|-heal|p1a: Rotom|100/100 tox|[from] item: Leftovers
|-damage|p1a: Rotom|88/100 tox|[from] psn
|-damage|p2a: Weather Setter|88/100 brn|[from] brn
|upkeep
|turn|3
|c|☆rabian|what
|c|☆rabian|i
|j| Neighthan Trainer
|c|☆rabian|didn't click that
|
|t:|1719262298
|switch|p1a: Tyranitar|Tyranitar, F|100/100
|-weather|Sandstorm|[from] ability: Sand Stream|[of] p1a: Tyranitar
|move|p2a: Weather Setter|Protect||[still]
|-fail|p2a: Weather Setter
|
|-weather|Sandstorm|[upkeep]
|-damage|p2a: Weather Setter|82/100 brn|[from] Sandstorm
|-heal|p2a: Weather Setter|88/100 brn|[from] item: Leftovers
|-damage|p2a: Weather Setter|75/100 brn|[from] brn
|upkeep
|turn|4
|
|t:|1719262304
|move|p2a: Weather Setter|Toxic|p1a: Tyranitar
|-status|p1a: Tyranitar|tox
|move|p1a: Tyranitar|Pursuit|p2a: Weather Setter
|-damage|p2a: Weather Setter|58/100 brn
|
|-weather|Sandstorm|[upkeep]
|-damage|p2a: Weather Setter|52/100 brn|[from] Sandstorm
|-heal|p2a: Weather Setter|58/100 brn|[from] item: Leftovers
|-damage|p1a: Tyranitar|94/100 tox|[from] psn
|-damage|p2a: Weather Setter|46/100 brn|[from] brn
|upkeep
|turn|5
|
|t:|1719262311
|move|p2a: Weather Setter|Surf|p1a: Tyranitar
|-supereffective|p1a: Tyranitar
|-damage|p1a: Tyranitar|69/100 tox
|move|p1a: Tyranitar|Pursuit|p2a: Weather Setter
|-damage|p2a: Weather Setter|29/100 brn
|
|-weather|Sandstorm|[upkeep]
|-damage|p2a: Weather Setter|23/100 brn|[from] Sandstorm
|-heal|p2a: Weather Setter|29/100 brn|[from] item: Leftovers
|-damage|p1a: Tyranitar|56/100 tox|[from] psn
|-damage|p2a: Weather Setter|17/100 brn|[from] brn
|upkeep
|turn|6
|
|t:|1719262318
|switch|p1a: Rotom|Rotom-Wash|88/100 tox
|move|p2a: Weather Setter|Protect||[still]
|-fail|p2a: Weather Setter
|
|-weather|Sandstorm|[upkeep]
|-damage|p1a: Rotom|82/100 tox|[from] Sandstorm
|-damage|p2a: Weather Setter|10/100 brn|[from] Sandstorm
|-heal|p1a: Rotom|88/100 tox|[from] item: Leftovers
|-heal|p2a: Weather Setter|17/100 brn|[from] item: Leftovers
|-damage|p1a: Rotom|82/100 tox|[from] psn
|-damage|p2a: Weather Setter|4/100 brn|[from] brn
|upkeep
|turn|7
|
|t:|1719262322
|switch|p2a: Wall|Ferrothorn, M|100/100
|move|p1a: Rotom|Volt Switch|p2a: Wall
|-resisted|p2a: Wall
|-damage|p2a: Wall|91/100
|
|t:|1719262326
|switch|p1a: Gliscor|Gliscor, M|100/100|[from] Volt Switch
|
|-weather|Sandstorm|[upkeep]
|-heal|p2a: Wall|97/100|[from] item: Leftovers
|-status|p1a: Gliscor|tox|[from] item: Toxic Orb
|upkeep
|turn|8
|
|t:|1719262330
|switch|p2a: Weather Setter|Politoed, F|4/100 brn
|-weather|RainDance|[from] ability: Drizzle|[of] p2a: Weather Setter
|move|p1a: Gliscor|Stealth Rock|p2a: Weather Setter
|-sidestart|p2: rabian|move: Stealth Rock
|
|-weather|RainDance|[upkeep]
|-heal|p2a: Weather Setter|10/100 brn|[from] item: Leftovers
|-damage|p2a: Weather Setter|0 fnt|[from] brn
|faint|p2a: Weather Setter
|upkeep
|
|t:|1719262334
|switch|p2a: Squid|Tentacruel, M|100/100
|-damage|p2a: Squid|88/100|[from] Stealth Rock
|turn|9
|
|t:|1719262343
|move|p2a: Squid|Rapid Spin|p1a: Gliscor
|-damage|p1a: Gliscor|98/100 tox
|-sideend|p2: rabian|Stealth Rock|[from] move: Rapid Spin|[of] p2a: Squid
|move|p1a: Gliscor|Earthquake|p2a: Squid
|-supereffective|p2a: Squid
|-damage|p2a: Squid|12/100
|
|-weather|RainDance|[upkeep]
|-heal|p2a: Squid|18/100|[from] ability: Rain Dish
|-heal|p2a: Squid|24/100|[from] item: Black Sludge
|-heal|p1a: Gliscor|100/100 tox|[from] ability: Poison Heal
|upkeep
|turn|10
|
|t:|1719262347
|switch|p2a: Just A Magikarp|Gyarados, M, shiny|100/100
|-ability|p2a: Just A Magikarp|Intimidate|boost
|-unboost|p1a: Gliscor|atk|1
|move|p1a: Gliscor|Stealth Rock|p2a: Just A Magikarp
|-sidestart|p2: rabian|move: Stealth Rock
|
|-weather|RainDance|[upkeep]
|upkeep
|turn|11
|
|t:|1719262352
|switch|p1a: Tyranitar|Tyranitar, F|56/100 tox
|-weather|Sandstorm|[from] ability: Sand Stream|[of] p1a: Tyranitar
|move|p2a: Just A Magikarp|Substitute|p2a: Just A Magikarp
|-start|p2a: Just A Magikarp|Substitute
|-damage|p2a: Just A Magikarp|76/100
|
|-weather|Sandstorm|[upkeep]
|-damage|p2a: Just A Magikarp|70/100|[from] Sandstorm
|-heal|p2a: Just A Magikarp|76/100|[from] item: Leftovers
|-damage|p1a: Tyranitar|50/100 tox|[from] psn
|upkeep
|turn|12
|
|t:|1719262354
|move|p2a: Just A Magikarp|Dragon Dance|p2a: Just A Magikarp
|-boost|p2a: Just A Magikarp|atk|1
|-boost|p2a: Just A Magikarp|spe|1
|move|p1a: Tyranitar|Crunch|p2a: Just A Magikarp
|-end|p2a: Just A Magikarp|Substitute
|
|-weather|Sandstorm|[upkeep]
|-damage|p2a: Just A Magikarp|70/100|[from] Sandstorm
|-heal|p2a: Just A Magikarp|76/100|[from] item: Leftovers
|-damage|p1a: Tyranitar|38/100 tox|[from] psn
|upkeep
|turn|13
|
|t:|1719262361
|move|p2a: Just A Magikarp|Substitute|p2a: Just A Magikarp
|-start|p2a: Just A Magikarp|Substitute
|-damage|p2a: Just A Magikarp|51/100
|move|p1a: Tyranitar|Crunch|p2a: Just A Magikarp
|-end|p2a: Just A Magikarp|Substitute
|
|-weather|Sandstorm|[upkeep]
|-damage|p2a: Just A Magikarp|45/100|[from] Sandstorm
|-heal|p2a: Just A Magikarp|51/100|[from] item: Leftovers
|-damage|p1a: Tyranitar|19/100 tox|[from] psn
|upkeep
|turn|14
|
|t:|1719262369
|move|p2a: Just A Magikarp|Waterfall|p1a: Tyranitar
|-supereffective|p1a: Tyranitar
|-damage|p1a: Tyranitar|0 fnt
|faint|p1a: Tyranitar
|
|-weather|Sandstorm|[upkeep]
|-damage|p2a: Just A Magikarp|45/100|[from] Sandstorm
|-heal|p2a: Just A Magikarp|51/100|[from] item: Leftovers
|upkeep
|
|t:|1719262375
|switch|p1a: Rotom|Rotom-Wash|82/100 tox
|turn|15
|
|t:|1719262377
|switch|p2a: Wall|Ferrothorn, M|97/100
|-damage|p2a: Wall|91/100|[from] Stealth Rock
|move|p1a: Rotom|Volt Switch|p2a: Wall
|-resisted|p2a: Wall
|-damage|p2a: Wall|80/100
|
|t:|1719262386
|switch|p1a: Alakazam|Alakazam, M|100/100|[from] Volt Switch
|
|-weather|Sandstorm|[upkeep]
|-heal|p2a: Wall|86/100|[from] item: Leftovers
|upkeep
|turn|16
|
|t:|1719262389
|move|p1a: Alakazam|Hidden Power|p2a: Wall
|-supereffective|p2a: Wall
|-damage|p2a: Wall|0 fnt
|faint|p2a: Wall
|
|-weather|Sandstorm|[upkeep]
|upkeep
|-message|rabian forfeited.
|
|win|bwrepublic
|raw|bwrepublic's rating: 1492 &rarr; <strong>1502</strong><br />(+10 for winning)
|raw|rabian's rating: 1311 &rarr; <strong>1301</strong><br />(-10 for losing)
|c|☆rabian|gg
|l|☆rabian
|player|p2|
|c|☆bwrepublic|gg
