|j|☆Clawdia Chauchat
|j|☆Rinamarokirurai!
|t:|1704834383
|gametype|singles
|player|p1|Clawdia Chauchat|winona|1434
|player|p2|Rinamarokirurai!|lyra|1366
|teamsize|p1|6
|teamsize|p2|6
|gen|5
|tier|[Gen 5] OU
|rated|
|rule|Species Clause: Limit one of each Pokémon
|rule|OHKO Clause: OHKO moves are banned
|rule|Moody Clause: Moody is banned
|rule|Evasion Items Clause: Evasion items are banned
|rule|Evasion Moves Clause: Evasion moves are banned
|rule|Endless Battle Clause: Forcing endless battles is banned
|rule|HP Percentage Mod: HP is shown in percentages
|rule|Evasion Abilities Clause: Evasion abilities are banned
|rule|Sleep Moves Clause: Sleep-inducing moves are banned
|rule|Swagger Clause: Swagger is banned
|rule|Baton Pass Stat Clause: No Baton Passer may have a way to boost its stats
|clearpoke
|poke|p1|Latias, F|item
|poke|p1|Reuniclus, M|item
|poke|p1|Conkeldurr, F|item
|poke|p1|Jirachi|item
|poke|p1|Gyarados, F|item
|poke|p1|Scizor, M|item
|poke|p2|Tyranitar, F|item
|poke|p2|Gliscor, M|item
|poke|p2|Ferrothorn, F|item
|poke|p2|Magnezone|item
|poke|p2|Latios, M|item
|poke|p2|Terrakion|item
|teampreview
|inactive|Battle timer is ON: inactive players will automatically lose when time's up. (requested by Rinamarokirurai!)
|inactive|Rinamarokirurai! has 120 seconds left.
|inactive|Rinamarokirurai! has 90 seconds left.
|
|t:|1704834451
|start
|switch|p1a: Concorde I Miss U|Jirachi|100/100
|switch|p2a: Gliscor|Gliscor, M|100/100
|turn|1
|inactive|Clawdia Chauchat has 120 seconds left.
|
|t:|1704834508
|move|p1a: Concorde I Miss U|Hidden Power|p2a: Gliscor
|-supereffective|p2a: Gliscor
|-damage|p2a: Gliscor|18/100
|move|p2a: Gliscor|Earthquake|p1a: Concorde I Miss U
|-supereffective|p1a: Concorde I Miss U
|-damage|p1a: Concorde I Miss U|40/100
|
|-status|p2a: Gliscor|tox|[from] item: Toxic Orb
|upkeep
|turn|2
|
|t:|1704834521
|switch|p1a: Toru Okada|Gyarados, F, shiny|100/100
|-ability|p1a: Toru Okada|Intimidate|boost
|-unboost|p2a: Gliscor|atk|1
|move|p2a: Gliscor|Protect||[still]
|-fail|p2a: Gliscor
|
|-heal|p2a: Gliscor|30/100 tox|[from] ability: Poison Heal
|upkeep
|turn|3
|inactive|Clawdia Chauchat has 90 seconds left.
|
|t:|1704834543
|switch|p1a: Concorde I Miss U|Jirachi|40/100
|switch|p2a: Ferrothorn|Ferrothorn, F|100/100
|
|upkeep
|turn|4
|
|t:|1704834551
|move|p1a: Concorde I Miss U|Trick|p2a: Ferrothorn
|-activate|p1a: Concorde I Miss U|move: Trick|[of] p2a: Ferrothorn
|-item|p2a: Ferrothorn|Choice Specs|[from] move: Trick
|-item|p1a: Concorde I Miss U|Chople Berry|[from] move: Trick
|move|p2a: Ferrothorn|Stealth Rock|p1a: Concorde I Miss U
|-sidestart|p1: Clawdia Chauchat|move: Stealth Rock
|
|upkeep
|turn|5
|inactive|Clawdia Chauchat has 90 seconds left.
|
|t:|1704834588
|switch|p2a: Terrakion|Terrakion|100/100
|move|p1a: Concorde I Miss U|Stealth Rock|p2a: Terrakion
|-sidestart|p2: Rinamarokirurai!|move: Stealth Rock
|
|upkeep
|turn|6
|
|t:|1704834599
|move|p2a: Terrakion|X-Scissor|p1a: Concorde I Miss U
|-damage|p1a: Concorde I Miss U|9/100
|move|p1a: Concorde I Miss U|U-turn|p2a: Terrakion
|-resisted|p2a: Terrakion
|-damage|p2a: Terrakion|92/100
|inactive|Clawdia Chauchat has 60 seconds left.
|
|t:|1704834656
|switch|p1a: Amare Stoudemire|Conkeldurr, F, shiny|100/100|[from] U-turn
|-damage|p1a: Amare Stoudemire|94/100|[from] Stealth Rock
|
|-heal|p1a: Amare Stoudemire|100/100|[from] item: Leftovers
|upkeep
|turn|7
|
|t:|1704834668
|switch|p2a: Gliscor|Gliscor, M|30/100 tox
|-damage|p2a: Gliscor|18/100 tox|[from] Stealth Rock
|move|p1a: Amare Stoudemire|Bulk Up|p1a: Amare Stoudemire
|-boost|p1a: Amare Stoudemire|atk|1
|-boost|p1a: Amare Stoudemire|def|1
|
|-heal|p2a: Gliscor|30/100 tox|[from] ability: Poison Heal
|upkeep
|turn|8
|
|t:|1704834672
|move|p2a: Gliscor|Earthquake|p1a: Amare Stoudemire
|-damage|p1a: Amare Stoudemire|81/100
|move|p1a: Amare Stoudemire|Bulk Up|p1a: Amare Stoudemire
|-boost|p1a: Amare Stoudemire|atk|1
|-boost|p1a: Amare Stoudemire|def|1
|
|-heal|p1a: Amare Stoudemire|87/100|[from] item: Leftovers
|-heal|p2a: Gliscor|43/100 tox|[from] ability: Poison Heal
|upkeep
|turn|9
|
|t:|1704834676
|move|p2a: Gliscor|Earthquake|p1a: Amare Stoudemire
|-damage|p1a: Amare Stoudemire|73/100
|move|p1a: Amare Stoudemire|Bulk Up|p1a: Amare Stoudemire
|-boost|p1a: Amare Stoudemire|atk|1
|-boost|p1a: Amare Stoudemire|def|1
|
|-heal|p1a: Amare Stoudemire|79/100|[from] item: Leftovers
|-heal|p2a: Gliscor|55/100 tox|[from] ability: Poison Heal
|upkeep
|turn|10
|
|t:|1704834680
|move|p2a: Gliscor|Earthquake|p1a: Amare Stoudemire
|-damage|p1a: Amare Stoudemire|67/100
|move|p1a: Amare Stoudemire|Payback|p2a: Gliscor
|-damage|p2a: Gliscor|0 fnt
|faint|p2a: Gliscor
|
|-heal|p1a: Amare Stoudemire|73/100|[from] item: Leftovers
|upkeep
|
|t:|1704834682
|switch|p2a: Latios|Latios, M|100/100
|-damage|p2a: Latios|88/100|[from] Stealth Rock
|turn|11
|
|t:|1704834684
|move|p2a: Latios|Draco Meteor|p1a: Amare Stoudemire
|-damage|p1a: Amare Stoudemire|17/100
|-unboost|p2a: Latios|spa|2
|move|p1a: Amare Stoudemire|Payback|p2a: Latios
|-supereffective|p2a: Latios
|-damage|p2a: Latios|0 fnt
|faint|p2a: Latios
|
|-heal|p1a: Amare Stoudemire|23/100|[from] item: Leftovers
|upkeep
|
|t:|1704834697
|switch|p2a: Magnezone|Magnezone|100/100
|-damage|p2a: Magnezone|94/100|[from] Stealth Rock
|turn|12
|inactive|Clawdia Chauchat has 90 seconds left.
|
|t:|1704834726
|move|p1a: Amare Stoudemire|Mach Punch|p2a: Magnezone
|-supereffective|p2a: Magnezone
|-damage|p2a: Magnezone|0 fnt
|faint|p2a: Magnezone
|
|-heal|p1a: Amare Stoudemire|29/100|[from] item: Leftovers
|upkeep
|-message|Rinamarokirurai! forfeited.
|
|win|Clawdia Chauchat
|raw|Clawdia Chauchat's rating: 1426 &rarr; <strong>1443</strong><br />(+17 for winning)
|raw|Rinamarokirurai!'s rating: 1366 &rarr; <strong>1349</strong><br />(-17 for losing)
