|j|back to the summit
|j|Dreiundachtzig
|player|p1|back to the summit|1
|player|p2|Dreiundachtzig|1
|gametype|singles
|gen|5
|tier|[Gen 5] OU
|rated
|seed|
|rule|Evasion Abilities Clause: Evasion abilities are banned
|rule|Baton Pass Clause: Limit one Baton Passer, can't pass Spe and other stats simultaneously
|rule|Swagger Clause: Swagger is banned
|clearpoke
|poke|p1|Politoed, F|item
|poke|p1|Tyranitar, M|item
|poke|p1|Hydreigon, F|item
|poke|p1|Toxicroak, M|item
|poke|p1|Ferrothorn, F|item
|poke|p1|Landorus-Therian, M|item
|poke|p2|Hippowdon, M, shiny|item
|poke|p2|Jirachi, shiny|item
|poke|p2|Starmie, shiny|item
|poke|p2|Kyurem-Black, shiny|item
|poke|p2|Salamence, F, shiny|item
|poke|p2|Amoonguss, M, shiny|item
|rule|Sleep Clause Mod: Limit one foe put to sleep
|rule|Species Clause: Limit one of each Pokémon
|rule|OHKO Clause: OHKO moves are banned
|rule|Moody Clause: Moody is banned
|rule|Evasion Moves Clause: Evasion moves are banned
|rule|Endless Battle Clause: Forcing endless battles is banned
|rule|HP Percentage Mod: HP is shown in percentages
|teampreview
|choice||
|
|start
|switch|p1a: Landorus|Landorus-Therian, M|100/100
|switch|p2a: Amoonguss|Amoonguss, M, shiny|100/100
|-ability|p1a: Landorus|Intimidate|boost
|-unboost|p2a: Amoonguss|atk|1
|turn|1
|choice||
|
|move|p1a: Landorus|U-turn|p2a: Amoonguss
|-damage|p2a: Amoonguss|76/100
|choice||
|
|switch|p1a: Politoed|Politoed, F|100/100
|-weather|RainDance|[from] ability: Drizzle|[of] p1a: Politoed
|move|p2a: Amoonguss|Spore|p1a: Politoed
|-status|p1a: Politoed|slp
|
|-weather|RainDance|[upkeep]
|-heal|p2a: Amoonguss|82/100|[from] item: Black Sludge
|turn|2
|j|jimmyo
|choice||
|
|switch|p1a: Ferrothorn|Ferrothorn, F|100/100
|switch|p2a: Jirachi|Jirachi, shiny|100/100
|
|-weather|RainDance|[upkeep]
|turn|3
|choice||
|
|move|p2a: Jirachi|Trick|p1a: Ferrothorn
|-activate|p2a: Jirachi|move: Trick|[of] p1a: Ferrothorn
|-item|p1a: Ferrothorn|Choice Scarf|[from] move: Trick
|-item|p2a: Jirachi|Leftovers|[from] move: Trick
|move|p1a: Ferrothorn|Stealth Rock|p2a: Jirachi
|-sidestart|p2: Dreiundachtzig|move: Stealth Rock
|
|-weather|RainDance|[upkeep]
|turn|4
|choice||
|
|switch|p1a: Landorus|Landorus-Therian, M|100/100
|-ability|p1a: Landorus|Intimidate|boost
|-unboost|p2a: Jirachi|atk|1
|move|p2a: Jirachi|U-turn|p1a: Landorus
|-resisted|p1a: Landorus
|-damage|p1a: Landorus|93/100
|choice||
|
|switch|p2a: Hippowdon|Hippowdon, M, shiny|100/100
|-damage|p2a: Hippowdon|94/100|[from] Stealth Rock
|-weather|Sandstorm|[from] ability: Sand Stream|[of] p2a: Hippowdon
|
|-weather|Sandstorm|[upkeep]
|-heal|p2a: Hippowdon|100/100|[from] item: Leftovers
|turn|5
|choice||
|
|move|p1a: Landorus|U-turn|p2a: Hippowdon
|-damage|p2a: Hippowdon|85/100
|choice||
|
|switch|p1a: Hydreigon|Hydreigon, F|100/100
|move|p2a: Hippowdon|Stealth Rock|p1a: Hydreigon
|-sidestart|p1: back to the summit|move: Stealth Rock
|
|-weather|Sandstorm|[upkeep]
|-damage|p1a: Hydreigon|94/100|[from] sandstorm
|-heal|p2a: Hippowdon|91/100|[from] item: Leftovers
|turn|6
|choice||
|
|switch|p2a: Starmie|Starmie, shiny|100/100
|-damage|p2a: Starmie|88/100|[from] Stealth Rock
|move|p1a: Hydreigon|Surf|p2a: Starmie
|-resisted|p2a: Starmie
|-damage|p2a: Starmie|55/100
|-damage|p1a: Hydreigon|84/100|[from] item: Life Orb
|
|-weather|Sandstorm|[upkeep]
|-damage|p2a: Starmie|48/100|[from] sandstorm
|-damage|p1a: Hydreigon|78/100|[from] sandstorm
|-heal|p2a: Starmie|55/100|[from] item: Leftovers
|turn|7
|choice||
|
|move|p2a: Starmie|Rapid Spin|p1a: Hydreigon
|-damage|p1a: Hydreigon|75/100
|-sideend|p2: Dreiundachtzig|Stealth Rock|[from] move: Rapid Spin|[of] p2a: Starmie
|move|p1a: Hydreigon|Dark Pulse|p2a: Starmie
|-supereffective|p2a: Starmie
|-damage|p2a: Starmie|0 fnt
|-damage|p1a: Hydreigon|65/100|[from] item: Life Orb
|faint|p2a: Starmie
|
|-weather|Sandstorm|[upkeep]
|-damage|p1a: Hydreigon|59/100|[from] sandstorm
|choice||
|
|switch|p2a: Salamence|Salamence, F, shiny|100/100
|turn|8
|choice||
|
|switch|p1a: Ferrothorn|Ferrothorn, F|100/100
|-damage|p1a: Ferrothorn|95/100|[from] Stealth Rock
|move|p2a: Salamence|Outrage|p1a: Ferrothorn
|-resisted|p1a: Ferrothorn
|-damage|p1a: Ferrothorn|60/100
|-damage|p2a: Salamence|88/100|[from] ability: Iron Barbs|[of] p1a: Ferrothorn
|
|-weather|Sandstorm|[upkeep]
|-damage|p2a: Salamence|82/100|[from] sandstorm
|turn|9
|choice||
|
|move|p2a: Salamence|Outrage|p1a: Ferrothorn|[from]lockedmove
|-resisted|p1a: Ferrothorn
|-damage|p1a: Ferrothorn|24/100
|-damage|p2a: Salamence|70/100|[from] ability: Iron Barbs|[of] p1a: Ferrothorn
|move|p1a: Ferrothorn|Stealth Rock|p2a: Salamence
|-sidestart|p2: Dreiundachtzig|move: Stealth Rock
|
|-weather|Sandstorm|[upkeep]
|-damage|p2a: Salamence|64/100|[from] sandstorm
|turn|10
|choice||
|
|move|p2a: Salamence|Outrage|p1a: Ferrothorn|[from]lockedmove
|-resisted|p1a: Ferrothorn
|-damage|p1a: Ferrothorn|0 fnt
|-damage|p2a: Salamence|51/100|[from] ability: Iron Barbs|[of] p1a: Ferrothorn
|-start|p2a: Salamence|confusion|[fatigue]
|faint|p1a: Ferrothorn
|-ability|p2a: Salamence|Moxie|boost
|-boost|p2a: Salamence|atk|1
|
|-weather|Sandstorm|[upkeep]
|-damage|p2a: Salamence|45/100|[from] sandstorm
|choice||
|
|switch|p1a: Landorus|Landorus-Therian, M|93/100
|-damage|p1a: Landorus|80/100|[from] Stealth Rock
|-ability|p1a: Landorus|Intimidate|boost
|-unboost|p2a: Salamence|atk|1
|turn|11
|choice||
|
|switch|p2a: Jirachi|Jirachi, shiny|100/100
|-damage|p2a: Jirachi|95/100|[from] Stealth Rock
|move|p1a: Landorus|Hidden Power|p2a: Jirachi
|-resisted|p2a: Jirachi
|-damage|p2a: Jirachi|87/100
|
|-weather|Sandstorm|[upkeep]
|-heal|p2a: Jirachi|93/100|[from] item: Leftovers
|turn|12
|choice||
|
|switch|p1a: Politoed|Politoed, F|100/100 slp
|-damage|p1a: Politoed|88/100 slp|[from] Stealth Rock
|-weather|RainDance|[from] ability: Drizzle|[of] p1a: Politoed
|move|p2a: Jirachi|U-turn|p1a: Politoed
|-damage|p1a: Politoed|71/100 slp
|choice||
|
|switch|p2a: Salamence|Salamence, F, shiny|45/100
|-damage|p2a: Salamence|20/100|[from] Stealth Rock
|
|-weather|RainDance|[upkeep]
|-heal|p1a: Politoed|77/100 slp|[from] item: Leftovers
|turn|13
|choice||
|
|move|p2a: Salamence|Outrage|p1a: Politoed
|-damage|p1a: Politoed|0 fnt
|faint|p1a: Politoed
|-ability|p2a: Salamence|Moxie|boost
|-boost|p2a: Salamence|atk|1
|
|-weather|RainDance|[upkeep]
|choice||
|
|switch|p1a: Toxicroak|Toxicroak, M|100/100
|-damage|p1a: Toxicroak|94/100|[from] Stealth Rock
|turn|14
|choice||
|
|move|p1a: Toxicroak|Sucker Punch|p2a: Salamence
|-damage|p2a: Salamence|0 fnt
|-damage|p1a: Toxicroak|85/100|[from] item: Life Orb
|faint|p2a: Salamence
|
|-weather|RainDance|[upkeep]
|-heal|p1a: Toxicroak|97/100|[from] ability: Dry Skin
|choice||
|
|switch|p2a: Hippowdon|Hippowdon, M, shiny|91/100
|-damage|p2a: Hippowdon|85/100|[from] Stealth Rock
|-weather|Sandstorm|[from] ability: Sand Stream|[of] p2a: Hippowdon
|turn|15
|choice||
|
|switch|p1a: Hydreigon|Hydreigon, F|59/100
|-damage|p1a: Hydreigon|47/100|[from] Stealth Rock
|move|p2a: Hippowdon|Whirlwind|p1a: Hydreigon
|drag|p1a: Tyranitar|Tyranitar, M|100/100
|-damage|p1a: Tyranitar|88/100|[from] Stealth Rock
|
|-weather|Sandstorm|[upkeep]
|-heal|p2a: Hippowdon|91/100|[from] item: Leftovers
|turn|16
|choice||
|
|move|p1a: Tyranitar|Crunch|p2a: Hippowdon
|-damage|p2a: Hippowdon|56/100
|-unboost|p2a: Hippowdon|def|1
|move|p2a: Hippowdon|Whirlwind|p1a: Tyranitar
|drag|p1a: Landorus|Landorus-Therian, M|80/100
|-damage|p1a: Landorus|68/100|[from] Stealth Rock
|-ability|p1a: Landorus|Intimidate|boost
|-unboost|p2a: Hippowdon|atk|1
|
|-weather|Sandstorm|[upkeep]
|-heal|p2a: Hippowdon|62/100|[from] item: Leftovers
|turn|17
|choice||
|
|move|p1a: Landorus|Earthquake|p2a: Hippowdon
|-damage|p2a: Hippowdon|18/100
|move|p2a: Hippowdon|Slack Off|p2a: Hippowdon
|-heal|p2a: Hippowdon|68/100
|
|-weather|Sandstorm|[upkeep]
|-heal|p2a: Hippowdon|74/100|[from] item: Leftovers
|turn|18
|choice||
|
|move|p1a: Landorus|Earthquake|p2a: Hippowdon
|-damage|p2a: Hippowdon|32/100
|move|p2a: Hippowdon|Slack Off|p2a: Hippowdon
|-heal|p2a: Hippowdon|82/100
|
|-weather|Sandstorm|[upkeep]
|-heal|p2a: Hippowdon|88/100|[from] item: Leftovers
|turn|19
|choice||
|
|move|p1a: Landorus|Earthquake|p2a: Hippowdon
|-damage|p2a: Hippowdon|44/100
|move|p2a: Hippowdon|Slack Off|p2a: Hippowdon
|-heal|p2a: Hippowdon|94/100
|
|-weather|Sandstorm|[upkeep]
|-heal|p2a: Hippowdon|99/100|[from] item: Leftovers
|turn|20
|choice||
|
|move|p1a: Landorus|Earthquake|p2a: Hippowdon
|-damage|p2a: Hippowdon|53/100
|move|p2a: Hippowdon|Slack Off|p2a: Hippowdon
|-heal|p2a: Hippowdon|100/100
|
|-weather|Sandstorm|[upkeep]
|turn|21
|choice||
|
|move|p1a: Landorus|Earthquake|p2a: Hippowdon
|-damage|p2a: Hippowdon|54/100
|move|p2a: Hippowdon|Whirlwind|p1a: Landorus
|drag|p1a: Hydreigon|Hydreigon, F|47/100
|-damage|p1a: Hydreigon|34/100|[from] Stealth Rock
|
|-weather|Sandstorm|[upkeep]
|-damage|p1a: Hydreigon|28/100|[from] sandstorm
|-heal|p2a: Hippowdon|61/100|[from] item: Leftovers
|turn|22
|choice||
|
|switch|p2a: Jirachi|Jirachi, shiny|93/100
|-damage|p2a: Jirachi|87/100|[from] Stealth Rock
|move|p1a: Hydreigon|Roost|p1a: Hydreigon
|-heal|p1a: Hydreigon|78/100
|
|-weather|Sandstorm|[upkeep]
|-damage|p1a: Hydreigon|72/100|[from] sandstorm
|-heal|p2a: Jirachi|93/100|[from] item: Leftovers
|turn|23
|choice||
|
|move|p2a: Jirachi|U-turn|p1a: Hydreigon
|-supereffective|p1a: Hydreigon
|-damage|p1a: Hydreigon|20/100
|choice||
|
|switch|p2a: Amoonguss|Amoonguss, M, shiny|100/100
|-damage|p2a: Amoonguss|88/100|[from] Stealth Rock
|move|p1a: Hydreigon|Fire Blast|p2a: Amoonguss|[miss]
|-miss|p1a: Hydreigon|p2a: Amoonguss
|
|-weather|Sandstorm|[upkeep]
|-damage|p1a: Hydreigon|14/100|[from] sandstorm
|-damage|p2a: Amoonguss|82/100|[from] sandstorm
|-heal|p2a: Amoonguss|88/100|[from] item: Black Sludge
|turn|24
|choice||
|
|move|p1a: Hydreigon|Roost|p1a: Hydreigon
|-heal|p1a: Hydreigon|64/100
|move|p2a: Amoonguss|Spore|p1a: Hydreigon
|-status|p1a: Hydreigon|slp
|
|-weather|Sandstorm|[upkeep]
|-damage|p1a: Hydreigon|58/100 slp|[from] sandstorm
|-damage|p2a: Amoonguss|82/100|[from] sandstorm
|-heal|p2a: Amoonguss|88/100|[from] item: Black Sludge
|turn|25
|choice||
|
|switch|p2a: Jirachi|Jirachi, shiny|93/100
|-damage|p2a: Jirachi|87/100|[from] Stealth Rock
|cant|p1a: Hydreigon|slp
|
|-weather|Sandstorm|[upkeep]
|-damage|p1a: Hydreigon|52/100 slp|[from] sandstorm
|-heal|p2a: Jirachi|93/100|[from] item: Leftovers
|turn|26
|choice||
|
|move|p2a: Jirachi|U-turn|p1a: Hydreigon
|-supereffective|p1a: Hydreigon
|-damage|p1a: Hydreigon|0 fnt
|faint|p1a: Hydreigon
|l|jimmyo
|choice||
|
|switch|p2a: Hippowdon|Hippowdon, M, shiny|61/100
|-damage|p2a: Hippowdon|54/100|[from] Stealth Rock
|
|-weather|Sandstorm|[upkeep]
|-heal|p2a: Hippowdon|61/100|[from] item: Leftovers
|choice||
|
|switch|p1a: Tyranitar|Tyranitar, M|88/100
|-damage|p1a: Tyranitar|76/100|[from] Stealth Rock
|turn|27
|choice||
|
|move|p1a: Tyranitar|Crunch|p2a: Hippowdon
|-damage|p2a: Hippowdon|20/100
|move|p2a: Hippowdon|Slack Off|p2a: Hippowdon
|-heal|p2a: Hippowdon|70/100
|
|-weather|Sandstorm|[upkeep]
|-heal|p2a: Hippowdon|77/100|[from] item: Leftovers
|turn|28
|choice||
|
|move|p1a: Tyranitar|Crunch|p2a: Hippowdon
|-damage|p2a: Hippowdon|42/100
|move|p2a: Hippowdon|Slack Off|p2a: Hippowdon
|-heal|p2a: Hippowdon|92/100
|
|-weather|Sandstorm|[upkeep]
|-heal|p2a: Hippowdon|98/100|[from] item: Leftovers
|turn|29
|choice||
|
|move|p1a: Tyranitar|Crunch|p2a: Hippowdon
|-damage|p2a: Hippowdon|62/100
|move|p2a: Hippowdon|Earthquake|p1a: Tyranitar
|-supereffective|p1a: Tyranitar
|-damage|p1a: Tyranitar|10/100
|
|-weather|Sandstorm|[upkeep]
|-heal|p2a: Hippowdon|68/100|[from] item: Leftovers
|turn|30
|choice||
|
|move|p1a: Tyranitar|Crunch|p2a: Hippowdon
|-damage|p2a: Hippowdon|32/100
|-unboost|p2a: Hippowdon|def|1
|move|p2a: Hippowdon|Slack Off|p2a: Hippowdon
|-heal|p2a: Hippowdon|82/100
|
|-weather|Sandstorm|[upkeep]
|-heal|p2a: Hippowdon|88/100|[from] item: Leftovers
|turn|31
|choice||
|
|move|p1a: Tyranitar|Crunch|p2a: Hippowdon
|-damage|p2a: Hippowdon|33/100
|move|p2a: Hippowdon|Earthquake|p1a: Tyranitar
|-supereffective|p1a: Tyranitar
|-damage|p1a: Tyranitar|0 fnt
|faint|p1a: Tyranitar
|
|-weather|Sandstorm|[upkeep]
|-heal|p2a: Hippowdon|39/100|[from] item: Leftovers
|choice||
|
|switch|p1a: Landorus|Landorus-Therian, M|68/100
|-damage|p1a: Landorus|56/100|[from] Stealth Rock
|-ability|p1a: Landorus|Intimidate|boost
|-unboost|p2a: Hippowdon|atk|1
|turn|32
|choice||
|
|switch|p2a: Amoonguss|Amoonguss, M, shiny|100/100
|-damage|p2a: Amoonguss|88/100|[from] Stealth Rock
|move|p1a: Landorus|Earthquake|p2a: Amoonguss
|-damage|p2a: Amoonguss|30/100
|
|-weather|Sandstorm|[upkeep]
|-damage|p2a: Amoonguss|24/100|[from] sandstorm
|-heal|p2a: Amoonguss|30/100|[from] item: Black Sludge
|turn|33
|choice||
|
|move|p1a: Landorus|Earthquake|p2a: Amoonguss
|-damage|p2a: Amoonguss|0 fnt
|faint|p2a: Amoonguss
|
|-weather|Sandstorm|[upkeep]
|choice||
|
|switch|p2a: Kyurem|Kyurem-Black, shiny|100/100
|-damage|p2a: Kyurem|76/100|[from] Stealth Rock
|-ability|p2a: Kyurem|Teravolt
|turn|34
|choice||
|
|move|p1a: Landorus|Earthquake|p2a: Kyurem
|-crit|p2a: Kyurem
|-damage|p2a: Kyurem|0 fnt
|faint|p2a: Kyurem
|
|-weather|Sandstorm|[upkeep]
|choice||
|
|switch|p2a: Hippowdon|Hippowdon, M, shiny|39/100
|-damage|p2a: Hippowdon|33/100|[from] Stealth Rock
|turn|35
|choice||
|
|move|p1a: Landorus|Earthquake|p2a: Hippowdon
|-damage|p2a: Hippowdon|1/100
|move|p2a: Hippowdon|Slack Off|p2a: Hippowdon
|-heal|p2a: Hippowdon|51/100
|
|-weather|Sandstorm|[upkeep]
|-heal|p2a: Hippowdon|58/100|[from] item: Leftovers
|turn|36
|choice||
|
|switch|p1a: Toxicroak|Toxicroak, M|97/100
|-damage|p1a: Toxicroak|91/100|[from] Stealth Rock
|move|p2a: Hippowdon|Slack Off|p2a: Hippowdon
|-heal|p2a: Hippowdon|100/100
|
|-weather|Sandstorm|[upkeep]
|-damage|p1a: Toxicroak|85/100|[from] sandstorm
|turn|37
|choice||
|
|switch|p1a: Landorus|Landorus-Therian, M|56/100
|-damage|p1a: Landorus|44/100|[from] Stealth Rock
|-ability|p1a: Landorus|Intimidate|boost
|-unboost|p2a: Hippowdon|atk|1
|move|p2a: Hippowdon|Earthquake|p1a: Landorus
|-immune|p1a: Landorus|[msg]
|
|-weather|Sandstorm|[upkeep]
|turn|38
|choice||
|
|move|p1a: Landorus|Hidden Power|p2a: Hippowdon
|-supereffective|p2a: Hippowdon
|-damage|p2a: Hippowdon|62/100
|move|p2a: Hippowdon|Slack Off|p2a: Hippowdon
|-heal|p2a: Hippowdon|100/100
|
|-weather|Sandstorm|[upkeep]
|turn|39
|choice||
|
|switch|p1a: Toxicroak|Toxicroak, M|85/100
|-damage|p1a: Toxicroak|78/100|[from] Stealth Rock
|switch|p2a: Jirachi|Jirachi, shiny|93/100
|-damage|p2a: Jirachi|87/100|[from] Stealth Rock
|
|-weather|Sandstorm|[upkeep]
|-damage|p1a: Toxicroak|72/100|[from] sandstorm
|-heal|p2a: Jirachi|93/100|[from] item: Leftovers
|turn|40
|choice||
|
|move|p2a: Jirachi|Iron Head|p1a: Toxicroak
|-crit|p1a: Toxicroak
|-damage|p1a: Toxicroak|0 fnt
|faint|p1a: Toxicroak
|
|-weather|Sandstorm|[upkeep]
|-heal|p2a: Jirachi|99/100|[from] item: Leftovers
|choice||
|
|switch|p1a: Landorus|Landorus-Therian, M|44/100
|-damage|p1a: Landorus|32/100|[from] Stealth Rock
|-ability|p1a: Landorus|Intimidate|boost
|-unboost|p2a: Jirachi|atk|1
|turn|41
|choice||
|
|move|p1a: Landorus|Earthquake|p2a: Jirachi
|-supereffective|p2a: Jirachi
|-damage|p2a: Jirachi|0 fnt
|faint|p2a: Jirachi
|
|-weather|Sandstorm|[upkeep]
|choice||
|
|switch|p2a: Hippowdon|Hippowdon, M, shiny|100/100
|-damage|p2a: Hippowdon|94/100|[from] Stealth Rock
|turn|42
|choice||
|
|move|p1a: Landorus|Earthquake|p2a: Hippowdon
|-damage|p2a: Hippowdon|63/100
|move|p2a: Hippowdon|Slack Off|p2a: Hippowdon
|-heal|p2a: Hippowdon|100/100
|
|-weather|Sandstorm|[upkeep]
|turn|43
|choice||
|
|move|p1a: Landorus|Earthquake|p2a: Hippowdon
|-damage|p2a: Hippowdon|68/100
|move|p2a: Hippowdon|Slack Off|p2a: Hippowdon
|-heal|p2a: Hippowdon|100/100
|
|-weather|Sandstorm|[upkeep]
|turn|44
|choice||
|
|move|p1a: Landorus|Earthquake|p2a: Hippowdon
|-damage|p2a: Hippowdon|73/100
|move|p2a: Hippowdon|Slack Off|p2a: Hippowdon
|-heal|p2a: Hippowdon|100/100
|
|-weather|Sandstorm|[upkeep]
|turn|45
|choice||
|
|move|p1a: Landorus|Earthquake|p2a: Hippowdon
|-damage|p2a: Hippowdon|73/100
|move|p2a: Hippowdon|Slack Off|p2a: Hippowdon
|-heal|p2a: Hippowdon|100/100
|
|-weather|Sandstorm|[upkeep]
|turn|46
|choice||
|
|move|p1a: Landorus|Earthquake|p2a: Hippowdon
|-damage|p2a: Hippowdon|72/100
|move|p2a: Hippowdon|Slack Off|p2a: Hippowdon
|-heal|p2a: Hippowdon|100/100
|
|-weather|Sandstorm|[upkeep]
|turn|47
|choice||
|
|move|p1a: Landorus|Earthquake|p2a: Hippowdon
|-damage|p2a: Hippowdon|71/100
|move|p2a: Hippowdon|Stealth Rock|p1a: Landorus
|-fail|p1a: Landorus
|
|-weather|Sandstorm|[upkeep]
|-heal|p2a: Hippowdon|77/100|[from] item: Leftovers
|turn|48
|choice||
|
|-activate|p1a: Landorus|move: Struggle
|move|p1a: Landorus|Struggle|p2a: Hippowdon
|-damage|p2a: Hippowdon|68/100
|-damage|p1a: Landorus|7/100|[from] recoil
|move|p2a: Hippowdon|Slack Off|p2a: Hippowdon
|-heal|p2a: Hippowdon|100/100
|
|-weather|Sandstorm|[upkeep]
|turn|49
|choice||
|
|-activate|p1a: Landorus|move: Struggle
|move|p1a: Landorus|Struggle|p2a: Hippowdon
|-damage|p2a: Hippowdon|91/100
|-damage|p1a: Landorus|0 fnt|[from] recoil
|faint|p1a: Landorus
|
|win|Dreiundachtzig
|player|p1
|player|p2
|raw|back to the summit's rating: 1429 &rarr; <strong>1405</strong><br />(-24 for losing)
|raw|Dreiundachtzig's rating: 1357 &rarr; <strong>1381</strong><br />(+24 for winning)
|l|back to the summit