|j|☆epic circus
|j|‽NoOneWorseThanMe
|player|p1|epic circus|ethan-gen2|1576
|player|p2|NoOneWorseThanMe|valerie|1572
|teamsize|p1|6
|teamsize|p2|6
|gametype|singles
|gen|5
|tier|[Gen 5] OU
|rated|
|clearpoke
|poke|p1|Abomasnow, M|item
|poke|p1|Kyurem|item
|poke|p1|Magnezone|item
|poke|p1|Dragonite, M|item
|poke|p1|Starmie|item
|poke|p1|Garchomp, F|item
|poke|p2|Abomasnow, F|item
|poke|p2|Gliscor, F|item
|poke|p2|Kyurem|item
|poke|p2|Starmie|item
|poke|p2|Reuniclus, M|item
|poke|p2|Jirachi|item
|rule|Species Clause: Limit one of each Pokémon
|rule|OHKO Clause: OHKO moves are banned
|rule|Moody Clause: Moody is banned
|rule|Evasion Moves Clause: Evasion moves are banned
|rule|Endless Battle Clause: Forcing endless battles is banned
|rule|HP Percentage Mod: HP is shown in percentages
|rule|Evasion Abilities Clause: Evasion abilities are banned
|rule|Baton Pass Clause: Limit one Baton Passer, can't pass Spe and other stats simultaneously
|rule|Sleep Clause: Sleep-inducing moves are banned
|rule|Swagger Clause: Swagger is banned
|teampreview
|
|start
|switch|p1a: Magnezone|Magnezone|100/100
|switch|p2a: Jirachi|Jirachi|100/100
|turn|1
|inactive|Battle timer is ON: inactive players will automatically lose when time's up. (requested by epic circus)
|
|move|p2a: Jirachi|U-turn|p1a: Magnezone
|-resisted|p1a: Magnezone
|-damage|p1a: Magnezone|89/100
|
|switch|p2a: Gliscor|Gliscor, F|100/100|[from]move: U-turn
|move|p1a: Magnezone|Thunder Wave|p2a: Gliscor
|-immune|p2a: Gliscor
|
|-status|p2a: Gliscor|tox|[from] item: Toxic Orb
|upkeep
|turn|2
|
|switch|p1a: Abomasnow|Abomasnow, M|100/100
|-weather|Hail|[from] ability: Snow Warning|[of] p1a: Abomasnow
|move|p2a: Gliscor|Stealth Rock|p1a: Abomasnow
|-sidestart|p1: epic circus|move: Stealth Rock
|
|-weather|Hail|[upkeep]
|-damage|p2a: Gliscor|94/100 tox|[from] Hail
|-heal|p2a: Gliscor|100/100 tox|[from] ability: Poison Heal
|upkeep
|turn|3
|
|switch|p2a: Jirachi|Jirachi|100/100
|move|p1a: Abomasnow|Earthquake|p2a: Jirachi
|-supereffective|p2a: Jirachi
|-damage|p2a: Jirachi|38/100
|
|-weather|Hail|[upkeep]
|-damage|p2a: Jirachi|32/100|[from] Hail
|upkeep
|turn|4
|
|switch|p1a: Magnezone|Magnezone|89/100
|-damage|p1a: Magnezone|83/100|[from] Stealth Rock
|move|p2a: Jirachi|U-turn|p1a: Magnezone
|-resisted|p1a: Magnezone
|-damage|p1a: Magnezone|73/100
|
|switch|p2a: Kyurem|Kyurem|100/100|[from]move: U-turn
|-ability|p2a: Kyurem|Pressure
|
|-weather|Hail|[upkeep]
|-damage|p1a: Magnezone|66/100|[from] Hail
|upkeep
|turn|5
|
|move|p2a: Kyurem|Substitute|p2a: Kyurem
|-start|p2a: Kyurem|Substitute
|-damage|p2a: Kyurem|75/100
|move|p1a: Magnezone|Thunder Wave||[still]
|-fail|p1a: Magnezone
|
|-weather|Hail|[upkeep]
|-damage|p1a: Magnezone|60/100|[from] Hail
|-heal|p2a: Kyurem|82/100|[from] item: Leftovers
|upkeep
|turn|6
|
|move|p2a: Kyurem|Earth Power|p1a: Magnezone
|-supereffective|p1a: Magnezone
|-damage|p1a: Magnezone|0 fnt
|faint|p1a: Magnezone
|
|-weather|Hail|[upkeep]
|-heal|p2a: Kyurem|88/100|[from] item: Leftovers
|upkeep
|
|switch|p1a: Starmie|Starmie|100/100
|-damage|p1a: Starmie|88/100|[from] Stealth Rock
|turn|7
|
|move|p1a: Starmie|Ice Beam|p2a: Kyurem
|-end|p2a: Kyurem|Substitute
|-damage|p1a: Starmie|78/100|[from] item: Life Orb
|move|p2a: Kyurem|Substitute|p2a: Kyurem
|-start|p2a: Kyurem|Substitute
|-damage|p2a: Kyurem|63/100
|
|-weather|Hail|[upkeep]
|-damage|p1a: Starmie|72/100|[from] Hail
|-heal|p2a: Kyurem|69/100|[from] item: Leftovers
|upkeep
|turn|8
|
|move|p1a: Starmie|Ice Beam|p2a: Kyurem
|-end|p2a: Kyurem|Substitute
|-damage|p1a: Starmie|62/100|[from] item: Life Orb
|move|p2a: Kyurem|Substitute|p2a: Kyurem
|-start|p2a: Kyurem|Substitute
|-damage|p2a: Kyurem|44/100
|
|-weather|Hail|[upkeep]
|-damage|p1a: Starmie|56/100|[from] Hail
|-heal|p2a: Kyurem|50/100|[from] item: Leftovers
|upkeep
|turn|9
|
|move|p1a: Starmie|Ice Beam|p2a: Kyurem
|-end|p2a: Kyurem|Substitute
|-damage|p1a: Starmie|46/100|[from] item: Life Orb
|move|p2a: Kyurem|Blizzard|p1a: Starmie
|-resisted|p1a: Starmie
|-damage|p1a: Starmie|0 fnt
|faint|p1a: Starmie
|
|-weather|Hail|[upkeep]
|-heal|p2a: Kyurem|56/100|[from] item: Leftovers
|upkeep
|
|switch|p1a: Kyurem|Kyurem|100/100
|-damage|p1a: Kyurem|76/100|[from] Stealth Rock
|-ability|p1a: Kyurem|Pressure
|turn|10
|
|switch|p2a: Starmie|Starmie|100/100
|move|p1a: Kyurem|Dragon Pulse|p2a: Starmie
|-damage|p2a: Starmie|40/100
|
|-weather|Hail|[upkeep]
|-damage|p2a: Starmie|34/100|[from] Hail
|-heal|p2a: Starmie|40/100|[from] item: Leftovers
|upkeep
|turn|11
|
|move|p1a: Kyurem|Dragon Pulse|p2a: Starmie
|-damage|p2a: Starmie|0 fnt
|faint|p2a: Starmie
|
|-weather|Hail|[upkeep]
|upkeep
|
|switch|p2a: Reuniclus|Reuniclus, M|100/100
|turn|12
|
|switch|p1a: Garchomp|Garchomp, F|100/100
|-damage|p1a: Garchomp|94/100|[from] Stealth Rock
|move|p2a: Reuniclus|Toxic|p1a: Garchomp
|-status|p1a: Garchomp|tox
|
|-weather|Hail|[upkeep]
|-damage|p1a: Garchomp|88/100 tox|[from] Hail
|-damage|p1a: Garchomp|82/100 tox|[from] psn
|upkeep
|turn|13
|
|move|p1a: Garchomp|Stealth Rock|p2a: Reuniclus
|-sidestart|p2: NoOneWorseThanMe|move: Stealth Rock
|move|p2a: Reuniclus|Reflect|p2a: Reuniclus
|-sidestart|p2: NoOneWorseThanMe|Reflect
|
|-weather|Hail|[upkeep]
|-damage|p1a: Garchomp|76/100 tox|[from] Hail
|-damage|p1a: Garchomp|64/100 tox|[from] psn
|upkeep
|turn|14
|
|switch|p1a: Kyurem|Kyurem|76/100
|-damage|p1a: Kyurem|51/100|[from] Stealth Rock
|-ability|p1a: Kyurem|Pressure
|move|p2a: Reuniclus|Psychic|p1a: Kyurem
|-damage|p1a: Kyurem|14/100
|
|-weather|Hail|[upkeep]
|upkeep
|turn|15
|
|switch|p2a: Kyurem|Kyurem|56/100
|-damage|p2a: Kyurem|31/100|[from] Stealth Rock
|-ability|p2a: Kyurem|Pressure
|move|p1a: Kyurem|Ice Beam|p2a: Kyurem
|-damage|p2a: Kyurem|0 fnt
|faint|p2a: Kyurem
|
|-weather|Hail|[upkeep]
|upkeep
|
|switch|p2a: Abomasnow|Abomasnow, F|100/100
|-damage|p2a: Abomasnow|76/100|[from] Stealth Rock
|turn|16
|
|move|p2a: Abomasnow|Ice Shard|p1a: Kyurem
|-damage|p1a: Kyurem|1/100
|move|p1a: Kyurem|Ice Beam|p2a: Abomasnow
|-damage|p2a: Abomasnow|37/100
|
|-weather|Hail|[upkeep]
|-heal|p2a: Abomasnow|43/100|[from] item: Leftovers
|upkeep
|turn|17
|
|move|p2a: Abomasnow|Ice Shard|p1a: Kyurem
|-damage|p1a: Kyurem|0 fnt
|faint|p1a: Kyurem
|
|-weather|Hail|[upkeep]
|-heal|p2a: Abomasnow|49/100|[from] item: Leftovers
|-sideend|p2: NoOneWorseThanMe|Reflect
|upkeep
|
|switch|p1a: Garchomp|Garchomp, F|64/100 tox
|-damage|p1a: Garchomp|57/100 tox|[from] Stealth Rock
|turn|18
|
|move|p2a: Abomasnow|Protect|p2a: Abomasnow
|-singleturn|p2a: Abomasnow|Protect
|move|p1a: Garchomp|Outrage|p2a: Abomasnow
|-activate|p2a: Abomasnow|move: Protect
|
|-weather|Hail|[upkeep]
|-damage|p1a: Garchomp|51/100 tox|[from] Hail
|-heal|p2a: Abomasnow|55/100|[from] item: Leftovers
|-damage|p1a: Garchomp|45/100 tox|[from] psn
|upkeep
|turn|19
|
|switch|p2a: Gliscor|Gliscor, F|100/100 tox
|-damage|p2a: Gliscor|88/100 tox|[from] Stealth Rock
|move|p1a: Garchomp|Outrage|p2a: Gliscor
|-damage|p2a: Gliscor|46/100 tox
|
|-weather|Hail|[upkeep]
|-damage|p1a: Garchomp|39/100 tox|[from] Hail
|-damage|p2a: Gliscor|40/100 tox|[from] Hail
|-damage|p1a: Garchomp|27/100 tox|[from] psn
|-heal|p2a: Gliscor|52/100 tox|[from] ability: Poison Heal
|upkeep
|turn|20
|
|move|p2a: Gliscor|Protect|p2a: Gliscor
|-singleturn|p2a: Gliscor|Protect
|move|p1a: Garchomp|Outrage|p2a: Gliscor|[from]lockedmove
|-activate|p2a: Gliscor|move: Protect
|
|-weather|Hail|[upkeep]
|-damage|p1a: Garchomp|20/100 tox|[from] Hail
|-damage|p2a: Gliscor|46/100 tox|[from] Hail
|-damage|p1a: Garchomp|2/100 tox|[from] psn
|-heal|p2a: Gliscor|59/100 tox|[from] ability: Poison Heal
|upkeep
|turn|21
|
|move|p2a: Gliscor|Protect||[still]
|-fail|p2a: Gliscor
|move|p1a: Garchomp|Outrage|p2a: Gliscor
|-damage|p2a: Gliscor|19/100 tox
|
|-weather|Hail|[upkeep]
|-damage|p1a: Garchomp|0 fnt|[from] Hail
|-damage|p2a: Gliscor|12/100 tox|[from] Hail
|faint|p1a: Garchomp
|-heal|p2a: Gliscor|25/100 tox|[from] ability: Poison Heal
|upkeep
|
|switch|p1a: Dragonite|Dragonite, M|100/100
|-damage|p1a: Dragonite|76/100|[from] Stealth Rock
|turn|22
|
|move|p2a: Gliscor|Ice Fang|p1a: Dragonite
|-supereffective|p1a: Dragonite
|-damage|p1a: Dragonite|11/100
|move|p1a: Dragonite|Dragon Dance|p1a: Dragonite
|-boost|p1a: Dragonite|atk|1
|-boost|p1a: Dragonite|spe|1
|
|-weather|Hail|[upkeep]
|-damage|p1a: Dragonite|5/100|[from] Hail
|-damage|p2a: Gliscor|19/100 tox|[from] Hail
|-heal|p2a: Gliscor|31/100 tox|[from] ability: Poison Heal
|upkeep
|turn|23
|-message|epic circus forfeited.
|
|win|NoOneWorseThanMe
|l|☆epic circus
|raw|epic circus's rating: 1576 &rarr; <strong>1556</strong><br />(-20 for losing)
|raw|NoOneWorseThanMe's rating: 1572 &rarr; <strong>1592</strong><br />(+20 for winning)
