|j|☆supersoftsteel
|j|☆tjx93
|player|p1|supersoftsteel|unknown|1274
|player|p2|tjx93|2|1499
|teamsize|p1|6
|teamsize|p2|6
|gametype|singles
|gen|5
|tier|[Gen 5] OU
|rated|
|clearpoke
|poke|p1|Keldeo-Resolute|item
|poke|p1|Politoed, F|item
|poke|p1|Scizor, M|item
|poke|p1|Thundurus-Therian, M|item
|poke|p1|Ferrothorn, M|item
|poke|p1|Starmie|item
|poke|p2|Rotom-Wash|item
|poke|p2|Mamoswine, M|item
|poke|p2|Magnezone|item
|poke|p2|Landorus-Therian, M|item
|poke|p2|Jirachi|item
|poke|p2|Latios, M|item
|rule|Species Clause: Limit one of each Pokémon
|rule|OHKO Clause: OHKO moves are banned
|rule|Moody Clause: Moody is banned
|rule|Evasion Moves Clause: Evasion moves are banned
|rule|Endless Battle Clause: Forcing endless battles is banned
|rule|HP Percentage Mod: HP is shown in percentages
|rule|Evasion Abilities Clause: Evasion abilities are banned
|rule|Baton Pass Clause: Limit one Baton Passer, can't pass Spe and other stats simultaneously
|rule|Sleep Clause: Sleep-inducing moves are banned
|rule|Swagger Clause: Swagger is banned
|teampreview
|
|start
|switch|p1a: unicorn|Keldeo-Resolute|100/100
|switch|p2a: Latios|Latios, M|100/100
|turn|1
|
|switch|p2a: Magnezone|Magnezone|100/100
|-item|p2a: Magnezone|Air Balloon
|switch|p1a: Ferrothorn|Ferrothorn, M|100/100
|
|upkeep
|turn|2
|c|☆supersoftsteel|wp
|c|☆supersoftsteel|im ngl i came from playing against low ladder ppl who legit dont predict for last 30m
|c|☆supersoftsteel|so
|c|☆supersoftsteel|my brain capacity is very low
|c|☆supersoftsteel|currently
|
|move|p2a: Magnezone|Sunny Day|p2a: Magnezone
|-weather|SunnyDay
|move|p1a: Ferrothorn|Stealth Rock|p2a: Magnezone
|-sidestart|p2: tjx93|move: Stealth Rock
|
|-weather|SunnyDay|[upkeep]
|upkeep
|turn|3
|
|move|p2a: Magnezone|Hidden Power|p1a: Ferrothorn
|-supereffective|p1a: Ferrothorn
|-damage|p1a: Ferrothorn|0 fnt
|faint|p1a: Ferrothorn
|
|-weather|SunnyDay|[upkeep]
|upkeep
|
|switch|p1a: unicorn|Keldeo-Resolute|100/100
|turn|4
|
|switch|p1a: mars|Scizor, M|100/100
|move|p2a: Magnezone|Thunderbolt|p1a: mars
|-damage|p1a: mars|31/100
|
|-weather|SunnyDay|[upkeep]
|upkeep
|turn|5
|
|move|p1a: mars|Superpower|p2a: Magnezone
|-supereffective|p2a: Magnezone
|-damage|p2a: Magnezone|0 fnt
|-unboost|p1a: mars|atk|1
|-unboost|p1a: mars|def|1
|-enditem|p2a: Magnezone|Air Balloon
|faint|p2a: Magnezone
|
|-weather|SunnyDay|[upkeep]
|upkeep
|
|switch|p2a: Jirachi|Jirachi|100/100
|-damage|p2a: Jirachi|94/100|[from] Stealth Rock
|turn|6
|
|switch|p1a: global warming|Politoed, F, shiny|100/100
|-weather|RainDance|[from] ability: Drizzle|[of] p1a: global warming
|move|p2a: Jirachi|Stealth Rock|p1a: global warming
|-sidestart|p1: supersoftsteel|move: Stealth Rock
|
|-weather|RainDance|[upkeep]
|-heal|p2a: Jirachi|100/100|[from] item: Leftovers
|upkeep
|turn|7
|
|move|p2a: Jirachi|U-turn|p1a: global warming
|-damage|p1a: global warming|81/100
|
|switch|p2a: Rotom|Rotom-Wash|100/100|[from]move: U-turn
|-damage|p2a: Rotom|88/100|[from] Stealth Rock
|move|p1a: global warming|Hydro Pump|p2a: Rotom
|-resisted|p2a: Rotom
|-damage|p2a: Rotom|45/100
|
|-weather|RainDance|[upkeep]
|-heal|p2a: Rotom|51/100|[from] item: Leftovers
|upkeep
|turn|8
|
|move|p1a: global warming|Hydro Pump|p2a: Rotom
|-resisted|p2a: Rotom
|-damage|p2a: Rotom|1/100
|move|p2a: Rotom|Hydro Pump|p1a: global warming
|-resisted|p1a: global warming
|-damage|p1a: global warming|46/100
|
|-weather|RainDance|[upkeep]
|-heal|p2a: Rotom|7/100|[from] item: Leftovers
|upkeep
|turn|9
|
|move|p1a: global warming|Hydro Pump|p2a: Rotom
|-resisted|p2a: Rotom
|-damage|p2a: Rotom|0 fnt
|faint|p2a: Rotom
|
|-weather|RainDance|[upkeep]
|upkeep
|
|switch|p2a: Latios|Latios, M|100/100
|-damage|p2a: Latios|88/100|[from] Stealth Rock
|turn|10
|
|move|p2a: Latios|Dragon Pulse|p1a: global warming
|-damage|p1a: global warming|0 fnt
|faint|p1a: global warming
|
|-weather|RainDance|[upkeep]
|upkeep
|
|switch|p1a: unicorn|Keldeo-Resolute|100/100
|-damage|p1a: unicorn|94/100|[from] Stealth Rock
|turn|11
|
|move|p2a: Latios|Dragon Pulse|p1a: unicorn
|-damage|p1a: unicorn|14/100
|move|p1a: unicorn|Hydro Pump|p2a: Latios
|-resisted|p2a: Latios
|-crit|p2a: Latios
|-damage|p2a: Latios|0 fnt
|faint|p2a: Latios
|
|-weather|RainDance|[upkeep]
|upkeep
|
|switch|p2a: Landorus|Landorus-Therian, M|100/100
|-damage|p2a: Landorus|88/100|[from] Stealth Rock
|-ability|p2a: Landorus|Intimidate|boost
|-unboost|p1a: unicorn|atk|1
|turn|12
|
|move|p2a: Landorus|U-turn|p1a: unicorn
|-resisted|p1a: unicorn
|-damage|p1a: unicorn|0 fnt
|faint|p1a: unicorn
|
|switch|p2a: Jirachi|Jirachi|100/100|[from]move: U-turn
|-damage|p2a: Jirachi|94/100|[from] Stealth Rock
|
|-weather|RainDance|[upkeep]
|-heal|p2a: Jirachi|100/100|[from] item: Leftovers
|upkeep
|
|switch|p1a: Thundurus|Thundurus-Therian, M|100/100
|-damage|p1a: Thundurus|76/100|[from] Stealth Rock
|turn|13
|
|move|p1a: Thundurus|Thunder|p2a: Jirachi
|-damage|p2a: Jirachi|57/100
|move|p2a: Jirachi|Icy Wind|p1a: Thundurus
|-supereffective|p1a: Thundurus
|-enditem|p1a: Thundurus|Yache Berry|[eat]
|-enditem|p1a: Thundurus|Yache Berry|[weaken]
|-damage|p1a: Thundurus|59/100
|-unboost|p1a: Thundurus|spe|1
|
|-weather|RainDance|[upkeep]
|-heal|p2a: Jirachi|64/100|[from] item: Leftovers
|upkeep
|turn|14
|
|move|p2a: Jirachi|Icy Wind|p1a: Thundurus
|-supereffective|p1a: Thundurus
|-damage|p1a: Thundurus|27/100
|-unboost|p1a: Thundurus|spe|1
|move|p1a: Thundurus|Thunder|p2a: Jirachi
|-damage|p2a: Jirachi|14/100
|
|-weather|RainDance|[upkeep]
|-heal|p2a: Jirachi|20/100|[from] item: Leftovers
|upkeep
|turn|15
|
|move|p2a: Jirachi|Icy Wind|p1a: Thundurus
|-supereffective|p1a: Thundurus
|-damage|p1a: Thundurus|0 fnt
|faint|p1a: Thundurus
|
|-weather|RainDance|[upkeep]
|-heal|p2a: Jirachi|26/100|[from] item: Leftovers
|upkeep
|
|switch|p1a: shooting star|Starmie|100/100
|-damage|p1a: shooting star|88/100|[from] Stealth Rock
|turn|16
|
|move|p1a: shooting star|Hydro Pump|p2a: Jirachi
|-damage|p2a: Jirachi|0 fnt
|faint|p2a: Jirachi
|
|-weather|RainDance|[upkeep]
|upkeep
|
|switch|p2a: Landorus|Landorus-Therian, M|88/100
|-damage|p2a: Landorus|76/100|[from] Stealth Rock
|-ability|p2a: Landorus|Intimidate|boost
|-unboost|p1a: shooting star|atk|1
|turn|17
|
|move|p1a: shooting star|Hydro Pump|p2a: Landorus
|-supereffective|p2a: Landorus
|-crit|p2a: Landorus
|-damage|p2a: Landorus|0 fnt
|faint|p2a: Landorus
|
|-weather|RainDance|[upkeep]
|upkeep
|
|switch|p2a: Mamoswine|Mamoswine, M|100/100
|-damage|p2a: Mamoswine|88/100|[from] Stealth Rock
|turn|18
|
|move|p1a: shooting star|Hydro Pump|p2a: Mamoswine
|-supereffective|p2a: Mamoswine
|-damage|p2a: Mamoswine|0 fnt
|faint|p2a: Mamoswine
|
|win|supersoftsteel
|raw|supersoftsteel's rating: 1274 &rarr; <strong>1314</strong><br />(+40 for winning)
|raw|tjx93's rating: 1499 &rarr; <strong>1468</strong><br />(-31 for losing)
|l|☆tjx93
