|j|☆JeffIsGay69420
|j|☆PeeceNLuv5
|t:|1732906328
|gametype|singles
|player|p1|JeffIsGay69420|may-contest|1413
|player|p2|PeeceNLuv5|pokefan-gen4|1464
|teamsize|p1|6
|teamsize|p2|6
|gen|5
|tier|[Gen 5] OU
|rated|
|rule|Species Clause: Limit one of each Pokémon
|rule|OHKO Clause: OHKO moves are banned
|rule|Moody Clause: Moody is banned
|rule|Evasion Items Clause: Evasion items are banned
|rule|Evasion Moves Clause: Evasion moves are banned
|rule|Endless Battle Clause: Forcing endless battles is banned
|rule|HP Percentage Mod: HP is shown in percentages
|rule|Evasion Abilities Clause: Evasion abilities are banned
|rule|Sleep Moves Clause: Sleep-inducing moves are banned
|rule|Swagger Clause: Swagger is banned
|rule|Baton Pass Stat Clause: No Baton Passer may have a way to boost its stats
|clearpoke
|poke|p1|Tyranitar, F|item
|poke|p1|Excadrill, F|item
|poke|p1|Latios, M|item
|poke|p1|Skarmory, F|item
|poke|p1|Slowking, M|item
|poke|p1|Alakazam, F|item
|poke|p2|Latias, F|item
|poke|p2|Jirachi|item
|poke|p2|Kyurem-Black|item
|poke|p2|Latios, M|item
|poke|p2|Garchomp, M|item
|poke|p2|Magneton|item
|teampreview
|
|t:|1732906342
|start
|switch|p1a: Excadrill|Excadrill, F, shiny|100/100
|switch|p2a: Kyurem|Kyurem-Black|100/100
|-ability|p1a: Excadrill|Mold Breaker
|-ability|p2a: Kyurem|Teravolt
|turn|1
|
|t:|1732906351
|move|p1a: Excadrill|Stealth Rock|p2a: Kyurem
|-sidestart|p2: PeeceNLuv5|move: Stealth Rock
|move|p2a: Kyurem|Earth Power|p1a: Excadrill
|-supereffective|p1a: Excadrill
|-damage|p1a: Excadrill|0 fnt
|faint|p1a: Excadrill
|-damage|p2a: Kyurem|91/100|[from] item: Life Orb
|
|upkeep
|
|t:|1732906358
|switch|p1a: Tyranitar|Tyranitar, F|100/100
|-weather|Sandstorm|[from] ability: Sand Stream|[of] p1a: Tyranitar
|turn|2
|
|t:|1732906364
|switch|p2a: Garchomp|Garchomp, M|100/100
|-damage|p2a: Garchomp|94/100|[from] Stealth Rock
|move|p1a: Tyranitar|Stone Edge|p2a: Garchomp
|-resisted|p2a: Garchomp
|-crit|p2a: Garchomp
|-damage|p2a: Garchomp|45/100
|
|-weather|Sandstorm|[upkeep]
|upkeep
|turn|3
|
|t:|1732906369
|switch|p2a: Kyurem|Kyurem-Black|91/100
|-damage|p2a: Kyurem|66/100|[from] Stealth Rock
|-ability|p2a: Kyurem|Teravolt
|move|p1a: Tyranitar|Superpower|p2a: Kyurem
|-supereffective|p2a: Kyurem
|-damage|p2a: Kyurem|0 fnt
|-unboost|p1a: Tyranitar|atk|1
|-unboost|p1a: Tyranitar|def|1
|faint|p2a: Kyurem
|
|-weather|Sandstorm|[upkeep]
|upkeep
|
|t:|1732906369
|switch|p2a: Jirachi|Jirachi|100/100
|-damage|p2a: Jirachi|94/100|[from] Stealth Rock
|turn|4
|
|t:|1732906373
|switch|p1a: Slowking|Slowking, M|100/100
|move|p2a: Jirachi|Stealth Rock|p1a: Slowking
|-sidestart|p1: JeffIsGay69420|move: Stealth Rock
|
|-weather|Sandstorm|[upkeep]
|-damage|p1a: Slowking|94/100|[from] Sandstorm
|-heal|p2a: Jirachi|100/100|[from] item: Leftovers
|-heal|p1a: Slowking|100/100|[from] item: Leftovers
|upkeep
|turn|5
|
|t:|1732906376
|move|p2a: Jirachi|Body Slam|p1a: Slowking
|-damage|p1a: Slowking|82/100
|-status|p1a: Slowking|par
|move|p1a: Slowking|Dragon Tail|p2a: Jirachi
|-resisted|p2a: Jirachi
|-damage|p2a: Jirachi|97/100
|drag|p2a: Magneton|Magneton|100/100
|-damage|p2a: Magneton|94/100|[from] Stealth Rock
|
|-weather|Sandstorm|[upkeep]
|-damage|p1a: Slowking|76/100 par|[from] Sandstorm
|-heal|p1a: Slowking|82/100 par|[from] item: Leftovers
|upkeep
|turn|6
|
|t:|1732906382
|switch|p1a: Tyranitar|Tyranitar, F|100/100
|-damage|p1a: Tyranitar|88/100|[from] Stealth Rock
|move|p2a: Magneton|Thunderbolt|p1a: Tyranitar
|-damage|p1a: Tyranitar|65/100
|
|-weather|Sandstorm|[upkeep]
|upkeep
|turn|7
|
|t:|1732906391
|switch|p2a: Jirachi|Jirachi|97/100
|-damage|p2a: Jirachi|90/100|[from] Stealth Rock
|move|p1a: Tyranitar|Superpower|p2a: Jirachi
|-damage|p2a: Jirachi|56/100
|-unboost|p1a: Tyranitar|atk|1
|-unboost|p1a: Tyranitar|def|1
|
|-weather|Sandstorm|[upkeep]
|-heal|p2a: Jirachi|62/100|[from] item: Leftovers
|upkeep
|turn|8
|
|t:|1732906396
|move|p2a: Jirachi|U-turn|p1a: Tyranitar
|-supereffective|p1a: Tyranitar
|-damage|p1a: Tyranitar|29/100
|
|t:|1732906406
|switch|p2a: Garchomp|Garchomp, M|45/100|[from] U-turn
|-damage|p2a: Garchomp|38/100|[from] Stealth Rock
|move|p1a: Tyranitar|Crunch|p2a: Garchomp
|-damage|p2a: Garchomp|13/100
|-damage|p1a: Tyranitar|16/100|[from] ability: Rough Skin|[of] p2a: Garchomp
|
|-weather|Sandstorm|[upkeep]
|upkeep
|turn|9
|
|t:|1732906413
|move|p2a: Garchomp|Outrage|p1a: Tyranitar
|-damage|p1a: Tyranitar|0 fnt
|faint|p1a: Tyranitar
|
|-weather|Sandstorm|[upkeep]
|upkeep
|
|t:|1732906416
|switch|p1a: Skarmory|Skarmory, F|100/100
|-damage|p1a: Skarmory|88/100|[from] Stealth Rock
|turn|10
|
|t:|1732906417
|move|p2a: Garchomp|Outrage|p1a: Skarmory|[from]lockedmove
|-resisted|p1a: Skarmory
|-damage|p1a: Skarmory|63/100
|move|p1a: Skarmory|Spikes|p2a: Garchomp
|-sidestart|p2: PeeceNLuv5|Spikes
|
|-weather|Sandstorm|[upkeep]
|-heal|p1a: Skarmory|69/100|[from] item: Leftovers
|upkeep
|turn|11
|
|t:|1732906422
|move|p2a: Garchomp|Outrage|p1a: Skarmory|[from]lockedmove
|-resisted|p1a: Skarmory
|-damage|p1a: Skarmory|43/100
|-start|p2a: Garchomp|confusion|[fatigue]
|move|p1a: Skarmory|Spikes|p2a: Garchomp
|-sidestart|p2: PeeceNLuv5|Spikes
|
|-weather|Sandstorm|[upkeep]
|-heal|p1a: Skarmory|49/100|[from] item: Leftovers
|upkeep
|turn|12
|
|t:|1732906426
|-activate|p2a: Garchomp|confusion
|-damage|p2a: Garchomp|0 fnt|[from] confusion
|faint|p2a: Garchomp
|move|p1a: Skarmory|Roost|p1a: Skarmory
|-heal|p1a: Skarmory|99/100
|-singleturn|p1a: Skarmory|move: Roost
|
|-weather|Sandstorm|[upkeep]
|-heal|p1a: Skarmory|100/100|[from] item: Leftovers
|upkeep
|
|t:|1732906429
|switch|p2a: Magneton|Magneton|94/100
|-damage|p2a: Magneton|88/100|[from] Stealth Rock
|-damage|p2a: Magneton|71/100|[from] Spikes
|turn|13
|
|t:|1732906435
|move|p2a: Magneton|Thunderbolt|p1a: Skarmory
|-supereffective|p1a: Skarmory
|-damage|p1a: Skarmory|17/100
|move|p1a: Skarmory|Whirlwind|p2a: Magneton
|drag|p2a: Latias|Latias, F|100/100
|-damage|p2a: Latias|88/100|[from] Stealth Rock
|
|-weather|Sandstorm|[upkeep]
|-damage|p2a: Latias|82/100|[from] Sandstorm
|-heal|p1a: Skarmory|23/100|[from] item: Leftovers
|upkeep
|turn|14
|
|t:|1732906439
|switch|p1a: Slowking|Slowking, M|100/100 par
|-damage|p1a: Slowking|88/100 par|[from] Stealth Rock
|move|p2a: Latias|Dragon Pulse|p1a: Slowking
|-damage|p1a: Slowking|44/100 par
|
|-weather|Sandstorm|[upkeep]
|-damage|p2a: Latias|76/100|[from] Sandstorm
|-damage|p1a: Slowking|38/100 par|[from] Sandstorm
|-heal|p1a: Slowking|44/100 par|[from] item: Leftovers
|upkeep
|turn|15
|
|t:|1732906447
|move|p2a: Latias|Dragon Pulse|p1a: Slowking
|-damage|p1a: Slowking|5/100 par
|move|p1a: Slowking|Dragon Tail|p2a: Latias
|-supereffective|p2a: Latias
|-damage|p2a: Latias|54/100
|drag|p2a: Jirachi|Jirachi|62/100
|-damage|p2a: Jirachi|56/100|[from] Stealth Rock
|-damage|p2a: Jirachi|39/100|[from] Spikes
|
|-weather|Sandstorm|[upkeep]
|-damage|p1a: Slowking|0 fnt|[from] Sandstorm
|faint|p1a: Slowking
|-heal|p2a: Jirachi|45/100|[from] item: Leftovers
|upkeep
|
|t:|1732906455
|switch|p1a: Latios|Latios, M, shiny|100/100
|-damage|p1a: Latios|88/100|[from] Stealth Rock
|turn|16
|inactive|Battle timer is ON: inactive players will automatically lose when time's up. (requested by JeffIsGay69420)
|
|t:|1732906507
|move|p1a: Latios|Surf|p2a: Jirachi
|-damage|p2a: Jirachi|23/100
|move|p2a: Jirachi|Body Slam|p1a: Latios
|-damage|p1a: Latios|59/100
|
|-weather|Sandstorm|[upkeep]
|-damage|p1a: Latios|53/100|[from] Sandstorm
|-heal|p2a: Jirachi|29/100|[from] item: Leftovers
|upkeep
|turn|17
|
|t:|1732906512
|move|p1a: Latios|Surf|p2a: Jirachi
|-damage|p2a: Jirachi|7/100
|move|p2a: Jirachi|Body Slam|p1a: Latios
|-damage|p1a: Latios|25/100
|
|-weather|Sandstorm|[upkeep]
|-damage|p1a: Latios|19/100|[from] Sandstorm
|-heal|p2a: Jirachi|13/100|[from] item: Leftovers
|upkeep
|turn|18
|
|t:|1732906514
|move|p1a: Latios|Surf|p2a: Jirachi
|-damage|p2a: Jirachi|0 fnt
|faint|p2a: Jirachi
|
|-weather|Sandstorm|[upkeep]
|-damage|p1a: Latios|13/100|[from] Sandstorm
|upkeep
|
|t:|1732906517
|switch|p2a: Latios|Latios, M|100/100
|-damage|p2a: Latios|88/100|[from] Stealth Rock
|turn|19
|
|t:|1732906519
|move|p2a: Latios|Surf|p1a: Latios
|-resisted|p1a: Latios
|-damage|p1a: Latios|0 fnt
|faint|p1a: Latios
|
|-weather|Sandstorm|[upkeep]
|-damage|p2a: Latios|82/100|[from] Sandstorm
|upkeep
|
|t:|1732906525
|switch|p1a: Skarmory|Skarmory, F|23/100
|-damage|p1a: Skarmory|11/100|[from] Stealth Rock
|turn|20
|
|t:|1732906526
|move|p2a: Latios|Surf|p1a: Skarmory
|-damage|p1a: Skarmory|0 fnt
|faint|p1a: Skarmory
|
|-weather|Sandstorm|[upkeep]
|-damage|p2a: Latios|76/100|[from] Sandstorm
|upkeep
|
|t:|1732906528
|switch|p1a: Alakazam|Alakazam, F|100/100
|turn|21
|
|t:|1732906530
|move|p2a: Latios|Surf|p1a: Alakazam
|-damage|p1a: Alakazam|52/100
|move|p1a: Alakazam|Shadow Ball|p2a: Latios
|-supereffective|p2a: Latios
|-damage|p2a: Latios|11/100
|
|-weather|Sandstorm|[upkeep]
|-damage|p2a: Latios|5/100|[from] Sandstorm
|upkeep
|turn|22
|
|t:|1732906532
|move|p2a: Latios|Surf|p1a: Alakazam
|-damage|p1a: Alakazam|5/100
|move|p1a: Alakazam|Shadow Ball|p2a: Latios
|-supereffective|p2a: Latios
|-damage|p2a: Latios|0 fnt
|faint|p2a: Latios
|
|-weather|Sandstorm|[upkeep]
|upkeep
|
|t:|1732906534
|switch|p2a: Magneton|Magneton|71/100
|-damage|p2a: Magneton|65/100|[from] Stealth Rock
|-damage|p2a: Magneton|49/100|[from] Spikes
|turn|23
|
|t:|1732906536
|move|p2a: Magneton|Thunderbolt|p1a: Alakazam
|-damage|p1a: Alakazam|0 fnt
|faint|p1a: Alakazam
|
|win|PeeceNLuv5
|raw|JeffIsGay69420's rating: 1413 &rarr; <strong>1396</strong><br />(-17 for losing)
|raw|PeeceNLuv5's rating: 1464 &rarr; <strong>1481</strong><br />(+17 for winning)
