|join|bluri
|join|IronBullet93
|player|p1|bluri|291
|player|p2|IronBullet93|66
|gametype|singles
|gen|5
|tier|[Gen 5] OU
|rated
|rule|Evasion Abilities Clause: Evasion abilities are banned
|clearpoke
|poke|p1|Jirachi
|poke|p1|Garchomp, F
|poke|p1|Terrakion
|poke|p1|Latios, M
|poke|p1|Breloom, M
|poke|p1|Tyranitar, F
|poke|p2|Landorus-Therian, M
|poke|p2|Breloom, M
|poke|p2|Heatran, F
|poke|p2|Rotom-Wash
|poke|p2|Scizor, F
|poke|p2|Latias, F
|rule|Sleep Clause Mod: Limit one foe put to sleep
|rule|Species Clause: Limit one of each Pokémon
|rule|OHKO Clause: OHKO moves are banned
|rule|Moody Clause: Moody is banned
|rule|Evasion Moves Clause: Evasion moves are banned
|rule|Endless Battle Clause: Forcing endless battles is banned
|rule|HP Percentage Mod: HP is reported as percentages
|teampreview
|
|start
|switch|p1a: Jirachi|Jirachi|341/341
|switch|p2a: Rotom-Wash|Rotom-Wash|303/303
|turn|1
|
|switch|p1a: Garchomp|Garchomp, F|357/357
|move|p2a: Rotom-Wash|Will-O-Wisp|p1a: Garchomp|[miss]
|-miss|p2a: Rotom-Wash|p1a: Garchomp
|
|turn|2
|
|switch|p2a: Landorus-Therian|Landorus-Therian, M|381/381
|-ability|p2a: Landorus-Therian|Intimidate|[of] p1a: Garchomp
|-unboost|p1a: Garchomp|atk|1
|move|p1a: Garchomp|Stealth Rock|p2a: Landorus-Therian
|-sidestart|p2: IronBullet93|move: Stealth Rock
|
|turn|3
|
|move|p1a: Garchomp|Draco Meteor|p2a: Landorus-Therian
|-damage|p2a: Landorus-Therian|92/381
|-unboost|p1a: Garchomp|spa|2
|-damage|p1a: Garchomp|322/357|[from] item: Life Orb
|move|p2a: Landorus-Therian|Stealth Rock|p1a: Garchomp
|-sidestart|p1: bluri|move: Stealth Rock
|
|-heal|p2a: Landorus-Therian|115/381|[from] item: Leftovers
|turn|4
|
|switch|p2a: Scizor|Scizor, F|343/343
|-damage|p2a: Scizor|301/343|[from] Stealth Rock
|move|p1a: Garchomp|Draco Meteor|p2a: Scizor
|-resisted|p2a: Scizor
|-damage|p2a: Scizor|237/343
|-unboost|p1a: Garchomp|spa|2
|-damage|p1a: Garchomp|287/357|[from] item: Life Orb
|
|turn|5
|
|move|p1a: Garchomp|Fire Blast|p2a: Scizor
|-supereffective|p2a: Scizor
|-damage|p2a: Scizor|39/343
|-status|p2a: Scizor|brn
|-damage|p1a: Garchomp|252/357|[from] item: Life Orb
|move|p2a: Scizor|U-turn|p1a: Garchomp
|-damage|p1a: Garchomp|152/357
|-damage|p2a: Scizor|0 fnt|[from] ability: Rough Skin|[of] p1a: Garchomp
|faint|p2a: Scizor
|
|
|switch|p2a: Latias|Latias, F|364/364
|-damage|p2a: Latias|319/364|[from] Stealth Rock
|turn|6
|
|switch|p1a: Tyranitar|Tyranitar, F|341/341
|-damage|p1a: Tyranitar|299/341|[from] Stealth Rock
|-weather|Sandstorm|[from] ability: Sand Stream|[of] p1a: Tyranitar
|move|p2a: Latias|Dragon Pulse|p1a: Tyranitar
|-damage|p1a: Tyranitar|211/341
|
|-weather|Sandstorm|[upkeep]
|-damage|p2a: Latias|297/364|[from] sandstorm
|-heal|p2a: Latias|319/364|[from] item: Leftovers
|turn|7
|
|move|p1a: Tyranitar|Pursuit|p2a: Latias|[from]Pursuit
|-supereffective|p2a: Latias
|-damage|p2a: Latias|0 fnt
|faint|p2a: Latias
|
|-weather|Sandstorm|[upkeep]
|
|switch|p2a: Breloom|Breloom, M|264/264
|-damage|p2a: Breloom|248/264|[from] Stealth Rock
|turn|8
|
|switch|p1a: Latios|Latios, M|302/302
|-damage|p1a: Latios|265/302|[from] Stealth Rock
|move|p2a: Breloom|Spore|p1a: Latios
|-status|p1a: Latios|slp
|
|-weather|Sandstorm|[upkeep]
|-damage|p1a: Latios|247/302 slp|[from] sandstorm
|-damage|p2a: Breloom|232/264|[from] sandstorm
|-status|p2a: Breloom|tox|[from] item: Toxic Orb
|turn|9
|
|switch|p1a: Jirachi|Jirachi|341/341
|-damage|p1a: Jirachi|320/341|[from] Stealth Rock
|move|p2a: Breloom|Substitute|p2a: Breloom
|-start|p2a: Breloom|Substitute
|-damage|p2a: Breloom|166/264 tox
|
|-weather|Sandstorm|[upkeep]
|-damage|p2a: Breloom|150/264 tox|[from] sandstorm
|-heal|p2a: Breloom|183/264 tox|[from] ability: Poison Heal
|turn|10
|
|-singleturn|p2a: Breloom|move: Focus Punch
|move|p1a: Jirachi|Ice Punch|p2a: Breloom
|-supereffective|p2a: Breloom
|-end|p2a: Breloom|Substitute
|move|p2a: Breloom|Focus Punch|p1a: Jirachi
|-damage|p1a: Jirachi|22/341
|
|-weather|Sandstorm|[upkeep]
|-damage|p2a: Breloom|167/264 tox|[from] sandstorm
|-heal|p2a: Breloom|200/264 tox|[from] ability: Poison Heal
|turn|11
|
|switch|p2a: Heatran|Heatran, F|351/351
|-damage|p2a: Heatran|308/351|[from] Stealth Rock
|move|p1a: Jirachi|Ice Punch|p2a: Heatran
|-resisted|p2a: Heatran
|-damage|p2a: Heatran|290/351
|-status|p2a: Heatran|frz
|
|-weather|Sandstorm|[upkeep]
|turn|12
|
|switch|p1a: Garchomp|Garchomp, F|152/357
|-damage|p1a: Garchomp|130/357|[from] Stealth Rock
|cant|p2a: Heatran|frz
|
|-weather|Sandstorm|[upkeep]
|turn|13
|
|-curestatus|p2a: Heatran|frz
|move|p2a: Heatran|Flamethrower|p1a: Garchomp
|-resisted|p1a: Garchomp
|-damage|p1a: Garchomp|16/357
|move|p1a: Garchomp|Earthquake|p2a: Heatran
|-supereffective|p2a: Heatran
|-damage|p2a: Heatran|0 fnt
|-damage|p1a: Garchomp|0 fnt|[from] item: Life Orb
|faint|p2a: Heatran
|faint|p1a: Garchomp
|
|-weather|Sandstorm|[upkeep]
|
|switch|p1a: Terrakion|Terrakion|323/323
|-damage|p1a: Terrakion|303/323|[from] Stealth Rock
|switch|p2a: Landorus-Therian|Landorus-Therian, M|115/381
|-damage|p2a: Landorus-Therian|68/381|[from] Stealth Rock
|-ability|p2a: Landorus-Therian|Intimidate|[of] p1a: Terrakion
|-unboost|p1a: Terrakion|atk|1
|turn|14
|
|move|p1a: Terrakion|Stone Edge|p2a: Landorus-Therian
|-damage|p2a: Landorus-Therian|0 fnt
|-damage|p1a: Terrakion|271/323|[from] item: Life Orb
|faint|p2a: Landorus-Therian
|
|-weather|Sandstorm|[upkeep]
|
|switch|p2a: Rotom-Wash|Rotom-Wash|303/303
|-damage|p2a: Rotom-Wash|266/303|[from] Stealth Rock
|turn|15
|
|switch|p1a: Jirachi|Jirachi|22/341
|-damage|p1a: Jirachi|1/341|[from] Stealth Rock
|move|p2a: Rotom-Wash|Will-O-Wisp|p1a: Jirachi
|-status|p1a: Jirachi|brn
|
|-weather|Sandstorm|[upkeep]
|-damage|p2a: Rotom-Wash|248/303|[from] sandstorm
|-heal|p2a: Rotom-Wash|266/303|[from] item: Leftovers
|-damage|p1a: Jirachi|0 fnt|[from] brn
|faint|p1a: Jirachi
|
|switch|p1a: Terrakion|Terrakion|271/323
|-damage|p1a: Terrakion|251/323|[from] Stealth Rock
|turn|16
|
|move|p1a: Terrakion|Swords Dance|p1a: Terrakion
|-boost|p1a: Terrakion|atk|2
|move|p2a: Rotom-Wash|Hydro Pump|p1a: Terrakion
|-supereffective|p1a: Terrakion
|-damage|p1a: Terrakion|17/323
|
|-weather|Sandstorm|[upkeep]
|-damage|p2a: Rotom-Wash|248/303|[from] sandstorm
|-heal|p2a: Rotom-Wash|266/303|[from] item: Leftovers
|turn|17
|
|move|p1a: Terrakion|Close Combat|p2a: Rotom-Wash
|-damage|p2a: Rotom-Wash|0 fnt
|-unboost|p1a: Terrakion|def|1
|-unboost|p1a: Terrakion|spd|1
|-damage|p1a: Terrakion|0 fnt|[from] item: Life Orb
|faint|p2a: Rotom-Wash
|faint|p1a: Terrakion
|
|-weather|Sandstorm|[upkeep]
|
|switch|p1a: Tyranitar|Tyranitar, F|211/341
|-damage|p1a: Tyranitar|169/341|[from] Stealth Rock
|switch|p2a: Breloom|Breloom, M|200/264 tox
|-damage|p2a: Breloom|184/264 tox|[from] Stealth Rock
|turn|18
|
|move|p1a: Tyranitar|Ice Beam|p2a: Breloom
|-supereffective|p2a: Breloom
|-damage|p2a: Breloom|0 fnt
|faint|p2a: Breloom
|
|win|bluri
|raw|Ladder updating...
|raw|bluri's rating: 1445 &rarr; <strong>1461</strong><br />(+16 for winning)
|raw|IronBullet93's rating: 1366 &rarr; <strong>1350</strong><br />(-16 for losing)
|leave|IronBullet93
|player|p2