|join|dark voice
|join|GbColo
|player|p1|dark voice|265
|player|p2|GbColo|25
|gametype|singles
|gen|5
|tier|[Gen 5] OU
|rated
|rule|Evasion Abilities Clause: Evasion abilities are banned
|clearpoke
|poke|p1|Latios, M
|poke|p1|Jirachi
|poke|p1|Skarmory, F
|poke|p1|Tyranitar, M
|poke|p1|Starmie
|poke|p1|Conkeldurr, F
|poke|p2|Lucario, M
|poke|p2|Conkeldurr, M
|poke|p2|Metagross
|poke|p2|Haxorus, F
|poke|p2|Latios, M
|poke|p2|Skarmory, F
|rule|Sleep Clause Mod: Limit one foe put to sleep
|rule|Species Clause: Limit one of each Pokemon
|rule|OHKO Clause: OHKO moves are banned
|rule|Moody Clause: Moody is banned
|rule|Evasion Moves Clause: Evasion moves are banned
|rule|Endless Battle Clause: Forcing endless battles is banned.
|rule|HP Percentage Mod: HP is reported as percentages
|teampreview
|chat|dark voice|hi
|chat|dark voice|hf
|
|start
|switch|p1a: Jirachi|Jirachi|341/341
|switch|p2a: Skarmory|Skarmory, F|271/271
|turn|1
|chat|GbColo|U2
|
|move|p1a: Jirachi|Ice Punch|p2a: Skarmory
|-damage|p2a: Skarmory|220/271
|move|p2a: Skarmory|Stealth Rock|p1a: Jirachi
|-sidestart|p1: dark voice|move: Stealth Rock
|
|turn|2
|
|move|p1a: Jirachi|Ice Punch|p2a: Skarmory
|-damage|p2a: Skarmory|164/271
|move|p2a: Skarmory|Spikes|p1a: Jirachi
|-sidestart|p1: dark voice|Spikes
|
|turn|3
|
|move|p1a: Jirachi|Ice Punch|p2a: Skarmory
|-damage|p2a: Skarmory|107/271
|-status|p2a: Skarmory|frz
|cant|p2a: Skarmory|frz
|
|turn|4
|
|switch|p1a: Starmie|Starmie|324/324
|-damage|p1a: Starmie|284/324|[from] Stealth Rock
|-damage|p1a: Starmie|244/324|[from] Spikes
|cant|p2a: Skarmory|frz
|
|-heal|p1a: Starmie|264/324|[from] item: Leftovers
|turn|5
|
|switch|p2a: Metagross|Metagross|329/329
|move|p1a: Starmie|Rapid Spin|p2a: Metagross
|-resisted|p2a: Metagross
|-damage|p2a: Metagross|324/329
|-sideend|p1: dark voice|Spikes|[from] move: Rapid Spin|[of] p1a: Starmie
|-sideend|p1: dark voice|Stealth Rock|[from] move: Rapid Spin|[of] p1a: Starmie
|
|-heal|p1a: Starmie|284/324|[from] item: Leftovers
|-heal|p2a: Metagross|329/329|[from] item: Leftovers
|turn|6
|
|switch|p1a: Skarmory|Skarmory, F|334/334
|move|p2a: Metagross|Agility|p2a: Metagross
|-boost|p2a: Metagross|spe|2
|
|turn|7
|
|move|p2a: Metagross|Thunder Punch|p1a: Skarmory
|-supereffective|p1a: Skarmory
|-damage|p1a: Skarmory|222/334
|-damage|p2a: Metagross|275/329|[from] item: Rocky Helmet|[of] p1a: Skarmory
|move|p1a: Skarmory|Spikes|p2a: Metagross
|-sidestart|p2: GbColo|Spikes
|
|-heal|p2a: Metagross|295/329|[from] item: Leftovers
|turn|8
|
|move|p2a: Metagross|Meteor Mash|p1a: Skarmory
|-resisted|p1a: Skarmory
|-damage|p1a: Skarmory|167/334
|-damage|p2a: Metagross|241/329|[from] item: Rocky Helmet|[of] p1a: Skarmory
|-boost|p2a: Metagross|atk|1
|move|p1a: Skarmory|Roost|p1a: Skarmory
|-heal|p1a: Skarmory|334/334
|
|-heal|p2a: Metagross|261/329|[from] item: Leftovers
|turn|9
|
|move|p2a: Metagross|Agility|p2a: Metagross
|-boost|p2a: Metagross|spe|2
|move|p1a: Skarmory|Whirlwind|p2a: Metagross
|drag|p2a: Haxorus|Haxorus, F|294/294
|-damage|p2a: Haxorus|258/294|[from] Spikes
|-ability|p2a: Haxorus|Mold Breaker
|
|turn|10
|
|move|p2a: Haxorus|Low Kick|p1a: Skarmory
|-damage|p1a: Skarmory|271/334
|-damage|p2a: Haxorus|209/294|[from] item: Rocky Helmet|[of] p1a: Skarmory
|move|p1a: Skarmory|Spikes|p2a: Haxorus
|-sidestart|p2: GbColo|Spikes
|
|turn|11
|
|switch|p2a: Latios|Latios, M|301/301
|move|p1a: Skarmory|Spikes|p2a: Latios
|-sidestart|p2: GbColo|Spikes
|
|turn|12
|
|switch|p1a: Tyranitar|Tyranitar, M|404/404
|-weather|Sandstorm|[from] ability: Sand Stream|[of] p1a: Tyranitar
|move|p2a: Latios|Hidden Power|p1a: Tyranitar
|-resisted|p1a: Tyranitar
|-damage|p1a: Tyranitar|378/404
|-damage|p2a: Latios|271/301|[from] item: Life Orb
|
|-weather|Sandstorm|[upkeep]
|-damage|p2a: Latios|253/301|[from] sandstorm
|-heal|p1a: Tyranitar|403/404|[from] item: Leftovers
|turn|13
|
|move|p2a: Latios|Surf|p1a: Tyranitar
|-supereffective|p1a: Tyranitar
|-damage|p1a: Tyranitar|252/404
|-damage|p2a: Latios|223/301|[from] item: Life Orb
|move|p1a: Tyranitar|Pursuit|p2a: Latios
|-supereffective|p2a: Latios
|-damage|p2a: Latios|61/301
|
|-weather|Sandstorm|[upkeep]
|-damage|p2a: Latios|43/301|[from] sandstorm
|-heal|p1a: Tyranitar|277/404|[from] item: Leftovers
|turn|14
|
|move|p2a: Latios|Surf|p1a: Tyranitar
|-supereffective|p1a: Tyranitar
|-damage|p1a: Tyranitar|121/404
|-damage|p2a: Latios|13/301|[from] item: Life Orb
|move|p1a: Tyranitar|Stealth Rock|p2a: Latios
|-sidestart|p2: GbColo|move: Stealth Rock
|
|-weather|Sandstorm|[upkeep]
|-damage|p2a: Latios|0 fnt|[from] sandstorm
|-heal|p1a: Tyranitar|146/404|[from] item: Leftovers
|faint|p2a: Latios
|
|switch|p2a: Conkeldurr|Conkeldurr, M|381/381
|-damage|p2a: Conkeldurr|286/381|[from] Spikes
|-damage|p2a: Conkeldurr|263/381|[from] Stealth Rock
|turn|15
|
|switch|p1a: Skarmory|Skarmory, F|271/334
|move|p2a: Conkeldurr|Mach Punch|p1a: Skarmory
|-damage|p1a: Skarmory|229/334
|-damage|p2a: Conkeldurr|200/381|[from] item: Rocky Helmet|[of] p1a: Skarmory
|
|-weather|Sandstorm|[upkeep]
|-damage|p2a: Conkeldurr|177/381|[from] sandstorm
|-heal|p2a: Conkeldurr|200/381|[from] item: Leftovers
|turn|16
|
|move|p1a: Skarmory|Brave Bird|p2a: Conkeldurr
|-supereffective|p2a: Conkeldurr
|-damage|p2a: Conkeldurr|0 fnt
|-damage|p1a: Skarmory|163/334|[from] recoil|[of] p2a: Conkeldurr
|faint|p2a: Conkeldurr
|
|-weather|Sandstorm|[upkeep]
|
|switch|p2a: Skarmory|Skarmory, F|107/271 frz
|-damage|p2a: Skarmory|74/271 frz|[from] Stealth Rock
|turn|17
|
|cant|p2a: Skarmory|frz
|move|p1a: Skarmory|Roost|p1a: Skarmory
|-heal|p1a: Skarmory|330/334
|
|-weather|Sandstorm|[upkeep]
|turn|18
|
|cant|p2a: Skarmory|frz
|move|p1a: Skarmory|Whirlwind|p2a: Skarmory
|drag|p2a: Lucario|Lucario, M|282/282
|-damage|p2a: Lucario|274/282|[from] Stealth Rock
|-damage|p2a: Lucario|204/282|[from] Spikes
|
|-weather|Sandstorm|[upkeep]
|turn|19
|
|move|p2a: Lucario|Swords Dance|p2a: Lucario
|-boost|p2a: Lucario|atk|2
|move|p1a: Skarmory|Brave Bird|p2a: Lucario
|-damage|p2a: Lucario|44/282
|-damage|p1a: Skarmory|277/334|[from] recoil|[of] p2a: Lucario
|
|-weather|Sandstorm|[upkeep]
|turn|20
|
|move|p2a: Lucario|Close Combat|p1a: Skarmory
|-damage|p1a: Skarmory|55/334
|-damage|p2a: Lucario|0 fnt|[from] item: Rocky Helmet|[of] p1a: Skarmory
|faint|p2a: Lucario
|move|p1a: Skarmory|Roost|p1a: Skarmory
|-heal|p1a: Skarmory|222/334
|
|-weather|Sandstorm|[upkeep]
|
|switch|p2a: Metagross|Metagross|261/329
|-damage|p2a: Metagross|179/329|[from] Spikes
|-damage|p2a: Metagross|159/329|[from] Stealth Rock
|turn|21
|
|move|p2a: Metagross|Thunder Punch|p1a: Skarmory
|-supereffective|p1a: Skarmory
|-damage|p1a: Skarmory|94/334
|-damage|p2a: Metagross|105/329|[from] item: Rocky Helmet|[of] p1a: Skarmory
|move|p1a: Skarmory|Whirlwind|p2a: Metagross
|drag|p2a: Haxorus|Haxorus, F|209/294
|-damage|p2a: Haxorus|136/294|[from] Spikes
|-damage|p2a: Haxorus|100/294|[from] Stealth Rock
|-ability|p2a: Haxorus|Mold Breaker
|
|-weather|Sandstorm|[upkeep]
|-damage|p2a: Haxorus|82/294|[from] sandstorm
|turn|22
|
|move|p2a: Haxorus|Low Kick|p1a: Skarmory
|-damage|p1a: Skarmory|28/334
|-damage|p2a: Haxorus|33/294|[from] item: Rocky Helmet|[of] p1a: Skarmory
|move|p1a: Skarmory|Roost|p1a: Skarmory
|-heal|p1a: Skarmory|195/334
|
|-weather|Sandstorm|[upkeep]
|-damage|p2a: Haxorus|15/294|[from] sandstorm
|turn|23
|
|move|p2a: Haxorus|Outrage|p1a: Skarmory
|-resisted|p1a: Skarmory
|-damage|p1a: Skarmory|117/334
|-damage|p2a: Haxorus|0 fnt|[from] item: Rocky Helmet|[of] p1a: Skarmory
|faint|p2a: Haxorus
|move|p1a: Skarmory|Roost|p1a: Skarmory
|-heal|p1a: Skarmory|284/334
|
|-weather|Sandstorm|[upkeep]
|
|switch|p2a: Metagross|Metagross|105/329
|-damage|p2a: Metagross|23/329|[from] Spikes
|-damage|p2a: Metagross|3/329|[from] Stealth Rock
|turn|24
|
|move|p2a: Metagross|Thunder Punch|p1a: Skarmory
|-supereffective|p1a: Skarmory
|-damage|p1a: Skarmory|164/334
|-damage|p2a: Metagross|0 fnt|[from] item: Rocky Helmet|[of] p1a: Skarmory
|faint|p2a: Metagross
|move|p1a: Skarmory|Roost|p1a: Skarmory
|-heal|p1a: Skarmory|331/334
|
|-weather|Sandstorm|[upkeep]
|
|switch|p2a: Skarmory|Skarmory, F|74/271 frz
|-damage|p2a: Skarmory|41/271 frz|[from] Stealth Rock
|turn|25
|-enditem|p2a: Skarmory|Custap Berry|[eat]
|-activate|p2a: Skarmory|Custap Berry
|
|cant|p2a: Skarmory|frz
|move|p1a: Skarmory|Brave Bird|p2a: Skarmory
|-resisted|p2a: Skarmory
|-damage|p2a: Skarmory|0 fnt
|-damage|p1a: Skarmory|317/334|[from] recoil|[of] p2a: Skarmory
|faint|p2a: Skarmory
|
|win|dark voice
|raw|Ladder updating...
|raw|dark voice's rating: 1370 &rarr; <strong>1387</strong><br />(+17 for winning)
|raw|GbColo's rating: 1318 &rarr; <strong>1301</strong><br />(-17 for losing)
|chat|dark voice|gg
|chat|GbColo|gg