|j|☆Keyenn
|j|☆Career Ended
|player|p1|Keyenn|105|1475
|player|p2|Career Ended|kukui|1394
|teamsize|p1|6
|teamsize|p2|6
|gametype|singles
|gen|5
|tier|[Gen 5] OU
|rated|
|clearpoke
|poke|p1|Dragonite, M|item
|poke|p1|Magnezone|item
|poke|p1|Jirachi|item
|poke|p1|Latios, M|item
|poke|p1|Kyurem-Black|item
|poke|p1|Excadrill, F|item
|poke|p2|Jirachi|item
|poke|p2|Politoed, M|item
|poke|p2|Gyarados, M|item
|poke|p2|Thundurus-Therian, M|item
|poke|p2|Ferrothorn, M|item
|poke|p2|Starmie|item
|rule|Species Clause: Limit one of each Pokémon
|rule|OHKO Clause: OHKO moves are banned
|rule|Moody Clause: Moody is banned
|rule|Evasion Moves Clause: Evasion moves are banned
|rule|Endless Battle Clause: Forcing endless battles is banned
|rule|HP Percentage Mod: HP is shown in percentages
|rule|Evasion Abilities Clause: Evasion abilities are banned
|rule|Baton Pass Clause: Limit one Baton Passer, can't pass Spe and other stats simultaneously
|rule|Sleep Clause: Sleep-inducing moves are banned
|rule|Swagger Clause: Swagger is banned
|teampreview
|
|start
|switch|p1a: Kyurem|Kyurem-Black|100/100
|switch|p2a: Jirachi|Jirachi|100/100
|-ability|p1a: Kyurem|Teravolt
|turn|1
|inactive|Battle timer is ON: inactive players will automatically lose when time's up. (requested by Keyenn)
|
|switch|p1a: Magnezone|Magnezone, shiny|100/100
|move|p2a: Jirachi|Body Slam|p1a: Magnezone
|-resisted|p1a: Magnezone
|-damage|p1a: Magnezone|92/100
|-status|p1a: Magnezone|par
|
|upkeep
|turn|2
|
|move|p2a: Jirachi|U-turn|p1a: Magnezone
|-resisted|p1a: Magnezone
|-damage|p1a: Magnezone|85/100 par
|
|switch|p2a: Thundurus|Thundurus-Therian, M|100/100|[from]move: U-turn
|move|p1a: Magnezone|Hidden Power|p2a: Thundurus
|-damage|p2a: Thundurus|45/100
|
|-heal|p2a: Thundurus|51/100|[from] item: Leftovers
|upkeep
|turn|3
|
|switch|p2a: Politoed|Politoed, M|100/100
|-weather|RainDance|[from] ability: Drizzle|[of] p2a: Politoed
|switch|p1a: Jirachi|Jirachi|100/100
|
|-weather|RainDance|[upkeep]
|upkeep
|turn|4
|
|move|p2a: Politoed|Hydro Pump|p1a: Jirachi
|-damage|p1a: Jirachi|34/100
|move|p1a: Jirachi|Stealth Rock|p2a: Politoed
|-sidestart|p2: Career Ended|move: Stealth Rock
|
|-weather|RainDance|[upkeep]
|-heal|p1a: Jirachi|40/100|[from] item: Leftovers
|upkeep
|turn|5
|
|switch|p1a: Kyurem|Kyurem-Black|100/100
|-ability|p1a: Kyurem|Teravolt
|move|p2a: Politoed|Hydro Pump|p1a: Kyurem
|-resisted|p1a: Kyurem
|-damage|p1a: Kyurem|52/100
|
|-weather|RainDance|[upkeep]
|upkeep
|turn|6
|l|☆Keyenn
|inactive|Keyenn disconnected and has a minute to reconnect!
|player|p1|
|j|☆Keyenn
|inactive|Keyenn reconnected and has 125 seconds left.
|player|p1|Keyenn|105
|inactive|Keyenn has 120 seconds left.
|
|switch|p2a: Ferrothorn|Ferrothorn, M|100/100
|-damage|p2a: Ferrothorn|95/100|[from] Stealth Rock
|move|p1a: Kyurem|Fusion Bolt|p2a: Ferrothorn
|-resisted|p2a: Ferrothorn
|-damage|p2a: Ferrothorn|82/100
|
|-weather|RainDance|[upkeep]
|-heal|p2a: Ferrothorn|88/100|[from] item: Leftovers
|upkeep
|turn|7
|
|switch|p1a: Magnezone|Magnezone, shiny|85/100 par
|move|p2a: Ferrothorn|Leech Seed|p1a: Magnezone
|-start|p1a: Magnezone|move: Leech Seed
|
|-weather|RainDance|[upkeep]
|-heal|p2a: Ferrothorn|94/100|[from] item: Leftovers
|-damage|p1a: Magnezone|72/100 par|[from] Leech Seed|[of] p2a: Ferrothorn
|-heal|p2a: Ferrothorn|100/100|[silent]
|upkeep
|turn|8
|
|move|p2a: Ferrothorn|Knock Off|p1a: Magnezone
|-resisted|p1a: Magnezone
|-damage|p1a: Magnezone|70/100 par
|-enditem|p1a: Magnezone|Choice Specs|[from] move: Knock Off|[of] p2a: Ferrothorn
|cant|p1a: Magnezone|par
|
|-weather|RainDance|[upkeep]
|-damage|p1a: Magnezone|58/100 par|[from] Leech Seed|[of] p2a: Ferrothorn
|upkeep
|turn|9
|
|move|p2a: Ferrothorn|Power Whip|p1a: Magnezone
|-resisted|p1a: Magnezone
|-crit|p1a: Magnezone
|-damage|p1a: Magnezone|20/100 par
|move|p1a: Magnezone|Hidden Power|p2a: Ferrothorn
|-supereffective|p2a: Ferrothorn
|-crit|p2a: Ferrothorn
|-damage|p2a: Ferrothorn|23/100
|
|-weather|RainDance|[upkeep]
|-heal|p2a: Ferrothorn|29/100|[from] item: Leftovers
|-damage|p1a: Magnezone|7/100 par|[from] Leech Seed|[of] p2a: Ferrothorn
|-heal|p2a: Ferrothorn|41/100|[silent]
|upkeep
|turn|10
|
|move|p2a: Ferrothorn|Spikes|p1a: Magnezone
|-sidestart|p1: Keyenn|Spikes
|move|p1a: Magnezone|Hidden Power|p2a: Ferrothorn
|-supereffective|p2a: Ferrothorn
|-damage|p2a: Ferrothorn|3/100
|
|-weather|RainDance|[upkeep]
|-heal|p2a: Ferrothorn|9/100|[from] item: Leftovers
|-damage|p1a: Magnezone|0 fnt|[from] Leech Seed|[of] p2a: Ferrothorn
|-heal|p2a: Ferrothorn|16/100|[silent]
|faint|p1a: Magnezone
|upkeep
|
|switch|p1a: Dragonite|Dragonite, M|100/100
|turn|11
|
|move|p1a: Dragonite|Flamethrower|p2a: Ferrothorn
|-supereffective|p2a: Ferrothorn
|-damage|p2a: Ferrothorn|0 fnt
|faint|p2a: Ferrothorn
|
|-weather|RainDance|[upkeep]
|upkeep
|
|switch|p2a: Jirachi|Jirachi|100/100
|-damage|p2a: Jirachi|94/100|[from] Stealth Rock
|turn|12
|
|move|p2a: Jirachi|Body Slam|p1a: Dragonite
|-damage|p1a: Dragonite|90/100
|-status|p1a: Dragonite|par
|cant|p1a: Dragonite|par
|
|-weather|RainDance|[upkeep]
|-heal|p2a: Jirachi|100/100|[from] item: Leftovers
|upkeep
|turn|13
|
|move|p2a: Jirachi|Iron Head|p1a: Dragonite
|-damage|p1a: Dragonite|58/100 par
|cant|p1a: Dragonite|flinch
|
|-weather|RainDance|[upkeep]
|upkeep
|turn|14
|
|move|p2a: Jirachi|Body Slam|p1a: Dragonite
|-damage|p1a: Dragonite|37/100 par
|move|p1a: Dragonite|Earthquake|p2a: Jirachi
|-supereffective|p2a: Jirachi
|-damage|p2a: Jirachi|16/100
|
|-weather|RainDance|[upkeep]
|-heal|p2a: Jirachi|22/100|[from] item: Leftovers
|upkeep
|turn|15
|
|switch|p1a: Jirachi|Jirachi|40/100
|-damage|p1a: Jirachi|27/100|[from] Spikes
|move|p2a: Jirachi|Iron Head|p1a: Jirachi
|-resisted|p1a: Jirachi
|-damage|p1a: Jirachi|15/100
|
|-weather|RainDance|[upkeep]
|-heal|p2a: Jirachi|28/100|[from] item: Leftovers
|-heal|p1a: Jirachi|21/100|[from] item: Leftovers
|upkeep
|turn|16
|
|move|p2a: Jirachi|Body Slam|p1a: Jirachi
|-resisted|p1a: Jirachi
|-damage|p1a: Jirachi|13/100
|-status|p1a: Jirachi|par
|move|p1a: Jirachi|U-turn|p2a: Jirachi
|-damage|p2a: Jirachi|16/100
|
|switch|p1a: Latios|Latios, M, shiny|100/100|[from]move: U-turn
|
|-weather|RainDance|[upkeep]
|-heal|p2a: Jirachi|22/100|[from] item: Leftovers
|upkeep
|turn|17
|
|move|p1a: Latios|Surf|p2a: Jirachi
|-damage|p2a: Jirachi|0 fnt
|faint|p2a: Jirachi
|
|-weather|RainDance|[upkeep]
|upkeep
|
|switch|p2a: Starmie|Starmie|100/100
|-damage|p2a: Starmie|88/100|[from] Stealth Rock
|turn|18
|
|switch|p1a: Dragonite|Dragonite, M|37/100 par
|move|p2a: Starmie|Rapid Spin|p1a: Dragonite
|-damage|p1a: Dragonite|31/100 par
|-sideend|p2: Career Ended|Stealth Rock|[from] move: Rapid Spin|[of] p2a: Starmie
|-damage|p2a: Starmie|78/100|[from] item: Life Orb
|
|-weather|RainDance|[upkeep]
|upkeep
|turn|19
|
|cant|p1a: Dragonite|par
|move|p2a: Starmie|Psyshock|p1a: Dragonite
|-damage|p1a: Dragonite|0 fnt
|-damage|p2a: Starmie|68/100|[from] item: Life Orb
|faint|p1a: Dragonite
|
|-weather|RainDance|[upkeep]
|upkeep
|
|switch|p1a: Latios|Latios, M, shiny|100/100
|turn|20
|
|move|p1a: Latios|Draco Meteor|p2a: Starmie
|-damage|p2a: Starmie|0 fnt
|-unboost|p1a: Latios|spa|2
|faint|p2a: Starmie
|
|-weather|RainDance|[upkeep]
|upkeep
|
|switch|p2a: Gyarados|Gyarados, M|100/100
|turn|21
|
|move|p1a: Latios|Draco Meteor|p2a: Gyarados
|-damage|p2a: Gyarados|67/100
|-unboost|p1a: Latios|spa|2
|move|p2a: Gyarados|Dragon Dance|p2a: Gyarados
|-boost|p2a: Gyarados|atk|1
|-boost|p2a: Gyarados|spe|1
|
|-weather|RainDance|[upkeep]
|-heal|p2a: Gyarados|74/100|[from] item: Leftovers
|upkeep
|turn|22
|
|switch|p1a: Excadrill|Excadrill, F|100/100
|-ability|p1a: Excadrill|Mold Breaker
|-item|p1a: Excadrill|Air Balloon
|move|p2a: Gyarados|Substitute|p2a: Gyarados
|-start|p2a: Gyarados|Substitute
|-damage|p2a: Gyarados|49/100
|
|-weather|RainDance|[upkeep]
|-heal|p2a: Gyarados|55/100|[from] item: Leftovers
|upkeep
|turn|23
|
|move|p2a: Gyarados|Waterfall|p1a: Excadrill
|-supereffective|p1a: Excadrill
|-damage|p1a: Excadrill|0 fnt
|-enditem|p1a: Excadrill|Air Balloon
|faint|p1a: Excadrill
|-ability|p2a: Gyarados|Moxie|boost
|-boost|p2a: Gyarados|atk|1
|
|-weather|RainDance|[upkeep]
|-heal|p2a: Gyarados|61/100|[from] item: Leftovers
|upkeep
|
|switch|p1a: Latios|Latios, M, shiny|100/100
|turn|24
|
|move|p1a: Latios|Dragon Pulse|p2a: Gyarados
|-end|p2a: Gyarados|Substitute
|move|p2a: Gyarados|Dragon Dance|p2a: Gyarados
|-boost|p2a: Gyarados|atk|1
|-boost|p2a: Gyarados|spe|1
|
|-weather|RainDance|[upkeep]
|-heal|p2a: Gyarados|67/100|[from] item: Leftovers
|upkeep
|turn|25
|
|move|p2a: Gyarados|Bounce||[still]
|-prepare|p2a: Gyarados|Bounce|p1a: Latios
|move|p1a: Latios|Dragon Pulse|p2a: Gyarados|[miss]
|-miss|p1a: Latios|p2a: Gyarados
|
|-weather|RainDance|[upkeep]
|-heal|p2a: Gyarados|74/100|[from] item: Leftovers
|upkeep
|turn|26
|
|move|p2a: Gyarados|Bounce|p1a: Latios|[from]lockedmove|[miss]
|-miss|p2a: Gyarados|p1a: Latios
|move|p1a: Latios|Dragon Pulse|p2a: Gyarados
|-damage|p2a: Gyarados|28/100
|
|-weather|RainDance|[upkeep]
|-heal|p2a: Gyarados|34/100|[from] item: Leftovers
|upkeep
|turn|27
|
|move|p2a: Gyarados|Bounce||[still]
|-prepare|p2a: Gyarados|Bounce|p1a: Latios
|move|p1a: Latios|Dragon Pulse|p2a: Gyarados|[miss]
|-miss|p1a: Latios|p2a: Gyarados
|
|-weather|RainDance|[upkeep]
|-heal|p2a: Gyarados|40/100|[from] item: Leftovers
|upkeep
|turn|28
|
|move|p2a: Gyarados|Bounce|p1a: Latios|[from]lockedmove|[miss]
|-miss|p2a: Gyarados|p1a: Latios
|move|p1a: Latios|Dragon Pulse|p2a: Gyarados
|-damage|p2a: Gyarados|0 fnt
|faint|p2a: Gyarados
|
|-weather|RainDance|[upkeep]
|upkeep
|
|switch|p2a: Politoed|Politoed, M|100/100
|turn|29
|
|switch|p1a: Jirachi|Jirachi|13/100 par
|-damage|p1a: Jirachi|0 fnt|[from] Spikes
|faint|p1a: Jirachi
|move|p2a: Politoed|Ice Beam|p1: Jirachi|[notarget]
|-fail|p2a: Politoed
|
|-weather|RainDance|[upkeep]
|upkeep
|
|switch|p1a: Kyurem|Kyurem-Black|52/100
|-damage|p1a: Kyurem|40/100|[from] Spikes
|-ability|p1a: Kyurem|Teravolt
|turn|30
|
|move|p1a: Kyurem|Fusion Bolt|p2a: Politoed
|-supereffective|p2a: Politoed
|-damage|p2a: Politoed|0 fnt
|faint|p2a: Politoed
|
|-weather|RainDance|[upkeep]
|upkeep
|
|switch|p2a: Thundurus|Thundurus-Therian, M|51/100
|turn|31
|
|move|p1a: Kyurem|Outrage|p2a: Thundurus
|-damage|p2a: Thundurus|0 fnt
|faint|p2a: Thundurus
|
|win|Keyenn
|raw|Keyenn's rating: 1475 &rarr; <strong>1491</strong><br />(+16 for winning)
|raw|Career Ended's rating: 1394 &rarr; <strong>1378</strong><br />(-16 for losing)
