|j|☆Wally
|j|☆Basstard
|player|p1|Wally|olympia|1582
|player|p2|Basstard|elio|1302
|teamsize|p1|6
|teamsize|p2|6
|gametype|singles
|gen|5
|tier|[Gen 5] OU
|rated|
|clearpoke
|poke|p1|Terrakion|item
|poke|p1|Kyurem-Black|item
|poke|p1|Keldeo|item
|poke|p1|Dragonite, M|item
|poke|p1|Thundurus-Therian, M|item
|poke|p1|Jirachi|item
|poke|p2|Magnezone|item
|poke|p2|Keldeo|item
|poke|p2|Tyranitar, M|item
|poke|p2|Scizor, F|item
|poke|p2|Celebi|item
|poke|p2|Landorus-Therian, M|item
|rule|Species Clause: Limit one of each Pokémon
|rule|OHKO Clause: OHKO moves are banned
|rule|Moody Clause: Moody is banned
|rule|Evasion Moves Clause: Evasion moves are banned
|rule|Endless Battle Clause: Forcing endless battles is banned
|rule|HP Percentage Mod: HP is shown in percentages
|rule|Evasion Abilities Clause: Evasion abilities are banned
|rule|Baton Pass Clause: Limit one Baton Passer, can't pass Spe and other stats simultaneously
|rule|Sleep Clause: Sleep-inducing moves are banned
|rule|Swagger Clause: Swagger is banned
|teampreview
|inactive|Battle timer is ON: inactive players will automatically lose when time's up. (requested by Basstard)
|
|start
|switch|p1a: Terrakion|Terrakion|100/100
|switch|p2a: Landorus|Landorus-Therian, M|100/100
|-ability|p2a: Landorus|Intimidate|boost
|-unboost|p1a: Terrakion|atk|1
|turn|1
|
|move|p1a: Terrakion|Stealth Rock|p2a: Landorus
|-sidestart|p2: Basstard|move: Stealth Rock
|move|p2a: Landorus|Earthquake|p1a: Terrakion
|-supereffective|p1a: Terrakion
|-enditem|p1a: Terrakion|Focus Sash
|-damage|p1a: Terrakion|1/100
|
|upkeep
|turn|2
|j| ultn7u ayouko
|
|move|p1a: Terrakion|Swords Dance|p1a: Terrakion
|-boost|p1a: Terrakion|atk|2
|move|p2a: Landorus|Hidden Power|p1a: Terrakion
|-damage|p1a: Terrakion|0 fnt
|faint|p1a: Terrakion
|
|upkeep
|
|switch|p1a: Keldeo|Keldeo|100/100
|turn|3
|
|switch|p1a: Dragonite|Dragonite, M|100/100
|switch|p2a: Celebi|Celebi|100/100
|-damage|p2a: Celebi|88/100|[from] Stealth Rock
|
|-heal|p2a: Celebi|94/100|[from] item: Leftovers
|upkeep
|turn|4
|j| Rokhan
|
|switch|p2a: Landorus|Landorus-Therian, M|100/100
|-damage|p2a: Landorus|88/100|[from] Stealth Rock
|-ability|p2a: Landorus|Intimidate|boost
|-unboost|p1a: Dragonite|atk|1
|move|p1a: Dragonite|Dragon Dance|p1a: Dragonite
|-boost|p1a: Dragonite|atk|1
|-boost|p1a: Dragonite|spe|1
|
|-heal|p2a: Landorus|94/100|[from] item: Leftovers
|upkeep
|turn|5
|
|move|p1a: Dragonite|Dragon Dance|p1a: Dragonite
|-boost|p1a: Dragonite|atk|1
|-boost|p1a: Dragonite|spe|1
|move|p2a: Landorus|Hidden Power|p1a: Dragonite
|-supereffective|p1a: Dragonite
|-damage|p1a: Dragonite|69/100
|
|-heal|p2a: Landorus|100/100|[from] item: Leftovers
|upkeep
|turn|6
|j| NikC29
|
|switch|p2a: Magnezone|Magnezone|100/100
|-damage|p2a: Magnezone|94/100|[from] Stealth Rock
|move|p1a: Dragonite|Outrage|p2a: Magnezone
|-resisted|p2a: Magnezone
|-damage|p2a: Magnezone|24/100
|-damage|p1a: Dragonite|59/100|[from] item: Life Orb
|
|-heal|p2a: Magnezone|30/100|[from] item: Leftovers
|upkeep
|turn|7
|
|move|p1a: Dragonite|Outrage|p2a: Magnezone|[from]lockedmove
|-resisted|p2a: Magnezone
|-crit|p2a: Magnezone
|-damage|p2a: Magnezone|0 fnt
|-damage|p1a: Dragonite|49/100|[from] item: Life Orb
|-start|p1a: Dragonite|confusion|[fatigue]
|faint|p2a: Magnezone
|
|upkeep
|
|switch|p2a: Landorus|Landorus-Therian, M|100/100
|-damage|p2a: Landorus|88/100|[from] Stealth Rock
|-ability|p2a: Landorus|Intimidate|boost
|-unboost|p1a: Dragonite|atk|1
|turn|8
|
|-activate|p1a: Dragonite|confusion
|-damage|p1a: Dragonite|26/100|[from] confusion
|move|p2a: Landorus|Hidden Power|p1a: Dragonite
|-supereffective|p1a: Dragonite
|-damage|p1a: Dragonite|0 fnt
|faint|p1a: Dragonite
|
|-heal|p2a: Landorus|94/100|[from] item: Leftovers
|upkeep
|
|switch|p1a: Kyurem|Kyurem-Black|100/100
|-ability|p1a: Kyurem|Teravolt
|turn|9
|
|switch|p2a: Tyranitar|Tyranitar, M|100/100
|-damage|p2a: Tyranitar|88/100|[from] Stealth Rock
|-weather|Sandstorm|[from] ability: Sand Stream|[of] p2a: Tyranitar
|move|p1a: Kyurem|Ice Beam|p2a: Tyranitar
|-damage|p2a: Tyranitar|60/100
|-damage|p1a: Kyurem|91/100|[from] item: Life Orb
|
|-weather|Sandstorm|[upkeep]
|-damage|p1a: Kyurem|84/100|[from] Sandstorm
|upkeep
|turn|10
|
|switch|p1a: Keldeo|Keldeo|100/100
|move|p2a: Tyranitar|Stealth Rock|p1a: Keldeo
|-sidestart|p1: Wally|move: Stealth Rock
|
|-weather|Sandstorm|[upkeep]
|-damage|p1a: Keldeo|94/100|[from] Sandstorm
|upkeep
|turn|11
|
|switch|p1a: Jirachi|Jirachi|100/100
|-damage|p1a: Jirachi|94/100|[from] Stealth Rock
|switch|p2a: Celebi|Celebi|94/100
|-damage|p2a: Celebi|82/100|[from] Stealth Rock
|
|-weather|Sandstorm|[upkeep]
|-damage|p2a: Celebi|76/100|[from] Sandstorm
|-heal|p2a: Celebi|82/100|[from] item: Leftovers
|upkeep
|turn|12
|
|switch|p2a: Scizor|Scizor, F|100/100
|-damage|p2a: Scizor|88/100|[from] Stealth Rock
|move|p1a: Jirachi|U-turn|p2a: Scizor
|-resisted|p2a: Scizor
|-damage|p2a: Scizor|77/100
|
|switch|p1a: Keldeo|Keldeo|94/100|[from]move: U-turn
|-damage|p1a: Keldeo|88/100|[from] Stealth Rock
|
|-weather|Sandstorm|[upkeep]
|-damage|p1a: Keldeo|82/100|[from] Sandstorm
|-heal|p2a: Scizor|83/100|[from] item: Leftovers
|upkeep
|turn|13
|j| april stars
|
|move|p1a: Keldeo|Hydro Pump|p2a: Scizor
|-damage|p2a: Scizor|36/100
|move|p2a: Scizor|Roost|p2a: Scizor
|-heal|p2a: Scizor|86/100
|-singleturn|p2a: Scizor|move: Roost
|
|-weather|Sandstorm|[upkeep]
|-damage|p1a: Keldeo|76/100|[from] Sandstorm
|-heal|p2a: Scizor|92/100|[from] item: Leftovers
|upkeep
|turn|14
|
|switch|p2a: Celebi|Celebi|82/100
|-damage|p2a: Celebi|70/100|[from] Stealth Rock
|move|p1a: Keldeo|Calm Mind|p1a: Keldeo
|-boost|p1a: Keldeo|spa|1
|-boost|p1a: Keldeo|spd|1
|
|-weather|Sandstorm|[upkeep]
|-damage|p1a: Keldeo|70/100|[from] Sandstorm
|-damage|p2a: Celebi|63/100|[from] Sandstorm
|-heal|p2a: Celebi|70/100|[from] item: Leftovers
|upkeep
|turn|15
|
|move|p1a: Keldeo|Hydro Pump|p2a: Celebi
|-resisted|p2a: Celebi
|-damage|p2a: Celebi|41/100
|move|p2a: Celebi|Psychic|p1a: Keldeo
|-supereffective|p1a: Keldeo
|-damage|p1a: Keldeo|18/100
|
|-weather|Sandstorm|[upkeep]
|-damage|p1a: Keldeo|11/100|[from] Sandstorm
|-damage|p2a: Celebi|35/100|[from] Sandstorm
|-heal|p2a: Celebi|41/100|[from] item: Leftovers
|upkeep
|turn|16
|
|switch|p1a: Jirachi|Jirachi|94/100
|-damage|p1a: Jirachi|88/100|[from] Stealth Rock
|move|p2a: Celebi|Recover|p2a: Celebi
|-heal|p2a: Celebi|91/100
|
|-weather|Sandstorm|[upkeep]
|-damage|p2a: Celebi|85/100|[from] Sandstorm
|-heal|p2a: Celebi|91/100|[from] item: Leftovers
|upkeep
|turn|17
|
|switch|p2a: Scizor|Scizor, F|92/100
|-damage|p2a: Scizor|80/100|[from] Stealth Rock
|move|p1a: Jirachi|U-turn|p2a: Scizor
|-resisted|p2a: Scizor
|-crit|p2a: Scizor
|-damage|p2a: Scizor|58/100
|l| NikC29
|
|switch|p1a: Thundurus|Thundurus-Therian, M|100/100|[from]move: U-turn
|-damage|p1a: Thundurus|76/100|[from] Stealth Rock
|
|-weather|Sandstorm|[upkeep]
|-damage|p1a: Thundurus|69/100|[from] Sandstorm
|-heal|p1a: Thundurus|76/100|[from] item: Leftovers
|-heal|p2a: Scizor|64/100|[from] item: Leftovers
|upkeep
|turn|18
|
|switch|p2a: Tyranitar|Tyranitar, M|60/100
|-damage|p2a: Tyranitar|48/100|[from] Stealth Rock
|move|p1a: Thundurus|Agility|p1a: Thundurus
|-boost|p1a: Thundurus|spe|2
|
|-weather|Sandstorm|[upkeep]
|-damage|p1a: Thundurus|69/100|[from] Sandstorm
|-heal|p1a: Thundurus|76/100|[from] item: Leftovers
|upkeep
|turn|19
|inactive|Wally has 120 seconds left.
|
|switch|p1a: Jirachi|Jirachi|88/100
|-damage|p1a: Jirachi|82/100|[from] Stealth Rock
|move|p2a: Tyranitar|Crunch|p1a: Jirachi
|-damage|p1a: Jirachi|47/100
|
|-weather|Sandstorm|[upkeep]
|upkeep
|turn|20
|
|move|p1a: Jirachi|U-turn|p2a: Tyranitar
|-supereffective|p2a: Tyranitar
|-damage|p2a: Tyranitar|16/100
|
|switch|p1a: Kyurem|Kyurem-Black|84/100|[from]move: U-turn
|-damage|p1a: Kyurem|60/100|[from] Stealth Rock
|-ability|p1a: Kyurem|Teravolt
|move|p2a: Tyranitar|Crunch|p1a: Kyurem
|-damage|p1a: Kyurem|29/100
|
|-weather|Sandstorm|[upkeep]
|-damage|p1a: Kyurem|23/100|[from] Sandstorm
|upkeep
|turn|21
|j| stuwupid
|j| Skyrio
|
|move|p1a: Kyurem|Roost|p1a: Kyurem
|-heal|p1a: Kyurem|73/100
|-singleturn|p1a: Kyurem|move: Roost
|move|p2a: Tyranitar|Crunch|p1a: Kyurem
|-damage|p1a: Kyurem|44/100
|
|-weather|Sandstorm|[upkeep]
|-damage|p1a: Kyurem|38/100|[from] Sandstorm
|upkeep
|turn|22
|
|move|p1a: Kyurem|Roost|p1a: Kyurem
|-heal|p1a: Kyurem|88/100
|-singleturn|p1a: Kyurem|move: Roost
|move|p2a: Tyranitar|Crunch|p1a: Kyurem
|-damage|p1a: Kyurem|59/100
|
|-weather|Sandstorm|[upkeep]
|-damage|p1a: Kyurem|53/100|[from] Sandstorm
|upkeep
|turn|23
|
|move|p1a: Kyurem|Roost|p1a: Kyurem
|-heal|p1a: Kyurem|100/100
|-singleturn|p1a: Kyurem|move: Roost
|move|p2a: Tyranitar|Crunch|p1a: Kyurem
|-damage|p1a: Kyurem|71/100
|
|-weather|Sandstorm|[upkeep]
|-damage|p1a: Kyurem|65/100|[from] Sandstorm
|upkeep
|turn|24
|
|move|p1a: Kyurem|Ice Beam|p2a: Tyranitar
|-damage|p2a: Tyranitar|0 fnt
|-damage|p1a: Kyurem|55/100|[from] item: Life Orb
|faint|p2a: Tyranitar
|
|-weather|Sandstorm|[upkeep]
|-damage|p1a: Kyurem|49/100|[from] Sandstorm
|upkeep
|
|switch|p2a: Keldeo|Keldeo|100/100
|-damage|p2a: Keldeo|94/100|[from] Stealth Rock
|turn|25
|
|move|p2a: Keldeo|Secret Sword|p1a: Kyurem
|-supereffective|p1a: Kyurem
|-damage|p1a: Kyurem|0 fnt
|faint|p1a: Kyurem
|
|-weather|Sandstorm|[upkeep]
|-damage|p2a: Keldeo|88/100|[from] Sandstorm
|upkeep
|
|switch|p1a: Jirachi|Jirachi|47/100
|-damage|p1a: Jirachi|41/100|[from] Stealth Rock
|turn|26
|
|switch|p2a: Landorus|Landorus-Therian, M|94/100
|-damage|p2a: Landorus|82/100|[from] Stealth Rock
|-ability|p2a: Landorus|Intimidate|boost
|-unboost|p1a: Jirachi|atk|1
|move|p1a: Jirachi|Healing Wish|p1a: Jirachi
|faint|p1a: Jirachi
|
|-weather|Sandstorm|[upkeep]
|-heal|p2a: Landorus|88/100|[from] item: Leftovers
|upkeep
|
|switch|p1a: Thundurus|Thundurus-Therian, M|76/100
|-heal|p1a: Thundurus|100/100|[from] move: Healing Wish
|-damage|p1a: Thundurus|76/100|[from] Stealth Rock
|turn|27
|
|move|p1a: Thundurus|Agility|p1a: Thundurus
|-boost|p1a: Thundurus|spe|2
|move|p2a: Landorus|Stone Edge|p1a: Thundurus
|-supereffective|p1a: Thundurus
|-damage|p1a: Thundurus|0 fnt
|faint|p1a: Thundurus
|
|-weather|Sandstorm|[upkeep]
|-heal|p2a: Landorus|94/100|[from] item: Leftovers
|upkeep
|c|☆Basstard|gg
|
|switch|p1a: Keldeo|Keldeo|11/100
|-damage|p1a: Keldeo|5/100|[from] Stealth Rock
|turn|28
|c|☆Wally|gg Basstard
|
|move|p1a: Keldeo|Secret Sword|p2a: Landorus
|-resisted|p2a: Landorus
|-damage|p2a: Landorus|71/100
|move|p2a: Landorus|Earthquake|p1a: Keldeo
|-damage|p1a: Keldeo|0 fnt
|faint|p1a: Keldeo
|
|win|Basstard
|l|☆Wally
|c|☆Basstard|for split second
|raw|Wally's rating: 1596 &rarr; <strong>1563</strong><br />(-33 for losing)
|raw|Basstard's rating: 1302 &rarr; <strong>1336</strong><br />(+34 for winning)
|j| Dragonflo
|l| Dragonflo
|l| Rokhan
|j|+Typhlito
|l| april stars
|l| ultn7u ayouko
|l| Skyrio
|j| Waveshaper
|l| Waveshaper
|j| Skyrio
|l| Skyrio
|j| SiTuM.
|l| SiTuM.
|j| Tangent²Phi³ ¿?
|j| Priapism
|l| Priapism
|n| eiuhrgierghui|stuwupid
