|j|☆The Lost Art
|j|☆fluuuuuu
|player|p1|The Lost Art|165
|player|p2|fluuuuuu|66
|teamsize|p1|6
|teamsize|p2|6
|gametype|singles
|gen|5
|tier|[Gen 5] OU
|rated|
|rule|Sleep Clause Mod: Limit one foe put to sleep
|rule|Species Clause: Limit one of each Pokémon
|rule|OHKO Clause: OHKO moves are banned
|rule|Moody Clause: Moody is banned
|rule|Evasion Moves Clause: Evasion moves are banned
|rule|Endless Battle Clause: Forcing endless battles is banned
|rule|HP Percentage Mod: HP is shown in percentages
|rule|Evasion Abilities Clause: Evasion abilities are banned
|rule|Baton Pass Clause: Limit one Baton Passer, can't pass Spe and other stats simultaneously
|rule|Swagger Clause: Swagger is banned
|clearpoke
|poke|p1|Politoed, M|item
|poke|p1|Tentacruel, F|item
|poke|p1|Ferrothorn, M|item
|poke|p1|Celebi|item
|poke|p1|Landorus-Therian, M|item
|poke|p1|Terrakion|item
|poke|p2|Starmie|item
|poke|p2|Victini|item
|poke|p2|Abomasnow, M|item
|poke|p2|Landorus-Therian, M|item
|poke|p2|Scizor, F|item
|poke|p2|Keldeo|item
|teampreview
|inactive|Battle timer is ON: inactive players will automatically lose when time's up. (requested by fluuuuuu)
|
|start
|switch|p1a: Landorus|Landorus-Therian, M|100/100
|switch|p2a: Landorus|Landorus-Therian, M|100/100
|-ability|p1a: Landorus|Intimidate|boost
|-unboost|p2a: Landorus|atk|1
|-ability|p2a: Landorus|Intimidate|boost
|-unboost|p1a: Landorus|atk|1
|turn|1
|
|move|p1a: Landorus|Hidden Power|p2a: Landorus
|-supereffective|p2a: Landorus
|-damage|p2a: Landorus|33/100
|move|p2a: Landorus|Hidden Power|p1a: Landorus
|-supereffective|p1a: Landorus
|-damage|p1a: Landorus|4/100
|
|-heal|p2a: Landorus|39/100|[from] item: Leftovers
|upkeep
|turn|2
|
|switch|p1a: Terrakion|Terrakion|100/100
|switch|p2a: Victini|Victini|100/100
|
|upkeep
|turn|3
|inactive|fluuuuuu has 120 seconds left.
|
|switch|p2a: Keldeo|Keldeo|100/100
|move|p1a: Terrakion|Stone Edge|p2a: Keldeo
|-resisted|p2a: Keldeo
|-damage|p2a: Keldeo|56/100
|
|upkeep
|turn|4
|
|switch|p1a: Celebi|Celebi|100/100
|move|p2a: Keldeo|Hydro Pump|p1a: Celebi
|-resisted|p1a: Celebi
|-crit|p1a: Celebi
|-damage|p1a: Celebi|63/100
|
|-heal|p1a: Celebi|69/100|[from] item: Leftovers
|upkeep
|turn|5
|
|switch|p2a: Scizor|Scizor, F|100/100
|move|p1a: Celebi|Stealth Rock|p2a: Scizor
|-sidestart|p2: fluuuuuu|move: Stealth Rock
|
|-heal|p1a: Celebi|75/100|[from] item: Leftovers
|upkeep
|turn|6
|
|switch|p1a: Tentacruel|Tentacruel, F|100/100
|move|p2a: Scizor|U-turn|p1a: Tentacruel
|-resisted|p1a: Tentacruel
|-damage|p1a: Tentacruel|85/100
|
|switch|p2a: Starmie|Starmie|100/100
|-damage|p2a: Starmie|88/100|[from] Stealth Rock
|
|-heal|p2a: Starmie|94/100|[from] item: Leftovers
|-heal|p1a: Tentacruel|91/100|[from] item: Black Sludge
|upkeep
|turn|7
|
|move|p1a: Tentacruel|Protect|p1a: Tentacruel
|-singleturn|p1a: Tentacruel|Protect
|move|p2a: Starmie|Psychic|p1a: Tentacruel
|-activate|p1a: Tentacruel|move: Protect
|
|-heal|p2a: Starmie|100/100|[from] item: Leftovers
|-heal|p1a: Tentacruel|97/100|[from] item: Black Sludge
|upkeep
|turn|8
|
|switch|p1a: Ferrothorn|Ferrothorn, M|100/100
|move|p2a: Starmie|Rapid Spin|p1a: Ferrothorn
|-resisted|p1a: Ferrothorn
|-damage|p1a: Ferrothorn|99/100
|-damage|p2a: Starmie|88/100|[from] ability: Iron Barbs|[of] p1a: Ferrothorn
|-sideend|p2: fluuuuuu|Stealth Rock|[from] move: Rapid Spin|[of] p2a: Starmie
|
|-heal|p2a: Starmie|94/100|[from] item: Leftovers
|-heal|p1a: Ferrothorn|100/100|[from] item: Leftovers
|upkeep
|turn|9
|
|switch|p2a: Victini|Victini|100/100
|move|p1a: Ferrothorn|Leech Seed|p2a: Victini
|-start|p2a: Victini|move: Leech Seed
|
|-damage|p2a: Victini|88/100|[from] Leech Seed|[of] p1a: Ferrothorn
|upkeep
|turn|10
|
|switch|p2a: Landorus|Landorus-Therian, M|39/100
|-ability|p2a: Landorus|Intimidate|boost
|-unboost|p1a: Ferrothorn|atk|1
|move|p1a: Ferrothorn|Protect|p1a: Ferrothorn
|-fail|p1a: Ferrothorn
|
|-heal|p2a: Landorus|45/100|[from] item: Leftovers
|upkeep
|turn|11
|
|switch|p2a: Abomasnow|Abomasnow, M|100/100
|-weather|Hail|[from] ability: Snow Warning|[of] p2a: Abomasnow
|move|p1a: Ferrothorn|Leech Seed|p2a: Abomasnow
|-immune|p2a: Abomasnow|[msg]
|
|-weather|Hail|[upkeep]
|-damage|p1a: Ferrothorn|94/100|[from] Hail
|-heal|p1a: Ferrothorn|100/100|[from] item: Leftovers
|upkeep
|turn|12
|
|switch|p2a: Victini|Victini|88/100
|move|p1a: Ferrothorn|Spikes|p2a: Victini
|-sidestart|p2: fluuuuuu|Spikes
|
|-weather|Hail|[upkeep]
|-damage|p2a: Victini|82/100|[from] Hail
|-damage|p1a: Ferrothorn|94/100|[from] Hail
|-heal|p1a: Ferrothorn|100/100|[from] item: Leftovers
|upkeep
|turn|13
|
|move|p1a: Ferrothorn|Protect|p1a: Ferrothorn
|-singleturn|p1a: Ferrothorn|Protect
|move|p2a: Victini|V-create|p1a: Ferrothorn
|-activate|p1a: Ferrothorn|move: Protect
|
|-weather|Hail|[upkeep]
|-damage|p2a: Victini|76/100|[from] Hail
|-damage|p1a: Ferrothorn|94/100|[from] Hail
|-heal|p1a: Ferrothorn|100/100|[from] item: Leftovers
|upkeep
|turn|14
|
|switch|p1a: Politoed|Politoed, M|100/100
|-weather|RainDance|[from] ability: Drizzle|[of] p1a: Politoed
|move|p2a: Victini|V-create|p1a: Politoed
|-resisted|p1a: Politoed
|-damage|p1a: Politoed|77/100
|-unboost|p2a: Victini|spe|1
|-unboost|p2a: Victini|def|1
|-unboost|p2a: Victini|spd|1
|
|-weather|RainDance|[upkeep]
|-heal|p1a: Politoed|83/100|[from] item: Leftovers
|upkeep
|turn|15
|
|switch|p2a: Starmie|Starmie|94/100
|-damage|p2a: Starmie|82/100|[from] Spikes
|move|p1a: Politoed|Toxic|p2a: Starmie
|-status|p2a: Starmie|tox
|
|-weather|RainDance|[upkeep]
|-heal|p2a: Starmie|88/100 tox|[from] item: Leftovers
|-heal|p1a: Politoed|90/100|[from] item: Leftovers
|-damage|p2a: Starmie|82/100 tox|[from] psn
|upkeep
|turn|16
|
|move|p1a: Politoed|Protect|p1a: Politoed
|-singleturn|p1a: Politoed|Protect
|move|p2a: Starmie|Recover|p2a: Starmie
|-heal|p2a: Starmie|100/100 tox
|
|-weather|RainDance|[upkeep]
|-heal|p1a: Politoed|96/100|[from] item: Leftovers
|-damage|p2a: Starmie|88/100 tox|[from] psn
|upkeep
|turn|17
|
|switch|p1a: Celebi|Celebi|75/100
|move|p2a: Starmie|Rapid Spin|p1a: Celebi
|-damage|p1a: Celebi|73/100
|-sideend|p2: fluuuuuu|Spikes|[from] move: Rapid Spin|[of] p2a: Starmie
|
|-weather|RainDance|[upkeep]
|-heal|p2a: Starmie|94/100 tox|[from] item: Leftovers
|-heal|p1a: Celebi|79/100|[from] item: Leftovers
|-damage|p2a: Starmie|76/100 tox|[from] psn
|upkeep
|turn|18
|
|switch|p2a: Victini|Victini|76/100
|move|p1a: Celebi|Stealth Rock|p2a: Victini
|-sidestart|p2: fluuuuuu|move: Stealth Rock
|
|-weather|RainDance|[upkeep]
|-heal|p1a: Celebi|85/100|[from] item: Leftovers
|upkeep
|turn|19
|
|switch|p1a: Terrakion|Terrakion|100/100
|move|p2a: Victini|U-turn|p1a: Terrakion
|-resisted|p1a: Terrakion
|-damage|p1a: Terrakion|83/100
|
|switch|p2a: Starmie|Starmie|76/100
|-damage|p2a: Starmie|64/100|[from] Stealth Rock
|
|-weather|RainDance|[upkeep]
|-heal|p2a: Starmie|70/100|[from] item: Leftovers
|upkeep
|turn|20
|
|switch|p1a: Ferrothorn|Ferrothorn, M|100/100
|move|p2a: Starmie|Hydro Pump|p1a: Ferrothorn|[miss]
|-miss|p2a: Starmie|p1a: Ferrothorn
|
|-weather|RainDance|[upkeep]
|-heal|p2a: Starmie|76/100|[from] item: Leftovers
|upkeep
|turn|21
|
|move|p2a: Starmie|Rapid Spin|p1a: Ferrothorn
|-resisted|p1a: Ferrothorn
|-damage|p1a: Ferrothorn|99/100
|-damage|p2a: Starmie|64/100|[from] ability: Iron Barbs|[of] p1a: Ferrothorn
|-sideend|p2: fluuuuuu|Stealth Rock|[from] move: Rapid Spin|[of] p2a: Starmie
|move|p1a: Ferrothorn|Leech Seed|p2a: Starmie
|-start|p2a: Starmie|move: Leech Seed
|
|-weather|RainDance|[upkeep]
|-heal|p2a: Starmie|70/100|[from] item: Leftovers
|-heal|p1a: Ferrothorn|100/100|[from] item: Leftovers
|-damage|p2a: Starmie|58/100|[from] Leech Seed|[of] p1a: Ferrothorn
|upkeep
|turn|22
|
|switch|p2a: Abomasnow|Abomasnow, M|100/100
|-weather|Hail|[from] ability: Snow Warning|[of] p2a: Abomasnow
|move|p1a: Ferrothorn|Spikes|p2a: Abomasnow
|-sidestart|p2: fluuuuuu|Spikes
|
|-weather|Hail|[upkeep]
|-damage|p1a: Ferrothorn|94/100|[from] Hail
|-heal|p1a: Ferrothorn|100/100|[from] item: Leftovers
|upkeep
|turn|23
|
|move|p2a: Abomasnow|Blizzard|p1a: Ferrothorn
|-damage|p1a: Ferrothorn|68/100
|move|p1a: Ferrothorn|Spikes|p2a: Abomasnow
|-sidestart|p2: fluuuuuu|Spikes
|
|-weather|Hail|[upkeep]
|-damage|p1a: Ferrothorn|62/100|[from] Hail
|-heal|p1a: Ferrothorn|68/100|[from] item: Leftovers
|upkeep
|turn|24
|
|switch|p1a: Politoed|Politoed, M|96/100
|-weather|RainDance|[from] ability: Drizzle|[of] p1a: Politoed
|move|p2a: Abomasnow|Hidden Power|p1a: Politoed
|-resisted|p1a: Politoed
|-damage|p1a: Politoed|92/100
|
|-weather|RainDance|[upkeep]
|-heal|p1a: Politoed|98/100|[from] item: Leftovers
|upkeep
|turn|25
|
|switch|p1a: Ferrothorn|Ferrothorn, M|68/100
|move|p2a: Abomasnow|Wood Hammer|p1a: Ferrothorn
|-resisted|p1a: Ferrothorn
|-damage|p1a: Ferrothorn|59/100
|-damage|p2a: Abomasnow|88/100|[from] ability: Iron Barbs|[of] p1a: Ferrothorn
|-damage|p2a: Abomasnow|85/100|[from] Recoil
|
|-weather|RainDance|[upkeep]
|-heal|p1a: Ferrothorn|65/100|[from] item: Leftovers
|upkeep
|turn|26
|
|switch|p1a: Tentacruel|Tentacruel, F|97/100
|move|p2a: Abomasnow|Hidden Power|p1a: Tentacruel
|-resisted|p1a: Tentacruel
|-damage|p1a: Tentacruel|94/100
|
|-weather|RainDance|[upkeep]
|-heal|p1a: Tentacruel|99/100|[from] ability: Rain Dish
|-heal|p1a: Tentacruel|100/100|[from] item: Black Sludge
|upkeep
|turn|27
|inactive|The Lost Art has 120 seconds left.
|
|switch|p2a: Starmie|Starmie|58/100
|-damage|p2a: Starmie|41/100|[from] Spikes
|move|p1a: Tentacruel|Toxic|p2a: Starmie
|-status|p2a: Starmie|tox
|
|-weather|RainDance|[upkeep]
|-heal|p2a: Starmie|47/100 tox|[from] item: Leftovers
|-damage|p2a: Starmie|41/100 tox|[from] psn
|upkeep
|turn|28
|
|switch|p1a: Landorus|Landorus-Therian, M|4/100
|-ability|p1a: Landorus|Intimidate|boost
|-unboost|p2a: Starmie|atk|1
|move|p2a: Starmie|Recover|p2a: Starmie
|-heal|p2a: Starmie|91/100 tox
|
|-weather|RainDance|[upkeep]
|-heal|p2a: Starmie|97/100 tox|[from] item: Leftovers
|-damage|p2a: Starmie|85/100 tox|[from] psn
|upkeep
|turn|29
|
|-curestatus|p2a: Starmie|tox|[from] ability: Natural Cure
|switch|p2a: Scizor|Scizor, F|100/100
|-damage|p2a: Scizor|84/100|[from] Spikes
|move|p1a: Landorus|U-turn|p2a: Scizor
|-resisted|p2a: Scizor
|-damage|p2a: Scizor|67/100
|
|switch|p1a: Tentacruel|Tentacruel, F|100/100
|
|-weather|RainDance|[upkeep]
|upkeep
|turn|30
|
|move|p2a: Scizor|U-turn|p1a: Tentacruel
|-resisted|p1a: Tentacruel
|-damage|p1a: Tentacruel|83/100
|
|switch|p2a: Starmie|Starmie|85/100
|-damage|p2a: Starmie|69/100|[from] Spikes
|move|p1a: Tentacruel|Scald|p2a: Starmie
|-resisted|p2a: Starmie
|-damage|p2a: Starmie|42/100
|-status|p2a: Starmie|brn
|
|-weather|RainDance|[upkeep]
|-heal|p1a: Tentacruel|89/100|[from] ability: Rain Dish
|-heal|p2a: Starmie|48/100 brn|[from] item: Leftovers
|-heal|p1a: Tentacruel|95/100|[from] item: Black Sludge
|-damage|p2a: Starmie|36/100 brn|[from] brn
|upkeep
|turn|31
|
|switch|p1a: Ferrothorn|Ferrothorn, M|65/100
|move|p2a: Starmie|Psychic|p1a: Ferrothorn
|-resisted|p1a: Ferrothorn
|-crit|p1a: Ferrothorn
|-damage|p1a: Ferrothorn|36/100
|
|-weather|RainDance|[upkeep]
|-heal|p2a: Starmie|42/100 brn|[from] item: Leftovers
|-heal|p1a: Ferrothorn|42/100|[from] item: Leftovers
|-damage|p2a: Starmie|30/100 brn|[from] brn
|upkeep
|turn|32
|
|move|p2a: Starmie|Rapid Spin|p1a: Ferrothorn
|-resisted|p1a: Ferrothorn
|-damage|p1a: Ferrothorn|42/100
|-damage|p2a: Starmie|18/100 brn|[from] ability: Iron Barbs|[of] p1a: Ferrothorn
|-sideend|p2: fluuuuuu|Spikes|[from] move: Rapid Spin|[of] p2a: Starmie
|move|p1a: Ferrothorn|Leech Seed|p2a: Starmie
|-start|p2a: Starmie|move: Leech Seed
|
|-weather|RainDance|[upkeep]
|-heal|p2a: Starmie|24/100 brn|[from] item: Leftovers
|-heal|p1a: Ferrothorn|48/100|[from] item: Leftovers
|-damage|p2a: Starmie|12/100 brn|[from] Leech Seed|[of] p1a: Ferrothorn
|-heal|p1a: Ferrothorn|57/100|[silent]
|-damage|p2a: Starmie|0 fnt|[from] brn
|upkeep
|faint|p2a: Starmie
|
|switch|p2a: Abomasnow|Abomasnow, M|85/100
|-weather|Hail|[from] ability: Snow Warning|[of] p2a: Abomasnow
|turn|33
|
|switch|p1a: Politoed|Politoed, M|98/100
|-weather|RainDance|[from] ability: Drizzle|[of] p1a: Politoed
|move|p2a: Abomasnow|Wood Hammer|p1a: Politoed
|-supereffective|p1a: Politoed
|-damage|p1a: Politoed|1/100
|-damage|p2a: Abomasnow|46/100|[from] Recoil
|
|-weather|RainDance|[upkeep]
|-heal|p1a: Politoed|7/100|[from] item: Leftovers
|upkeep
|turn|34
|
|move|p1a: Politoed|Protect|p1a: Politoed
|-singleturn|p1a: Politoed|Protect
|move|p2a: Abomasnow|Wood Hammer|p1a: Politoed
|-activate|p1a: Politoed|move: Protect
|
|-weather|RainDance|[upkeep]
|-heal|p1a: Politoed|13/100|[from] item: Leftovers
|upkeep
|turn|35
|
|switch|p1a: Celebi|Celebi|85/100
|switch|p2a: Victini|Victini|76/100
|
|-weather|RainDance|[upkeep]
|-heal|p1a: Celebi|91/100|[from] item: Leftovers
|upkeep
|turn|36
|
|switch|p1a: Tentacruel|Tentacruel, F|95/100
|move|p2a: Victini|U-turn|p1a: Tentacruel
|-resisted|p1a: Tentacruel
|-damage|p1a: Tentacruel|81/100
|inactive|fluuuuuu has 120 seconds left.
|
|switch|p2a: Abomasnow|Abomasnow, M|46/100
|-weather|Hail|[from] ability: Snow Warning|[of] p2a: Abomasnow
|
|-weather|Hail|[upkeep]
|-damage|p1a: Tentacruel|75/100|[from] Hail
|-heal|p1a: Tentacruel|81/100|[from] item: Black Sludge
|upkeep
|turn|37
|
|move|p1a: Tentacruel|Toxic|p2a: Abomasnow
|-status|p2a: Abomasnow|tox
|move|p2a: Abomasnow|Wood Hammer|p1a: Tentacruel
|-damage|p1a: Tentacruel|31/100
|-damage|p2a: Abomasnow|28/100 tox|[from] Recoil
|
|-weather|Hail|[upkeep]
|-damage|p1a: Tentacruel|25/100|[from] Hail
|-heal|p1a: Tentacruel|31/100|[from] item: Black Sludge
|-damage|p2a: Abomasnow|21/100 tox|[from] psn
|upkeep
|turn|38
|
|switch|p2a: Victini|Victini|76/100
|move|p1a: Tentacruel|Protect|p1a: Tentacruel
|-fail|p1a: Tentacruel
|
|-weather|Hail|[upkeep]
|-damage|p2a: Victini|70/100|[from] Hail
|-damage|p1a: Tentacruel|25/100|[from] Hail
|-heal|p1a: Tentacruel|31/100|[from] item: Black Sludge
|upkeep
|turn|39
|
|move|p1a: Tentacruel|Protect|p1a: Tentacruel
|-singleturn|p1a: Tentacruel|Protect
|move|p2a: Victini|V-create|p1a: Tentacruel
|-activate|p1a: Tentacruel|move: Protect
|
|-weather|Hail|[upkeep]
|-damage|p2a: Victini|64/100|[from] Hail
|-damage|p1a: Tentacruel|25/100|[from] Hail
|-heal|p1a: Tentacruel|31/100|[from] item: Black Sludge
|upkeep
|turn|40
|inactive|The Lost Art has 120 seconds left.
|
|switch|p1a: Terrakion|Terrakion|83/100
|move|p2a: Victini|V-create|p1a: Terrakion
|-resisted|p1a: Terrakion
|-damage|p1a: Terrakion|18/100
|-unboost|p2a: Victini|spe|1
|-unboost|p2a: Victini|def|1
|-unboost|p2a: Victini|spd|1
|
|-weather|Hail|[upkeep]
|-damage|p1a: Terrakion|11/100|[from] Hail
|-damage|p2a: Victini|57/100|[from] Hail
|upkeep
|turn|41
|
|switch|p2a: Landorus|Landorus-Therian, M|45/100
|-ability|p2a: Landorus|Intimidate|boost
|-unboost|p1a: Terrakion|atk|1
|move|p1a: Terrakion|Close Combat|p2a: Landorus
|-resisted|p2a: Landorus
|-damage|p2a: Landorus|22/100
|-unboost|p1a: Terrakion|def|1
|-unboost|p1a: Terrakion|spd|1
|
|-weather|Hail|[upkeep]
|-damage|p1a: Terrakion|5/100|[from] Hail
|-damage|p2a: Landorus|16/100|[from] Hail
|-heal|p2a: Landorus|22/100|[from] item: Leftovers
|upkeep
|turn|42
|
|move|p1a: Terrakion|Close Combat|p2a: Landorus
|-resisted|p2a: Landorus
|-damage|p2a: Landorus|1/100
|-unboost|p1a: Terrakion|def|1
|-unboost|p1a: Terrakion|spd|1
|move|p2a: Landorus|Stealth Rock|p1a: Terrakion
|-sidestart|p1: The Lost Art|move: Stealth Rock
|
|-weather|Hail|[upkeep]
|-damage|p1a: Terrakion|0 fnt|[from] Hail
|-damage|p2a: Landorus|0 fnt|[from] Hail
|upkeep
|faint|p1a: Terrakion
|faint|p2a: Landorus
|inactive|The Lost Art has 120 seconds left.
|
|switch|p1a: Celebi|Celebi|91/100
|switch|p2a: Victini|Victini|57/100
|-damage|p1a: Celebi|79/100|[from] Stealth Rock
|turn|43
|
|move|p2a: Victini|U-turn|p1a: Celebi
|-supereffective|p1a: Celebi
|-damage|p1a: Celebi|0 fnt
|faint|p1a: Celebi
|
|switch|p2a: Scizor|Scizor, F|67/100
|
|-weather|Hail|[upkeep]
|-damage|p2a: Scizor|61/100|[from] Hail
|upkeep
|
|switch|p1a: Tentacruel|Tentacruel, F|31/100
|-damage|p1a: Tentacruel|19/100|[from] Stealth Rock
|turn|44
|
|move|p2a: Scizor|Aerial Ace|p1a: Tentacruel
|-damage|p1a: Tentacruel|0 fnt
|faint|p1a: Tentacruel
|
|-weather|Hail|[upkeep]
|-damage|p2a: Scizor|55/100|[from] Hail
|upkeep
|
|switch|p1a: Ferrothorn|Ferrothorn, M|57/100
|-damage|p1a: Ferrothorn|51/100|[from] Stealth Rock
|turn|45
|
|switch|p2a: Victini|Victini|57/100
|move|p1a: Ferrothorn|Leech Seed|p2a: Victini
|-start|p2a: Victini|move: Leech Seed
|
|-weather|Hail|[upkeep]
|-damage|p2a: Victini|51/100|[from] Hail
|-damage|p1a: Ferrothorn|45/100|[from] Hail
|-heal|p1a: Ferrothorn|51/100|[from] item: Leftovers
|-damage|p2a: Victini|39/100|[from] Leech Seed|[of] p1a: Ferrothorn
|-heal|p1a: Ferrothorn|63/100|[silent]
|upkeep
|turn|46
|
|move|p1a: Ferrothorn|Protect|p1a: Ferrothorn
|-singleturn|p1a: Ferrothorn|Protect
|move|p2a: Victini|V-create|p1a: Ferrothorn
|-activate|p1a: Ferrothorn|move: Protect
|
|-weather|Hail|[upkeep]
|-damage|p2a: Victini|33/100|[from] Hail
|-damage|p1a: Ferrothorn|57/100|[from] Hail
|-heal|p1a: Ferrothorn|63/100|[from] item: Leftovers
|-damage|p2a: Victini|20/100|[from] Leech Seed|[of] p1a: Ferrothorn
|-heal|p1a: Ferrothorn|75/100|[silent]
|upkeep
|turn|47
|
|switch|p1a: Landorus|Landorus-Therian, M|4/100
|-damage|p1a: Landorus|0 fnt|[from] Stealth Rock
|faint|p1a: Landorus
|move|p2a: Victini|V-create|p1: Landorus|[notarget]
|-notarget
|
|-weather|Hail|[upkeep]
|-damage|p2a: Victini|14/100|[from] Hail
|upkeep
|
|switch|p1a: Ferrothorn|Ferrothorn, M|75/100
|-damage|p1a: Ferrothorn|69/100|[from] Stealth Rock
|turn|48
|
|switch|p2a: Abomasnow|Abomasnow, M|21/100 tox
|move|p1a: Ferrothorn|Protect|p1a: Ferrothorn
|-fail|p1a: Ferrothorn
|
|-weather|Hail|[upkeep]
|-damage|p1a: Ferrothorn|62/100|[from] Hail
|-heal|p1a: Ferrothorn|69/100|[from] item: Leftovers
|-damage|p2a: Abomasnow|15/100 tox|[from] psn
|upkeep
|turn|49
|
|move|p1a: Ferrothorn|Protect|p1a: Ferrothorn
|-singleturn|p1a: Ferrothorn|Protect
|move|p2a: Abomasnow|Hidden Power|p1a: Ferrothorn
|-activate|p1a: Ferrothorn|move: Protect
|
|-weather|Hail|[upkeep]
|-damage|p1a: Ferrothorn|62/100|[from] Hail
|-heal|p1a: Ferrothorn|69/100|[from] item: Leftovers
|-damage|p2a: Abomasnow|3/100 tox|[from] psn
|upkeep
|turn|50
|
|switch|p1a: Politoed|Politoed, M|13/100
|-damage|p1a: Politoed|1/100|[from] Stealth Rock
|-weather|RainDance|[from] ability: Drizzle|[of] p1a: Politoed
|move|p2a: Abomasnow|Hidden Power|p1a: Politoed
|-resisted|p1a: Politoed
|-damage|p1a: Politoed|0 fnt
|faint|p1a: Politoed
|
|-weather|RainDance|[upkeep]
|-damage|p2a: Abomasnow|0 fnt|[from] psn
|upkeep
|faint|p2a: Abomasnow
|inactive|The Lost Art has 120 seconds left.
|
|switch|p1a: Ferrothorn|Ferrothorn, M|69/100
|switch|p2a: Victini|Victini|14/100
|-damage|p1a: Ferrothorn|62/100|[from] Stealth Rock
|turn|51
|inactive|The Lost Art has 120 seconds left.
|
|move|p1a: Ferrothorn|Protect|p1a: Ferrothorn
|-singleturn|p1a: Ferrothorn|Protect
|move|p2a: Victini|V-create|p1a: Ferrothorn
|-activate|p1a: Ferrothorn|move: Protect
|
|-weather|RainDance|[upkeep]
|-heal|p1a: Ferrothorn|69/100|[from] item: Leftovers
|upkeep
|turn|52
|inactive|The Lost Art has 120 seconds left.
|
|move|p2a: Victini|V-create|p1a: Ferrothorn
|-supereffective|p1a: Ferrothorn
|-damage|p1a: Ferrothorn|0 fnt
|-damage|p2a: Victini|2/100|[from] ability: Iron Barbs|[of] p1a: Ferrothorn
|-unboost|p2a: Victini|spe|1
|-unboost|p2a: Victini|def|1
|-unboost|p2a: Victini|spd|1
|faint|p1a: Ferrothorn
|
|win|fluuuuuu
|l|☆The Lost Art
|raw|The Lost Art's rating: 1466 &rarr; <strong>1437</strong><br />(-29 for losing)
|raw|fluuuuuu's rating: 1301 &rarr; <strong>1330</strong><br />(+29 for winning)
