|j|☆hnefl
|j|☆seanb143
|t:|1701756501
|gametype|singles
|player|p1|hnefl|102|1323
|player|p2|seanb143|emmet|1501
|teamsize|p1|6
|teamsize|p2|6
|gen|5
|tier|[Gen 5] OU
|rated|
|rule|Species Clause: Limit one of each Pokémon
|rule|OHKO Clause: OHKO moves are banned
|rule|Moody Clause: Moody is banned
|rule|Evasion Items Clause: Evasion items are banned
|rule|Evasion Moves Clause: Evasion moves are banned
|rule|Endless Battle Clause: Forcing endless battles is banned
|rule|HP Percentage Mod: HP is shown in percentages
|rule|Evasion Abilities Clause: Evasion abilities are banned
|rule|Sleep Moves Clause: Sleep-inducing moves are banned
|rule|Swagger Clause: Swagger is banned
|rule|Baton Pass Stat Clause: No Baton Passer may have a way to boost its stats
|clearpoke
|poke|p1|Cloyster, M|item
|poke|p1|Skarmory, F|item
|poke|p1|Starmie|item
|poke|p1|Scizor, M|item
|poke|p1|Volcarona, M|item
|poke|p1|Landorus-Therian, M|item
|poke|p2|Heatran, M|item
|poke|p2|Jellicent, F|item
|poke|p2|Haxorus, F|item
|poke|p2|Forretress, M|item
|poke|p2|Thundurus-Therian, M|item
|poke|p2|Honchkrow, F|item
|teampreview
|inactive|Battle timer is ON: inactive players will automatically lose when time's up. (requested by seanb143)
|
|t:|1701756510
|start
|switch|p1a: Skarmory|Skarmory, F|100/100
|switch|p2a: Thundurus|Thundurus-Therian, M, shiny|100/100
|turn|1
|
|t:|1701756520
|move|p2a: Thundurus|Hidden Power|p1a: Skarmory
|-damage|p1a: Skarmory|51/100
|move|p1a: Skarmory|Stealth Rock|p2a: Thundurus
|-sidestart|p2: seanb143|move: Stealth Rock
|
|upkeep
|turn|2
|
|t:|1701756527
|move|p2a: Thundurus|Thunder|p1a: Skarmory|[miss]
|-miss|p2a: Thundurus|p1a: Skarmory
|move|p1a: Skarmory|Spikes|p2a: Thundurus
|-sidestart|p2: seanb143|Spikes
|
|upkeep
|turn|3
|
|t:|1701756529
|move|p2a: Thundurus|Thunder|p1a: Skarmory
|-supereffective|p1a: Skarmory
|-damage|p1a: Skarmory|0 fnt
|faint|p1a: Skarmory
|
|upkeep
|
|t:|1701756537
|switch|p1a: Volcarona|Volcarona, M|100/100
|turn|4
|
|t:|1701756540
|switch|p2a: Heatran|Heatran, M, shiny|100/100
|-damage|p2a: Heatran|88/100|[from] Stealth Rock
|-damage|p2a: Heatran|76/100|[from] Spikes
|move|p1a: Volcarona|Quiver Dance|p1a: Volcarona
|-boost|p1a: Volcarona|spa|1
|-boost|p1a: Volcarona|spd|1
|-boost|p1a: Volcarona|spe|1
|
|-heal|p2a: Heatran|82/100|[from] item: Leftovers
|upkeep
|turn|5
|
|t:|1701756543
|move|p1a: Volcarona|Psychic|p2a: Heatran
|-resisted|p2a: Heatran
|-damage|p2a: Heatran|66/100
|move|p2a: Heatran|Stealth Rock|p1a: Volcarona
|-sidestart|p1: hnefl|move: Stealth Rock
|
|-heal|p2a: Heatran|72/100|[from] item: Leftovers
|upkeep
|turn|6
|
|t:|1701756547
|move|p1a: Volcarona|Quiver Dance|p1a: Volcarona
|-boost|p1a: Volcarona|spa|1
|-boost|p1a: Volcarona|spd|1
|-boost|p1a: Volcarona|spe|1
|move|p2a: Heatran|Lava Plume|p1a: Volcarona
|-damage|p1a: Volcarona|83/100
|
|-heal|p2a: Heatran|78/100|[from] item: Leftovers
|upkeep
|turn|7
|
|t:|1701756550
|move|p1a: Volcarona|Quiver Dance|p1a: Volcarona
|-boost|p1a: Volcarona|spa|1
|-boost|p1a: Volcarona|spd|1
|-boost|p1a: Volcarona|spe|1
|move|p2a: Heatran|Roar|p1a: Volcarona
|drag|p1a: Landorus|Landorus-Therian, M|100/100
|-damage|p1a: Landorus|88/100|[from] Stealth Rock
|-ability|p1a: Landorus|Intimidate|boost
|-unboost|p2a: Heatran|atk|1
|
|-heal|p2a: Heatran|84/100|[from] item: Leftovers
|upkeep
|turn|8
|
|t:|1701756556
|move|p2a: Heatran|Protect|p2a: Heatran
|-singleturn|p2a: Heatran|Protect
|move|p1a: Landorus|Rock Polish|p1a: Landorus
|-boost|p1a: Landorus|spe|2
|
|-heal|p2a: Heatran|91/100|[from] item: Leftovers
|upkeep
|turn|9
|
|t:|1701756561
|switch|p2a: Forretress|Forretress, M, shiny|100/100
|-damage|p2a: Forretress|88/100|[from] Stealth Rock
|-damage|p2a: Forretress|76/100|[from] Spikes
|move|p1a: Landorus|Swords Dance|p1a: Landorus
|-boost|p1a: Landorus|atk|2
|
|-heal|p2a: Forretress|82/100|[from] item: Leftovers
|upkeep
|turn|10
|
|t:|1701756564
|move|p1a: Landorus|Earthquake|p2a: Forretress
|-damage|p2a: Forretress|11/100
|move|p2a: Forretress|Rapid Spin|p1a: Landorus
|-damage|p1a: Landorus|84/100
|-sideend|p2: seanb143|Spikes|[from] move: Rapid Spin|[of] p2a: Forretress
|-sideend|p2: seanb143|Stealth Rock|[from] move: Rapid Spin|[of] p2a: Forretress
|
|-heal|p2a: Forretress|17/100|[from] item: Leftovers
|upkeep
|turn|11
|
|t:|1701756574
|move|p1a: Landorus|Earthquake|p2a: Forretress
|-damage|p2a: Forretress|0 fnt
|faint|p2a: Forretress
|
|upkeep
|
|t:|1701756578
|switch|p2a: Honchkrow|Honchkrow, F, shiny|100/100
|turn|12
|
|t:|1701756583
|move|p2a: Honchkrow|Sucker Punch|p1a: Landorus
|-damage|p1a: Landorus|6/100
|move|p1a: Landorus|Stone Edge|p2a: Honchkrow
|-supereffective|p2a: Honchkrow
|-damage|p2a: Honchkrow|0 fnt
|faint|p2a: Honchkrow
|
|upkeep
|
|t:|1701756595
|switch|p2a: Jellicent|Jellicent, F, shiny|100/100
|turn|13
|
|t:|1701756598
|move|p1a: Landorus|Earthquake|p2a: Jellicent
|-damage|p2a: Jellicent|0 fnt
|faint|p2a: Jellicent
|
|upkeep
|
|t:|1701756603
|switch|p2a: Haxorus|Haxorus, F, shiny|100/100
|-ability|p2a: Haxorus|Mold Breaker
|turn|14
|
|t:|1701756605
|move|p1a: Landorus|Earthquake|p2a: Haxorus
|-damage|p2a: Haxorus|0 fnt
|faint|p2a: Haxorus
|
|upkeep
|
|t:|1701756607
|switch|p2a: Thundurus|Thundurus-Therian, M, shiny|100/100
|turn|15
|
|t:|1701756611
|move|p1a: Landorus|Stone Edge|p2a: Thundurus
|-supereffective|p2a: Thundurus
|-damage|p2a: Thundurus|0 fnt
|faint|p2a: Thundurus
|
|upkeep
|
|t:|1701756612
|switch|p2a: Heatran|Heatran, M, shiny|91/100
|turn|16
|
|t:|1701756615
|move|p1a: Landorus|Earthquake|p2a: Heatran
|-supereffective|p2a: Heatran
|-damage|p2a: Heatran|0 fnt
|faint|p2a: Heatran
|
|win|hnefl
|raw|hnefl's rating: 1323 &rarr; <strong>1352</strong><br />(+29 for winning)
|raw|seanb143's rating: 1501 &rarr; <strong>1472</strong><br />(-29 for losing)
|l|☆seanb143
