|j|☆Gen5OU.AntiMeta
|j|☆B (Blaise)
|t:|1735310537
|gametype|singles
|player|p1|Gen5OU.AntiMeta|cyrus|1323
|player|p2|B (Blaise)|n|1379
|teamsize|p1|6
|teamsize|p2|6
|gen|5
|tier|[Gen 5] OU
|rated|
|rule|Species Clause: Limit one of each Pokémon
|rule|OHKO Clause: OHKO moves are banned
|rule|Moody Clause: Moody is banned
|rule|Evasion Items Clause: Evasion items are banned
|rule|Evasion Moves Clause: Evasion moves are banned
|rule|Endless Battle Clause: Forcing endless battles is banned
|rule|HP Percentage Mod: HP is shown in percentages
|rule|Evasion Abilities Clause: Evasion abilities are banned
|rule|Sleep Moves Clause: Sleep-inducing moves are banned
|rule|Swagger Clause: Swagger is banned
|rule|Baton Pass Stat Clause: No Baton Passer may have a way to boost its stats
|clearpoke
|poke|p1|Blissey, F|item
|poke|p1|Mamoswine, M|item
|poke|p1|Hitmontop, M|item
|poke|p1|Zapdos|item
|poke|p1|Breloom, M|item
|poke|p1|Jirachi|item
|poke|p2|Aerodactyl, M|item
|poke|p2|Starmie|item
|poke|p2|Volcarona, F|item
|poke|p2|Dragonite, M|item
|poke|p2|Garchomp, M|item
|poke|p2|Breloom, F|item
|teampreview
|inactive|Battle timer is ON: inactive players will automatically lose when time's up. (requested by Gen5OU.AntiMeta)
|inactive|Gen5OU.AntiMeta has 120 seconds left.
|
|t:|1735310597
|start
|switch|p1a: da vinchi.|Zapdos, shiny|100/100
|switch|p2a: Earth Eagle|Aerodactyl, M|100/100
|-ability|p1a: da vinchi.|Pressure
|turn|1
|
|t:|1735310604
|move|p2a: Earth Eagle|Stealth Rock|p1a: da vinchi.
|-sidestart|p1: Gen5OU.AntiMeta|move: Stealth Rock
|move|p1a: da vinchi.|Volt Switch|p2a: Earth Eagle
|-supereffective|p2a: Earth Eagle
|-enditem|p2a: Earth Eagle|Focus Sash
|-damage|p2a: Earth Eagle|1/100
|
|t:|1735310613
|switch|p1a: Hitmontop|Hitmontop, M|100/100|[from] Volt Switch
|-damage|p1a: Hitmontop|94/100|[from] Stealth Rock
|-ability|p1a: Hitmontop|Intimidate|boost
|-unboost|p2a: Earth Eagle|atk|1
|
|-heal|p1a: Hitmontop|100/100|[from] item: Leftovers
|upkeep
|turn|2
|
|t:|1735310625
|switch|p2a: Hades Kerbecs|Volcarona, F|100/100
|move|p1a: Hitmontop|Rapid Spin|p2a: Hades Kerbecs
|-damage|p2a: Hades Kerbecs|94/100
|-sideend|p1: Gen5OU.AntiMeta|Stealth Rock|[from] move: Rapid Spin|[of] p1a: Hitmontop
|
|upkeep
|turn|3
|
|t:|1735310630
|switch|p2a: Earth Eagle|Aerodactyl, M|1/100
|move|p1a: Hitmontop|Toxic|p2a: Earth Eagle
|-status|p2a: Earth Eagle|tox
|
|-damage|p2a: Earth Eagle|0 fnt|[from] psn
|faint|p2a: Earth Eagle
|upkeep
|
|t:|1735310649
|switch|p2a: Hades Kerbecs|Volcarona, F|94/100
|turn|4
|
|t:|1735310674
|move|p2a: Hades Kerbecs|Quiver Dance|p2a: Hades Kerbecs
|-boost|p2a: Hades Kerbecs|spa|1
|-boost|p2a: Hades Kerbecs|spd|1
|-boost|p2a: Hades Kerbecs|spe|1
|move|p1a: Hitmontop|Toxic|p2a: Hades Kerbecs
|-status|p2a: Hades Kerbecs|tox
|-enditem|p2a: Hades Kerbecs|Lum Berry|[eat]
|-curestatus|p2a: Hades Kerbecs|tox|[msg]
|
|upkeep
|turn|5
|
|t:|1735310680
|move|p2a: Hades Kerbecs|Quiver Dance|p2a: Hades Kerbecs
|-boost|p2a: Hades Kerbecs|spa|1
|-boost|p2a: Hades Kerbecs|spd|1
|-boost|p2a: Hades Kerbecs|spe|1
|move|p1a: Hitmontop|Toxic|p2a: Hades Kerbecs
|-status|p2a: Hades Kerbecs|tox
|
|-damage|p2a: Hades Kerbecs|88/100 tox|[from] psn
|upkeep
|turn|6
|
|t:|1735310682
|switch|p1a: alpha.|Blissey, F, shiny|100/100
|move|p2a: Hades Kerbecs|Quiver Dance|p2a: Hades Kerbecs
|-boost|p2a: Hades Kerbecs|spa|1
|-boost|p2a: Hades Kerbecs|spd|1
|-boost|p2a: Hades Kerbecs|spe|1
|
|-damage|p2a: Hades Kerbecs|76/100 tox|[from] psn
|upkeep
|turn|7
|
|t:|1735310686
|move|p2a: Hades Kerbecs|Fire Blast|p1a: alpha.
|-damage|p1a: alpha.|38/100
|move|p1a: alpha.|Seismic Toss|p2a: Hades Kerbecs
|-damage|p2a: Hades Kerbecs|45/100 tox
|
|-heal|p1a: alpha.|44/100|[from] item: Leftovers
|-damage|p2a: Hades Kerbecs|27/100 tox|[from] psn
|upkeep
|turn|8
|
|t:|1735310697
|move|p2a: Hades Kerbecs|Bug Buzz|p1a: alpha.
|-damage|p1a: alpha.|0 fnt
|faint|p1a: alpha.
|
|-damage|p2a: Hades Kerbecs|3/100 tox|[from] psn
|upkeep
|
|t:|1735310702
|switch|p1a: xio ling.|Mamoswine, M, shiny|100/100
|turn|9
|
|t:|1735310706
|move|p1a: xio ling.|Ice Shard|p2a: Hades Kerbecs
|-resisted|p2a: Hades Kerbecs
|-damage|p2a: Hades Kerbecs|0 fnt
|faint|p2a: Hades Kerbecs
|
|upkeep
|
|t:|1735310709
|switch|p2a: Twisted Tempo|Starmie|100/100
|turn|10
|
|t:|1735310731
|switch|p1a: Hitmontop|Hitmontop, M|100/100
|-ability|p1a: Hitmontop|Intimidate|boost
|-unboost|p2a: Twisted Tempo|atk|1
|move|p2a: Twisted Tempo|Surf|p1a: Hitmontop
|-damage|p1a: Hitmontop|46/100
|
|-heal|p1a: Hitmontop|52/100|[from] item: Leftovers
|upkeep
|turn|11
|
|t:|1735310742
|switch|p2a: Pegasus|Dragonite, M, shiny|100/100
|move|p1a: Hitmontop|High Jump Kick|p2a: Pegasus
|-resisted|p2a: Pegasus
|-crit|p2a: Pegasus
|-damage|p2a: Pegasus|77/100
|
|-heal|p2a: Pegasus|83/100|[from] item: Leftovers
|-heal|p1a: Hitmontop|59/100|[from] item: Leftovers
|upkeep
|turn|12
|
|t:|1735310762
|move|p2a: Pegasus|Dragon Dance|p2a: Pegasus
|-boost|p2a: Pegasus|atk|1
|-boost|p2a: Pegasus|spe|1
|move|p1a: Hitmontop|Toxic|p2a: Pegasus
|-status|p2a: Pegasus|tox
|
|-heal|p2a: Pegasus|90/100 tox|[from] item: Leftovers
|-heal|p1a: Hitmontop|65/100|[from] item: Leftovers
|-damage|p2a: Pegasus|83/100 tox|[from] psn
|upkeep
|turn|13
|
|t:|1735310773
|move|p2a: Pegasus|Dragon Dance|p2a: Pegasus
|-boost|p2a: Pegasus|atk|1
|-boost|p2a: Pegasus|spe|1
|move|p1a: Hitmontop|High Jump Kick|p2a: Pegasus
|-resisted|p2a: Pegasus
|-crit|p2a: Pegasus
|-damage|p2a: Pegasus|38/100 tox
|
|-heal|p2a: Pegasus|44/100 tox|[from] item: Leftovers
|-heal|p1a: Hitmontop|71/100|[from] item: Leftovers
|-damage|p2a: Pegasus|32/100 tox|[from] psn
|upkeep
|turn|14
|
|t:|1735310787
|move|p2a: Pegasus|Outrage|p1a: Hitmontop
|-damage|p1a: Hitmontop|0 fnt
|faint|p1a: Hitmontop
|
|-heal|p2a: Pegasus|38/100 tox|[from] item: Leftovers
|-damage|p2a: Pegasus|19/100 tox|[from] psn
|upkeep
|
|t:|1735310796
|switch|p1a: xio ling.|Mamoswine, M, shiny|100/100
|turn|15
|
|t:|1735310798
|move|p1a: xio ling.|Ice Shard|p2a: Pegasus
|-supereffective|p2a: Pegasus
|-damage|p2a: Pegasus|0 fnt
|faint|p2a: Pegasus
|
|upkeep
|c|☆Gen5OU.AntiMeta|gg
|
|t:|1735310800
|switch|p2a: Twisted Tempo|Starmie|100/100
|turn|16
|
|t:|1735310807
|switch|p1a: aries god of war.|Breloom, M, shiny|100/100
|move|p2a: Twisted Tempo|Surf|p1a: aries god of war.
|-resisted|p1a: aries god of war.
|-damage|p1a: aries god of war.|57/100
|
|upkeep
|turn|17
|
|t:|1735310811
|move|p1a: aries god of war.|Mach Punch|p2a: Twisted Tempo
|-resisted|p2a: Twisted Tempo
|-damage|p2a: Twisted Tempo|68/100
|move|p2a: Twisted Tempo|Ice Beam|p1a: aries god of war.
|-supereffective|p1a: aries god of war.
|-damage|p1a: aries god of war.|0 fnt
|faint|p1a: aries god of war.
|
|upkeep
|
|t:|1735310816
|switch|p1a: da vinchi.|Zapdos, shiny|100/100
|-ability|p1a: da vinchi.|Pressure
|turn|18
|
|t:|1735310821
|switch|p2a: L-Drago|Garchomp, M|100/100
|move|p1a: da vinchi.|Volt Switch|p2a: L-Drago
|-immune|p2a: L-Drago
|
|upkeep
|turn|19
|
|t:|1735310832
|move|p2a: L-Drago|Swords Dance|p2a: L-Drago
|-boost|p2a: L-Drago|atk|2
|move|p1a: da vinchi.|Hidden Power|p2a: L-Drago
|-supereffective|p2a: L-Drago
|-enditem|p2a: L-Drago|Focus Sash
|-damage|p2a: L-Drago|1/100
|
|upkeep
|turn|20
|inactive|Gen5OU.AntiMeta has 120 seconds left.
|
|t:|1735310882
|move|p2a: L-Drago|Outrage|p1a: da vinchi.
|-damage|p1a: da vinchi.|0 fnt
|faint|p1a: da vinchi.
|
|upkeep
|
|t:|1735310885
|switch|p1a: xio ling.|Mamoswine, M, shiny|100/100
|turn|21
|j| chomp29
|
|t:|1735310890
|move|p1a: xio ling.|Ice Shard|p2a: L-Drago
|-supereffective|p2a: L-Drago
|-damage|p2a: L-Drago|0 fnt
|faint|p2a: L-Drago
|
|upkeep
|
|t:|1735310900
|switch|p2a: Twisted Tempo|Starmie|68/100
|turn|22
|
|t:|1735310902
|switch|p1a: Jirachi|Jirachi|100/100
|move|p2a: Twisted Tempo|Surf|p1a: Jirachi
|-damage|p1a: Jirachi|56/100
|
|-heal|p1a: Jirachi|63/100|[from] item: Leftovers
|upkeep
|turn|23
|
|t:|1735310906
|move|p2a: Twisted Tempo|Surf|p1a: Jirachi
|-damage|p1a: Jirachi|25/100
|move|p1a: Jirachi|Icy Wind|p2a: Twisted Tempo
|-resisted|p2a: Twisted Tempo
|-damage|p2a: Twisted Tempo|60/100
|-unboost|p2a: Twisted Tempo|spe|1
|
|-heal|p1a: Jirachi|31/100|[from] item: Leftovers
|upkeep
|turn|24
|
|t:|1735310910
|move|p2a: Twisted Tempo|Surf|p1a: Jirachi
|-damage|p1a: Jirachi|0 fnt
|faint|p1a: Jirachi
|
|upkeep
|c|☆B (Blaise)|gg
|
|t:|1735310914
|switch|p1a: xio ling.|Mamoswine, M, shiny|100/100
|turn|25
|
|t:|1735310917
|move|p1a: xio ling.|Ice Shard|p2a: Twisted Tempo
|-resisted|p2a: Twisted Tempo
|-damage|p2a: Twisted Tempo|33/100
|move|p2a: Twisted Tempo|Surf|p1a: xio ling.
|-supereffective|p1a: xio ling.
|-damage|p1a: xio ling.|0 fnt
|faint|p1a: xio ling.
|
|win|B (Blaise)
|raw|Gen5OU.AntiMeta's rating: 1323 &rarr; <strong>1306</strong><br />(-17 for losing)
|raw|B (Blaise)'s rating: 1379 &rarr; <strong>1396</strong><br />(+17 for winning)
|c|☆B (Blaise)|ahah
|l|☆Gen5OU.AntiMeta
|player|p1|
|l| chomp29
