|j|☆leoperi99
|j|☆Heroico Insano
|t:|1741043717
|gametype|singles
|player|p1|leoperi99|kris-gen2|1582
|player|p2|Heroico Insano|lady-gen4|1447
|teamsize|p1|6
|teamsize|p2|6
|gen|5
|tier|[Gen 5] OU
|rated|
|rule|Species Clause: Limit one of each Pokémon
|rule|OHKO Clause: OHKO moves are banned
|rule|Moody Clause: Moody is banned
|rule|Evasion Items Clause: Evasion items are banned
|rule|Evasion Moves Clause: Evasion moves are banned
|rule|Endless Battle Clause: Forcing endless battles is banned
|rule|HP Percentage Mod: HP is shown in percentages
|rule|Evasion Abilities Clause: Evasion abilities are banned
|rule|Sleep Moves Clause: Sleep-inducing moves are banned
|rule|Swagger Clause: Swagger is banned
|rule|Baton Pass Stat Clause: No Baton Passer may have a way to boost its stats
|clearpoke
|poke|p1|Reuniclus, M|item
|poke|p1|Tyranitar, M|item
|poke|p1|Bronzong|item
|poke|p1|Flygon, M|item
|poke|p1|Jirachi|item
|poke|p1|Seismitoad, M|item
|poke|p2|Toxicroak, M|item
|poke|p2|Politoed, F|item
|poke|p2|Ferrothorn, M|item
|poke|p2|Excadrill, F|item
|poke|p2|Latios, M|item
|poke|p2|Thundurus-Therian, M|item
|teampreview
|inactive|Battle timer is ON: inactive players will automatically lose when time's up. (requested by Heroico Insano)
|
|t:|1741043746
|start
|switch|p1a: Reuniclus|Reuniclus, M|100/100
|switch|p2a: Ferrothorn|Ferrothorn, M|100/100
|turn|1
|
|t:|1741043750
|switch|p2a: Politoed|Politoed, F|100/100
|-weather|RainDance|[from] ability: Drizzle|[of] p2a: Politoed
|move|p1a: Reuniclus|Trick Room|p1a: Reuniclus
|-fieldstart|move: Trick Room|[of] p1a: Reuniclus
|
|-weather|RainDance|[upkeep]
|upkeep
|turn|2
|
|t:|1741043752
|move|p2a: Politoed|Protect|p2a: Politoed
|-singleturn|p2a: Politoed|Protect
|move|p1a: Reuniclus|Psychic|p2a: Politoed
|-activate|p2a: Politoed|move: Protect
|
|-weather|RainDance|[upkeep]
|upkeep
|turn|3
|
|t:|1741043756
|move|p1a: Reuniclus|Psychic|p2a: Politoed
|-damage|p2a: Politoed|44/100
|move|p2a: Politoed|Encore|p1a: Reuniclus
|-start|p1a: Reuniclus|Encore
|
|-weather|RainDance|[upkeep]
|-heal|p2a: Politoed|50/100|[from] item: Leftovers
|upkeep
|turn|4
|
|t:|1741043759
|switch|p2a: Ferrothorn|Ferrothorn, M|100/100
|move|p1a: Reuniclus|Psychic|p2a: Ferrothorn
|-resisted|p2a: Ferrothorn
|-damage|p2a: Ferrothorn|80/100
|
|-weather|RainDance|[upkeep]
|-heal|p2a: Ferrothorn|87/100|[from] item: Leftovers
|upkeep
|turn|5
|
|t:|1741043764
|move|p2a: Ferrothorn|Spikes|p1a: Reuniclus
|-sidestart|p1: leoperi99|Spikes
|move|p1a: Reuniclus|Psychic|p2a: Ferrothorn
|-resisted|p2a: Ferrothorn
|-damage|p2a: Ferrothorn|67/100
|
|-weather|RainDance|[upkeep]
|-heal|p2a: Ferrothorn|74/100|[from] item: Leftovers
|-fieldend|move: Trick Room
|upkeep
|turn|6
|
|t:|1741043775
|move|p1a: Reuniclus|Psychic|p2a: Ferrothorn
|-resisted|p2a: Ferrothorn
|-damage|p2a: Ferrothorn|52/100
|move|p2a: Ferrothorn|Gyro Ball|p1a: Reuniclus
|-damage|p1a: Reuniclus|88/100
|
|-weather|RainDance|[upkeep]
|-heal|p2a: Ferrothorn|58/100|[from] item: Leftovers
|-end|p1a: Reuniclus|Encore
|upkeep
|turn|7
|
|t:|1741043778
|move|p1a: Reuniclus|Focus Blast|p2a: Ferrothorn
|-supereffective|p2a: Ferrothorn
|-crit|p2a: Ferrothorn
|-damage|p2a: Ferrothorn|0 fnt
|faint|p2a: Ferrothorn
|
|-weather|RainDance|[upkeep]
|upkeep
|
|t:|1741043781
|switch|p2a: Thundurus|Thundurus-Therian, M|100/100
|turn|8
|
|t:|1741043787
|switch|p1a: Seismitoad|Seismitoad, M|100/100
|-damage|p1a: Seismitoad|88/100|[from] Spikes
|move|p2a: Thundurus|Focus Blast|p1a: Seismitoad
|-damage|p1a: Seismitoad|43/100
|
|-weather|RainDance|[upkeep]
|-heal|p1a: Seismitoad|49/100|[from] item: Leftovers
|upkeep
|turn|9
|
|t:|1741043796
|switch|p2a: Excadrill|Excadrill, F|100/100
|-ability|p2a: Excadrill|Mold Breaker
|move|p1a: Seismitoad|Scald|p2a: Excadrill
|-supereffective|p2a: Excadrill
|-damage|p2a: Excadrill|17/100
|
|-weather|RainDance|[upkeep]
|-heal|p2a: Excadrill|23/100|[from] item: Leftovers
|-heal|p1a: Seismitoad|55/100|[from] item: Leftovers
|upkeep
|turn|10
|
|t:|1741043801
|move|p1a: Seismitoad|Protect|p1a: Seismitoad
|-singleturn|p1a: Seismitoad|Protect
|move|p2a: Excadrill|Stealth Rock|p1a: Seismitoad
|-sidestart|p1: leoperi99|move: Stealth Rock
|
|-weather|RainDance|[upkeep]
|-heal|p2a: Excadrill|30/100|[from] item: Leftovers
|-heal|p1a: Seismitoad|61/100|[from] item: Leftovers
|upkeep
|turn|11
|
|t:|1741043803
|move|p2a: Excadrill|Earthquake|p1a: Seismitoad
|-damage|p1a: Seismitoad|21/100
|move|p1a: Seismitoad|Stealth Rock|p2a: Excadrill
|-sidestart|p2: Heroico Insano|move: Stealth Rock
|
|-weather|RainDance|[upkeep]
|-heal|p2a: Excadrill|36/100|[from] item: Leftovers
|-heal|p1a: Seismitoad|27/100|[from] item: Leftovers
|upkeep
|turn|12
|
|t:|1741043807
|move|p2a: Excadrill|Earthquake|p1a: Seismitoad
|-damage|p1a: Seismitoad|0 fnt
|faint|p1a: Seismitoad
|
|-weather|RainDance|[upkeep]
|-heal|p2a: Excadrill|42/100|[from] item: Leftovers
|upkeep
|
|t:|1741043811
|switch|p1a: Flygon|Flygon, M|100/100
|-damage|p1a: Flygon|95/100|[from] Stealth Rock
|turn|13
|
|t:|1741043814
|switch|p2a: Politoed|Politoed, F|50/100
|-damage|p2a: Politoed|38/100|[from] Stealth Rock
|move|p1a: Flygon|Earthquake|p2a: Politoed
|-damage|p2a: Politoed|0 fnt
|faint|p2a: Politoed
|
|-weather|RainDance|[upkeep]
|upkeep
|
|t:|1741043820
|switch|p2a: Latios|Latios, M|100/100
|-damage|p2a: Latios|88/100|[from] Stealth Rock
|turn|14
|
|t:|1741043824
|switch|p2a: Excadrill|Excadrill, F|42/100
|-damage|p2a: Excadrill|39/100|[from] Stealth Rock
|-ability|p2a: Excadrill|Mold Breaker
|switch|p1a: Tyranitar|Tyranitar, M|100/100
|-damage|p1a: Tyranitar|88/100|[from] Spikes
|-damage|p1a: Tyranitar|76/100|[from] Stealth Rock
|-weather|Sandstorm|[from] ability: Sand Stream|[of] p1a: Tyranitar
|
|-weather|Sandstorm|[upkeep]
|-heal|p2a: Excadrill|45/100|[from] item: Leftovers
|upkeep
|turn|15
|
|t:|1741043828
|move|p2a: Excadrill|Earthquake|p1a: Tyranitar
|-supereffective|p1a: Tyranitar
|-damage|p1a: Tyranitar|0 fnt
|faint|p1a: Tyranitar
|
|-weather|Sandstorm|[upkeep]
|-heal|p2a: Excadrill|51/100|[from] item: Leftovers
|upkeep
|
|t:|1741043841
|switch|p1a: Bronzong|Bronzong|100/100
|-damage|p1a: Bronzong|94/100|[from] Stealth Rock
|turn|16
|
|t:|1741043844
|move|p2a: Excadrill|Earthquake|p1a: Bronzong
|-supereffective|p1a: Bronzong
|-damage|p1a: Bronzong|5/100
|move|p1a: Bronzong|Trick Room|p1a: Bronzong
|-fieldstart|move: Trick Room|[of] p1a: Bronzong
|
|-weather|Sandstorm|[upkeep]
|-heal|p2a: Excadrill|58/100|[from] item: Leftovers
|upkeep
|turn|17
|
|t:|1741043849
|switch|p2a: Toxicroak|Toxicroak, M|100/100
|-damage|p2a: Toxicroak|94/100|[from] Stealth Rock
|move|p1a: Bronzong|Earthquake|p2a: Toxicroak
|-supereffective|p2a: Toxicroak
|-damage|p2a: Toxicroak|0 fnt
|faint|p2a: Toxicroak
|-damage|p1a: Bronzong|0 fnt|[from] item: Life Orb
|faint|p1a: Bronzong
|
|-weather|Sandstorm|[upkeep]
|upkeep
|
|t:|1741043859
|switch|p1a: Reuniclus|Reuniclus, M|88/100
|switch|p2a: Latios|Latios, M|88/100
|-damage|p2a: Latios|76/100|[from] Stealth Rock
|turn|18
|
|t:|1741043862
|move|p1a: Reuniclus|Psychic|p2a: Latios
|-resisted|p2a: Latios
|-damage|p2a: Latios|41/100
|move|p2a: Latios|Trick|p1a: Reuniclus
|-activate|p2a: Latios|move: Trick|[of] p1a: Reuniclus
|-item|p1a: Reuniclus|Choice Scarf|[from] move: Trick
|-item|p2a: Latios|Life Orb|[from] move: Trick
|
|-weather|Sandstorm|[upkeep]
|-damage|p2a: Latios|35/100|[from] Sandstorm
|upkeep
|turn|19
|
|t:|1741043869
|move|p1a: Reuniclus|Psychic|p2a: Latios
|-resisted|p2a: Latios
|-damage|p2a: Latios|9/100
|move|p2a: Latios|Recover|p2a: Latios
|-heal|p2a: Latios|59/100
|
|-weather|Sandstorm|[upkeep]
|-damage|p2a: Latios|53/100|[from] Sandstorm
|upkeep
|turn|20
|
|t:|1741043871
|switch|p1a: Jirachi|Jirachi|100/100
|-damage|p1a: Jirachi|88/100|[from] Spikes
|-damage|p1a: Jirachi|82/100|[from] Stealth Rock
|move|p2a: Latios|Recover|p2a: Latios
|-heal|p2a: Latios|100/100
|
|-weather|Sandstorm|[upkeep]
|-damage|p2a: Latios|95/100|[from] Sandstorm
|-heal|p1a: Jirachi|88/100|[from] item: Leftovers
|-fieldend|move: Trick Room
|upkeep
|turn|21
|
|t:|1741043876
|switch|p2a: Thundurus|Thundurus-Therian, M|100/100
|-damage|p2a: Thundurus|76/100|[from] Stealth Rock
|move|p1a: Jirachi|Iron Head|p2a: Thundurus
|-resisted|p2a: Thundurus
|-damage|p2a: Thundurus|58/100
|
|-weather|Sandstorm|[upkeep]
|-damage|p2a: Thundurus|52/100|[from] Sandstorm
|-heal|p1a: Jirachi|94/100|[from] item: Leftovers
|-heal|p2a: Thundurus|58/100|[from] item: Leftovers
|upkeep
|turn|22
|
|t:|1741043882
|switch|p1a: Flygon|Flygon, M|95/100
|-damage|p1a: Flygon|89/100|[from] Stealth Rock
|move|p2a: Thundurus|Thunder|p1a: Flygon
|-immune|p1a: Flygon
|
|-weather|Sandstorm|[upkeep]
|-damage|p2a: Thundurus|52/100|[from] Sandstorm
|-heal|p2a: Thundurus|58/100|[from] item: Leftovers
|upkeep
|turn|23
|
|t:|1741043886
|move|p1a: Flygon|Outrage|p2a: Thundurus
|-damage|p2a: Thundurus|0 fnt
|faint|p2a: Thundurus
|
|-weather|Sandstorm|[upkeep]
|upkeep
|
|t:|1741043887
|switch|p2a: Excadrill|Excadrill, F|58/100
|-damage|p2a: Excadrill|54/100|[from] Stealth Rock
|-ability|p2a: Excadrill|Mold Breaker
|turn|24
|
|t:|1741043890
|move|p1a: Flygon|Outrage|p2a: Excadrill|[from] lockedmove
|-resisted|p2a: Excadrill
|-damage|p2a: Excadrill|25/100
|-start|p1a: Flygon|confusion|[fatigue]
|move|p2a: Excadrill|Earthquake|p1a: Flygon
|-damage|p1a: Flygon|22/100
|
|-weather|Sandstorm|[upkeep]
|-heal|p2a: Excadrill|31/100|[from] item: Leftovers
|upkeep
|turn|25
|
|t:|1741043896
|switch|p1a: Reuniclus|Reuniclus, M|88/100
|move|p2a: Excadrill|Earthquake|p1a: Reuniclus
|-damage|p1a: Reuniclus|45/100
|
|-weather|Sandstorm|[upkeep]
|-heal|p2a: Excadrill|37/100|[from] item: Leftovers
|upkeep
|turn|26
|
|t:|1741043903
|switch|p2a: Latios|Latios, M|95/100
|-damage|p2a: Latios|82/100|[from] Stealth Rock
|move|p1a: Reuniclus|Psychic|p2a: Latios
|-resisted|p2a: Latios
|-damage|p2a: Latios|56/100
|-unboost|p2a: Latios|spd|1
|
|-weather|Sandstorm|[upkeep]
|-damage|p2a: Latios|50/100|[from] Sandstorm
|upkeep
|turn|27
|
|t:|1741043905
|move|p2a: Latios|Surf|p1a: Reuniclus
|-damage|p1a: Reuniclus|0 fnt
|faint|p1a: Reuniclus
|-damage|p2a: Latios|40/100|[from] item: Life Orb
|
|-weather|Sandstorm|[upkeep]
|-damage|p2a: Latios|34/100|[from] Sandstorm
|upkeep
|
|t:|1741043912
|switch|p1a: Flygon|Flygon, M|22/100
|-damage|p1a: Flygon|16/100|[from] Stealth Rock
|turn|28
|
|t:|1741043914
|switch|p2a: Excadrill|Excadrill, F|37/100
|-damage|p2a: Excadrill|34/100|[from] Stealth Rock
|-ability|p2a: Excadrill|Mold Breaker
|move|p1a: Flygon|Outrage|p2a: Excadrill
|-resisted|p2a: Excadrill
|-damage|p2a: Excadrill|5/100
|
|-weather|Sandstorm|[upkeep]
|-heal|p2a: Excadrill|11/100|[from] item: Leftovers
|upkeep
|turn|29
|
|t:|1741043919
|move|p1a: Flygon|Outrage|p2a: Excadrill|[from] lockedmove
|-resisted|p2a: Excadrill
|-damage|p2a: Excadrill|0 fnt
|faint|p2a: Excadrill
|
|-weather|Sandstorm|[upkeep]
|upkeep
|
|t:|1741043920
|switch|p2a: Latios|Latios, M|34/100
|-damage|p2a: Latios|22/100|[from] Stealth Rock
|turn|30
|
|t:|1741043921
|move|p1a: Flygon|Outrage|p2a: Latios|[from] lockedmove
|-supereffective|p2a: Latios
|-crit|p2a: Latios
|-damage|p2a: Latios|0 fnt
|faint|p2a: Latios
|-start|p1a: Flygon|confusion|[fatigue]
|
|win|leoperi99
|raw|leoperi99's rating: 1582 &rarr; <strong>1595</strong><br />(+13 for winning)
|raw|Heroico Insano's rating: 1447 &rarr; <strong>1434</strong><br />(-13 for losing)
|c|☆leoperi99|gg
|c|☆Heroico Insano|Gg
|c|☆Heroico Insano|Fast rschu?
|c|☆leoperi99|yeah
|l|☆Heroico Insano
|player|p2|
