|j|☆Pineapple8081
|j|☆Crimsonbacon38
|t:|1721251340
|gametype|singles
|player|p1|Pineapple8081|veteranf|1386
|player|p2|Crimsonbacon38|barry|1324
|teamsize|p1|6
|teamsize|p2|6
|gen|5
|tier|[Gen 5] OU
|rated|
|rule|Species Clause: Limit one of each Pokémon
|rule|OHKO Clause: OHKO moves are banned
|rule|Moody Clause: Moody is banned
|rule|Evasion Items Clause: Evasion items are banned
|rule|Evasion Moves Clause: Evasion moves are banned
|rule|Endless Battle Clause: Forcing endless battles is banned
|rule|HP Percentage Mod: HP is shown in percentages
|rule|Evasion Abilities Clause: Evasion abilities are banned
|rule|Sleep Moves Clause: Sleep-inducing moves are banned
|rule|Swagger Clause: Swagger is banned
|rule|Baton Pass Stat Clause: No Baton Passer may have a way to boost its stats
|clearpoke
|poke|p1|Reuniclus, F|item
|poke|p1|Clefable, F|item
|poke|p1|Tyranitar, F|item
|poke|p1|Excadrill, F|item
|poke|p1|Skarmory, F|item
|poke|p1|Alakazam, F|item
|poke|p2|Tyranitar, M|item
|poke|p2|Ferrothorn, M|item
|poke|p2|Mamoswine, F|item
|poke|p2|Rotom-Wash|item
|poke|p2|Heatran, F|item
|poke|p2|Latios, M|item
|teampreview
|inactive|Battle timer is ON: inactive players will automatically lose when time's up. (requested by Pineapple8081)
|
|t:|1721251362
|start
|switch|p1a: Clefable|Clefable, F|100/100
|switch|p2a: Tyranitar|Tyranitar, M|100/100
|-weather|Sandstorm|[from] ability: Sand Stream|[of] p2a: Tyranitar
|turn|1
|
|t:|1721251380
|switch|p2a: Rotom|Rotom-Wash|100/100
|move|p1a: Clefable|Stealth Rock|p2a: Rotom
|-sidestart|p2: Crimsonbacon38|move: Stealth Rock
|
|-weather|Sandstorm|[upkeep]
|-damage|p2a: Rotom|94/100|[from] Sandstorm
|-heal|p2a: Rotom|100/100|[from] item: Leftovers
|upkeep
|turn|2
|
|t:|1721251386
|move|p2a: Rotom|Volt Switch|p1a: Clefable
|-damage|p1a: Clefable|76/100
|
|t:|1721251388
|switch|p2a: Ferrothorn|Ferrothorn, M|100/100|[from] Volt Switch
|-damage|p2a: Ferrothorn|94/100|[from] Stealth Rock
|move|p1a: Clefable|Thunder Wave|p2a: Ferrothorn
|-status|p2a: Ferrothorn|par
|
|-weather|Sandstorm|[upkeep]
|-heal|p1a: Clefable|82/100|[from] item: Leftovers
|-heal|p2a: Ferrothorn|100/100 par|[from] item: Leftovers
|upkeep
|turn|3
|
|t:|1721251403
|switch|p1a: Skarmory|Skarmory, F|100/100
|move|p2a: Ferrothorn|Stealth Rock|p1a: Skarmory
|-sidestart|p1: Pineapple8081|move: Stealth Rock
|
|-weather|Sandstorm|[upkeep]
|upkeep
|turn|4
|
|t:|1721251407
|move|p1a: Skarmory|Spikes|p2a: Ferrothorn
|-sidestart|p2: Crimsonbacon38|Spikes
|move|p2a: Ferrothorn|Knock Off|p1a: Skarmory
|-resisted|p1a: Skarmory
|-damage|p1a: Skarmory|99/100
|-enditem|p1a: Skarmory|Leftovers|[from] move: Knock Off|[of] p2a: Ferrothorn
|
|-weather|Sandstorm|[upkeep]
|upkeep
|turn|5
|
|t:|1721251411
|move|p1a: Skarmory|Spikes|p2a: Ferrothorn
|-sidestart|p2: Crimsonbacon38|Spikes
|move|p2a: Ferrothorn|Spikes|p1a: Skarmory
|-sidestart|p1: Pineapple8081|Spikes
|
|-weather|Sandstorm|[upkeep]
|upkeep
|turn|6
|
|t:|1721251441
|switch|p2a: Rotom|Rotom-Wash|100/100
|-damage|p2a: Rotom|88/100|[from] Stealth Rock
|move|p1a: Skarmory|Spikes|p2a: Rotom
|-sidestart|p2: Crimsonbacon38|Spikes
|
|-weather|Sandstorm|[upkeep]
|-damage|p2a: Rotom|82/100|[from] Sandstorm
|-heal|p2a: Rotom|88/100|[from] item: Leftovers
|upkeep
|turn|7
|
|t:|1721251451
|switch|p1a: Clefable|Clefable, F|82/100
|move|p2a: Rotom|Volt Switch|p1a: Clefable
|-damage|p1a: Clefable|58/100
|
|t:|1721251462
|switch|p2a: Tyranitar|Tyranitar, M|100/100|[from] Volt Switch
|-damage|p2a: Tyranitar|88/100|[from] Stealth Rock
|-damage|p2a: Tyranitar|63/100|[from] Spikes
|
|-weather|Sandstorm|[upkeep]
|-heal|p1a: Clefable|64/100|[from] item: Leftovers
|upkeep
|turn|8
|
|t:|1721251468
|move|p2a: Tyranitar|Superpower|p1a: Clefable
|-supereffective|p1a: Clefable
|-damage|p1a: Clefable|0 fnt
|-unboost|p2a: Tyranitar|atk|1
|-unboost|p2a: Tyranitar|def|1
|faint|p1a: Clefable
|
|-weather|Sandstorm|[upkeep]
|upkeep
|
|t:|1721251474
|switch|p1a: Excadrill|Excadrill, F|100/100
|-damage|p1a: Excadrill|97/100|[from] Stealth Rock
|-damage|p1a: Excadrill|85/100|[from] Spikes
|turn|9
|
|t:|1721251477
|switch|p2a: Rotom|Rotom-Wash|88/100
|-damage|p2a: Rotom|75/100|[from] Stealth Rock
|move|p1a: Excadrill|Iron Head|p2a: Rotom
|-resisted|p2a: Rotom
|-damage|p2a: Rotom|63/100
|
|-weather|Sandstorm|[upkeep]
|-damage|p2a: Rotom|57/100|[from] Sandstorm
|-heal|p1a: Excadrill|91/100|[from] item: Leftovers
|-heal|p2a: Rotom|63/100|[from] item: Leftovers
|upkeep
|turn|10
|
|t:|1721251484
|move|p1a: Excadrill|Protect|p1a: Excadrill
|-singleturn|p1a: Excadrill|Protect
|move|p2a: Rotom|Will-O-Wisp|p1a: Excadrill
|-activate|p1a: Excadrill|move: Protect
|
|-weather|Sandstorm|[upkeep]
|-damage|p2a: Rotom|57/100|[from] Sandstorm
|-heal|p1a: Excadrill|97/100|[from] item: Leftovers
|-heal|p2a: Rotom|63/100|[from] item: Leftovers
|upkeep
|turn|11
|j| darkxskies
|
|t:|1721251495
|switch|p1a: Reuniclus|Reuniclus, F|100/100
|move|p2a: Rotom|Pain Split|p1a: Reuniclus
|-sethp|p1a: Reuniclus|73/100|[from] move: Pain Split|[silent]
|-sethp|p2a: Rotom|100/100|[from] move: Pain Split
|
|-weather|Sandstorm|[upkeep]
|-damage|p2a: Rotom|94/100|[from] Sandstorm
|-heal|p2a: Rotom|100/100|[from] item: Leftovers
|-heal|p1a: Reuniclus|79/100|[from] item: Leftovers
|upkeep
|turn|12
|
|t:|1721251501
|move|p2a: Rotom|Volt Switch|p1a: Reuniclus
|-damage|p1a: Reuniclus|57/100
|
|t:|1721251514
|switch|p2a: Tyranitar|Tyranitar, M|63/100|[from] Volt Switch
|-damage|p2a: Tyranitar|51/100|[from] Stealth Rock
|-damage|p2a: Tyranitar|26/100|[from] Spikes
|move|p1a: Reuniclus|Psychic|p2a: Tyranitar
|-immune|p2a: Tyranitar
|
|-weather|Sandstorm|[upkeep]
|-heal|p1a: Reuniclus|63/100|[from] item: Leftovers
|upkeep
|turn|13
|
|t:|1721251524
|move|p2a: Tyranitar|Pursuit|p1a: Reuniclus
|-supereffective|p1a: Reuniclus
|-damage|p1a: Reuniclus|34/100
|move|p1a: Reuniclus|Recover|p1a: Reuniclus
|-heal|p1a: Reuniclus|84/100
|
|-weather|Sandstorm|[upkeep]
|-heal|p1a: Reuniclus|91/100|[from] item: Leftovers
|upkeep
|turn|14
|
|t:|1721251531
|switch|p1a: Skarmory|Skarmory, F|99/100
|-damage|p1a: Skarmory|87/100|[from] Stealth Rock
|move|p2a: Tyranitar|Thunder Wave|p1a: Skarmory
|-status|p1a: Skarmory|par
|
|-weather|Sandstorm|[upkeep]
|upkeep
|turn|15
|
|t:|1721251540
|move|p2a: Tyranitar|Crunch|p1a: Skarmory
|-resisted|p1a: Skarmory
|-damage|p1a: Skarmory|72/100 par
|-unboost|p1a: Skarmory|def|1
|move|p1a: Skarmory|Whirlwind|p2a: Tyranitar
|drag|p2a: Mamoswine|Mamoswine, F|100/100
|-damage|p2a: Mamoswine|88/100|[from] Stealth Rock
|-damage|p2a: Mamoswine|63/100|[from] Spikes
|
|-weather|Sandstorm|[upkeep]
|upkeep
|turn|16
|
|t:|1721251544
|move|p2a: Mamoswine|Superpower|p1a: Skarmory
|-damage|p1a: Skarmory|0 fnt
|-unboost|p2a: Mamoswine|atk|1
|-unboost|p2a: Mamoswine|def|1
|faint|p1a: Skarmory
|
|-weather|Sandstorm|[upkeep]
|upkeep
|
|t:|1721251547
|switch|p1a: Alakazam|Alakazam, F|100/100
|turn|17
|
|t:|1721251554
|switch|p2a: Latios|Latios, M|100/100
|-damage|p2a: Latios|88/100|[from] Stealth Rock
|move|p1a: Alakazam|Psychic|p2a: Latios
|-resisted|p2a: Latios
|-damage|p2a: Latios|64/100
|
|-weather|Sandstorm|[upkeep]
|-damage|p2a: Latios|58/100|[from] Sandstorm
|upkeep
|turn|18
|
|t:|1721251562
|move|p1a: Alakazam|Shadow Ball|p2a: Latios
|-supereffective|p2a: Latios
|-damage|p2a: Latios|0 fnt
|faint|p2a: Latios
|
|-weather|Sandstorm|[upkeep]
|upkeep
|
|t:|1721251573
|switch|p2a: Rotom|Rotom-Wash|100/100
|-damage|p2a: Rotom|88/100|[from] Stealth Rock
|turn|19
|
|t:|1721251578
|move|p1a: Alakazam|Psychic|p2a: Rotom
|-damage|p2a: Rotom|40/100
|move|p2a: Rotom|Volt Switch|p1a: Alakazam
|-damage|p1a: Alakazam|65/100
|
|t:|1721251606
|switch|p2a: Heatran|Heatran, F|100/100|[from] Volt Switch
|-damage|p2a: Heatran|88/100|[from] Stealth Rock
|-damage|p2a: Heatran|63/100|[from] Spikes
|
|-weather|Sandstorm|[upkeep]
|upkeep
|turn|20
|
|t:|1721251619
|move|p2a: Heatran|Earth Power|p1a: Alakazam
|-damage|p1a: Alakazam|14/100
|move|p1a: Alakazam|Psychic|p2a: Heatran
|-resisted|p2a: Heatran
|-damage|p2a: Heatran|38/100
|
|-weather|Sandstorm|[upkeep]
|upkeep
|turn|21
|
|t:|1721251627
|switch|p1a: Tyranitar|Tyranitar, F|100/100
|-damage|p1a: Tyranitar|88/100|[from] Stealth Rock
|-damage|p1a: Tyranitar|76/100|[from] Spikes
|move|p2a: Heatran|Earth Power|p1a: Tyranitar
|-supereffective|p1a: Tyranitar
|-damage|p1a: Tyranitar|47/100
|
|-weather|Sandstorm|[upkeep]
|upkeep
|turn|22
|
|t:|1721251635
|switch|p2a: Ferrothorn|Ferrothorn, M|100/100 par
|-damage|p2a: Ferrothorn|94/100 par|[from] Stealth Rock
|-damage|p2a: Ferrothorn|69/100 par|[from] Spikes
|move|p1a: Tyranitar|Superpower|p2a: Ferrothorn
|-supereffective|p2a: Ferrothorn
|-damage|p2a: Ferrothorn|8/100 par
|-unboost|p1a: Tyranitar|atk|1
|-unboost|p1a: Tyranitar|def|1
|-damage|p1a: Tyranitar|34/100|[from] ability: Iron Barbs|[of] p2a: Ferrothorn
|
|-weather|Sandstorm|[upkeep]
|-heal|p2a: Ferrothorn|14/100 par|[from] item: Leftovers
|upkeep
|turn|23
|
|t:|1721251655
|move|p1a: Tyranitar|Superpower|p2a: Ferrothorn
|-supereffective|p2a: Ferrothorn
|-damage|p2a: Ferrothorn|0 fnt
|-unboost|p1a: Tyranitar|atk|1
|-unboost|p1a: Tyranitar|def|1
|-damage|p1a: Tyranitar|22/100|[from] ability: Iron Barbs|[of] p2a: Ferrothorn
|faint|p2a: Ferrothorn
|
|-weather|Sandstorm|[upkeep]
|upkeep
|inactive|Crimsonbacon38 has 120 seconds left.
|
|t:|1721251683
|switch|p2a: Rotom|Rotom-Wash|40/100
|-damage|p2a: Rotom|27/100|[from] Stealth Rock
|turn|24
|
|t:|1721251688
|move|p2a: Rotom|Hydro Pump|p1a: Tyranitar|[miss]
|-miss|p2a: Rotom|p1a: Tyranitar
|move|p1a: Tyranitar|Thunder Wave|p2a: Rotom
|-status|p2a: Rotom|par
|
|-weather|Sandstorm|[upkeep]
|-damage|p2a: Rotom|21/100 par|[from] Sandstorm
|-heal|p2a: Rotom|27/100 par|[from] item: Leftovers
|upkeep
|turn|25
|
|t:|1721251691
|move|p1a: Tyranitar|Crunch|p2a: Rotom
|-damage|p2a: Rotom|9/100 par
|move|p2a: Rotom|Hydro Pump|p1a: Tyranitar
|-supereffective|p1a: Tyranitar
|-damage|p1a: Tyranitar|0 fnt
|faint|p1a: Tyranitar
|
|-weather|Sandstorm|[upkeep]
|-damage|p2a: Rotom|3/100 par|[from] Sandstorm
|-heal|p2a: Rotom|9/100 par|[from] item: Leftovers
|upkeep
|
|t:|1721251694
|switch|p1a: Alakazam|Alakazam, F|14/100
|turn|26
|
|t:|1721251697
|move|p1a: Alakazam|Psychic|p2a: Rotom
|-damage|p2a: Rotom|0 fnt
|faint|p2a: Rotom
|
|-weather|Sandstorm|[upkeep]
|upkeep
|
|t:|1721251712
|switch|p2a: Mamoswine|Mamoswine, F|63/100
|-damage|p2a: Mamoswine|51/100|[from] Stealth Rock
|-damage|p2a: Mamoswine|26/100|[from] Spikes
|turn|27
|
|t:|1721251715
|move|p1a: Alakazam|Psychic|p2a: Mamoswine
|-damage|p2a: Mamoswine|0 fnt
|faint|p2a: Mamoswine
|
|-weather|Sandstorm|[upkeep]
|upkeep
|c| darkxskies|gg
|
|t:|1721251720
|switch|p2a: Heatran|Heatran, F|38/100
|-damage|p2a: Heatran|26/100|[from] Stealth Rock
|-damage|p2a: Heatran|1/100|[from] Spikes
|turn|28
|
|t:|1721251724
|move|p2a: Heatran|Flame Charge|p1a: Alakazam
|-damage|p1a: Alakazam|0 fnt
|-boost|p2a: Heatran|spe|1
|faint|p1a: Alakazam
|
|-weather|Sandstorm|[upkeep]
|upkeep
|
|t:|1721251726
|switch|p1a: Reuniclus|Reuniclus, F|91/100
|turn|29
|
|t:|1721251728
|move|p2a: Heatran|Flame Charge|p1a: Reuniclus
|-damage|p1a: Reuniclus|79/100
|-boost|p2a: Heatran|spe|1
|move|p1a: Reuniclus|Psychic|p2a: Heatran
|-resisted|p2a: Heatran
|-damage|p2a: Heatran|0 fnt
|faint|p2a: Heatran
|
|-weather|Sandstorm|[upkeep]
|-heal|p1a: Reuniclus|85/100|[from] item: Leftovers
|upkeep
|
|t:|1721251733
|switch|p2a: Tyranitar|Tyranitar, M|26/100
|-damage|p2a: Tyranitar|14/100|[from] Stealth Rock
|-damage|p2a: Tyranitar|0 fnt|[from] Spikes
|faint|p2a: Tyranitar
|
|win|Pineapple8081
|raw|Pineapple8081's rating: 1386 &rarr; <strong>1402</strong><br />(+16 for winning)
|raw|Crimsonbacon38's rating: 1324 &rarr; <strong>1308</strong><br />(-16 for losing)
|c|☆Crimsonbacon38|gg
|c|☆Pineapple8081|Gg
|c| darkxskies|wp
|l| darkxskies
