|j|☆testbwou
|j|☆Raul20619
|player|p1|testbwou|101|1384
|player|p2|Raul20619|fisherman-gen4|1270
|teamsize|p1|6
|teamsize|p2|6
|gametype|singles
|gen|5
|tier|[Gen 5] OU
|rated|
|clearpoke
|poke|p1|Garchomp, F|item
|poke|p1|Alakazam, F|item
|poke|p1|Jellicent, F|item
|poke|p1|Scizor, M|item
|poke|p1|Tyranitar, F|item
|poke|p1|Rotom-Wash|item
|poke|p2|Politoed, F|item
|poke|p2|Jirachi|item
|poke|p2|Dragonite, M|item
|poke|p2|Moltres|item
|poke|p2|Forretress, F|item
|poke|p2|Espeon, M|item
|rule|Species Clause: Limit one of each Pokémon
|rule|OHKO Clause: OHKO moves are banned
|rule|Moody Clause: Moody is banned
|rule|Evasion Moves Clause: Evasion moves are banned
|rule|Endless Battle Clause: Forcing endless battles is banned
|rule|HP Percentage Mod: HP is shown in percentages
|rule|Evasion Abilities Clause: Evasion abilities are banned
|rule|Baton Pass Clause: Limit one Baton Passer, can't pass Spe and other stats simultaneously
|rule|Sleep Clause: Sleep-inducing moves are banned
|rule|Swagger Clause: Swagger is banned
|teampreview
|
|start
|switch|p1a: Rotom|Rotom-Wash|100/100
|switch|p2a: Forretress|Forretress, F|100/100
|turn|1
|
|move|p1a: Rotom|Volt Switch|p2a: Forretress
|-damage|p2a: Forretress|76/100
|
|switch|p1a: Jellicent|Jellicent, F|100/100|[from]move: Volt Switch
|move|p2a: Forretress|Stealth Rock|p1a: Jellicent
|-sidestart|p1: testbwou|move: Stealth Rock
|
|-heal|p2a: Forretress|82/100|[from] item: Leftovers
|upkeep
|turn|2
|
|switch|p2a: Espeon|Espeon, M|100/100
|move|p1a: Jellicent|Water Spout|p2a: Espeon
|-damage|p2a: Espeon|0 fnt
|faint|p2a: Espeon
|
|upkeep
|
|switch|p2a: Dragonite|Dragonite, M|100/100
|turn|3
|
|switch|p1a: Tyranitar|Tyranitar, F|100/100
|-damage|p1a: Tyranitar|88/100|[from] Stealth Rock
|-weather|Sandstorm|[from] ability: Sand Stream|[of] p1a: Tyranitar
|move|p2a: Dragonite|Extreme Speed|p1a: Tyranitar
|-resisted|p1a: Tyranitar
|-damage|p1a: Tyranitar|70/100
|
|-weather|Sandstorm|[upkeep]
|-damage|p2a: Dragonite|94/100|[from] Sandstorm
|upkeep
|turn|4
|
|switch|p2a: Jirachi|Jirachi|100/100
|move|p1a: Tyranitar|Ice Beam|p2a: Jirachi
|-resisted|p2a: Jirachi
|-damage|p2a: Jirachi|92/100
|-status|p2a: Jirachi|frz
|
|-weather|Sandstorm|[upkeep]
|-heal|p2a: Jirachi|98/100 frz|[from] item: Leftovers
|upkeep
|turn|5
|
|switch|p2a: Forretress|Forretress, F|82/100
|move|p1a: Tyranitar|Superpower|p2a: Forretress
|-damage|p2a: Forretress|55/100
|-unboost|p1a: Tyranitar|atk|1
|-unboost|p1a: Tyranitar|def|1
|
|-weather|Sandstorm|[upkeep]
|-heal|p2a: Forretress|62/100|[from] item: Leftovers
|upkeep
|turn|6
|
|switch|p1a: Jellicent|Jellicent, F|100/100
|-damage|p1a: Jellicent|88/100|[from] Stealth Rock
|move|p2a: Forretress|Volt Switch|p1a: Jellicent
|-supereffective|p1a: Jellicent
|-damage|p1a: Jellicent|70/100
|
|switch|p2a: Politoed|Politoed, F|100/100|[from]move: Volt Switch
|-weather|RainDance|[from] ability: Drizzle|[of] p2a: Politoed
|
|-weather|RainDance|[upkeep]
|upkeep
|turn|7
|
|move|p2a: Politoed|Ice Beam|p1a: Jellicent
|-resisted|p1a: Jellicent
|-damage|p1a: Jellicent|52/100
|move|p1a: Jellicent|Energy Ball|p2a: Politoed
|-supereffective|p2a: Politoed
|-crit|p2a: Politoed
|-damage|p2a: Politoed|0 fnt
|faint|p2a: Politoed
|
|-weather|RainDance|[upkeep]
|upkeep
|
|switch|p2a: Moltres|Moltres|100/100
|-ability|p2a: Moltres|Pressure
|turn|8
|
|switch|p1a: Tyranitar|Tyranitar, F|70/100
|-damage|p1a: Tyranitar|58/100|[from] Stealth Rock
|-weather|Sandstorm|[from] ability: Sand Stream|[of] p1a: Tyranitar
|move|p2a: Moltres|Substitute|p2a: Moltres
|-start|p2a: Moltres|Substitute
|-damage|p2a: Moltres|76/100
|
|-weather|Sandstorm|[upkeep]
|-damage|p2a: Moltres|69/100|[from] Sandstorm
|upkeep
|turn|9
|
|move|p2a: Moltres|Hidden Power|p1a: Tyranitar
|-supereffective|p1a: Tyranitar
|-damage|p1a: Tyranitar|33/100
|-damage|p2a: Moltres|59/100|[from] item: Life Orb
|move|p1a: Tyranitar|Roar|p2a: Moltres
|drag|p2a: Forretress|Forretress, F|62/100
|
|-weather|Sandstorm|[upkeep]
|-heal|p2a: Forretress|68/100|[from] item: Leftovers
|upkeep
|turn|10
|
|move|p1a: Tyranitar|Superpower|p2a: Forretress
|-damage|p2a: Forretress|43/100
|-unboost|p1a: Tyranitar|atk|1
|-unboost|p1a: Tyranitar|def|1
|move|p2a: Forretress|Gyro Ball|p1a: Tyranitar
|-supereffective|p1a: Tyranitar
|-damage|p1a: Tyranitar|0 fnt
|faint|p1a: Tyranitar
|
|-weather|Sandstorm|[upkeep]
|-heal|p2a: Forretress|50/100|[from] item: Leftovers
|upkeep
|
|switch|p1a: Jellicent|Jellicent, F|52/100
|-damage|p1a: Jellicent|40/100|[from] Stealth Rock
|turn|11
|
|move|p1a: Jellicent|Water Spout|p2a: Forretress
|-damage|p2a: Forretress|15/100
|move|p2a: Forretress|Volt Switch|p1a: Jellicent
|-supereffective|p1a: Jellicent
|-damage|p1a: Jellicent|23/100
|
|switch|p2a: Dragonite|Dragonite, M|94/100|[from]move: Volt Switch
|
|-weather|Sandstorm|[upkeep]
|-damage|p2a: Dragonite|88/100|[from] Sandstorm
|-damage|p1a: Jellicent|16/100|[from] Sandstorm
|upkeep
|turn|12
|
|switch|p1a: Garchomp|Garchomp, F|100/100
|-damage|p1a: Garchomp|94/100|[from] Stealth Rock
|move|p2a: Dragonite|Earthquake|p1a: Garchomp
|-damage|p1a: Garchomp|38/100
|
|-weather|Sandstorm|[upkeep]
|-damage|p2a: Dragonite|82/100|[from] Sandstorm
|upkeep
|turn|13
|
|switch|p2a: Forretress|Forretress, F|15/100
|move|p1a: Garchomp|Outrage|p2a: Forretress
|-resisted|p2a: Forretress
|-damage|p2a: Forretress|0 fnt
|faint|p2a: Forretress
|
|-weather|Sandstorm|[upkeep]
|upkeep
|
|switch|p2a: Jirachi|Jirachi|98/100 frz
|turn|14
|
|move|p1a: Garchomp|Outrage|p2a: Jirachi|[from]lockedmove
|-resisted|p2a: Jirachi
|-damage|p2a: Jirachi|76/100 frz
|cant|p2a: Jirachi|frz
|
|-weather|Sandstorm|[upkeep]
|-heal|p2a: Jirachi|83/100 frz|[from] item: Leftovers
|upkeep
|turn|15
|
|move|p1a: Garchomp|Outrage|p2a: Jirachi|[from]lockedmove
|-resisted|p2a: Jirachi
|-damage|p2a: Jirachi|60/100 frz
|-start|p1a: Garchomp|confusion|[fatigue]
|cant|p2a: Jirachi|frz
|
|-weather|Sandstorm|[upkeep]
|-heal|p2a: Jirachi|66/100 frz|[from] item: Leftovers
|upkeep
|turn|16
|
|switch|p1a: Jellicent|Jellicent, F|16/100
|-damage|p1a: Jellicent|4/100|[from] Stealth Rock
|switch|p2a: Dragonite|Dragonite, M|82/100
|
|-weather|Sandstorm|[upkeep]
|-damage|p2a: Dragonite|76/100|[from] Sandstorm
|-damage|p1a: Jellicent|0 fnt|[from] Sandstorm
|faint|p1a: Jellicent
|upkeep
|
|switch|p1a: Garchomp|Garchomp, F|38/100
|-damage|p1a: Garchomp|32/100|[from] Stealth Rock
|turn|17
|
|move|p2a: Dragonite|Extreme Speed|p1a: Garchomp
|-damage|p1a: Garchomp|0 fnt
|-damage|p2a: Dragonite|63/100|[from] ability: Rough Skin|[of] p1a: Garchomp
|faint|p1a: Garchomp
|
|-weather|Sandstorm|[upkeep]
|-damage|p2a: Dragonite|57/100|[from] Sandstorm
|upkeep
|
|switch|p1a: Alakazam|Alakazam, F|100/100
|turn|18
|
|move|p2a: Dragonite|Extreme Speed|p1a: Alakazam
|-damage|p1a: Alakazam|0 fnt
|faint|p1a: Alakazam
|
|-weather|Sandstorm|[upkeep]
|-damage|p2a: Dragonite|51/100|[from] Sandstorm
|upkeep
|
|switch|p1a: Scizor|Scizor, M|100/100
|-damage|p1a: Scizor|88/100|[from] Stealth Rock
|turn|19
|
|switch|p2a: Jirachi|Jirachi|66/100 frz
|move|p1a: Scizor|Bullet Punch|p2a: Jirachi
|-resisted|p2a: Jirachi
|-damage|p2a: Jirachi|47/100 frz
|
|-weather|Sandstorm|[upkeep]
|-heal|p2a: Jirachi|53/100 frz|[from] item: Leftovers
|upkeep
|turn|20
|
|move|p1a: Scizor|Bullet Punch|p2a: Jirachi
|-resisted|p2a: Jirachi
|-damage|p2a: Jirachi|34/100 frz
|-curestatus|p2a: Jirachi|frz|[msg]
|move|p2a: Jirachi|Water Pulse|p1a: Scizor
|-damage|p1a: Scizor|71/100
|
|-weather|Sandstorm|[upkeep]
|-heal|p2a: Jirachi|40/100|[from] item: Leftovers
|upkeep
|turn|21
|
|switch|p1a: Rotom|Rotom-Wash|100/100
|-damage|p1a: Rotom|88/100|[from] Stealth Rock
|move|p2a: Jirachi|Substitute|p2a: Jirachi
|-start|p2a: Jirachi|Substitute
|-damage|p2a: Jirachi|15/100
|
|-weather|Sandstorm|[upkeep]
|-damage|p1a: Rotom|82/100|[from] Sandstorm
|-heal|p2a: Jirachi|21/100|[from] item: Leftovers
|-heal|p1a: Rotom|88/100|[from] item: Leftovers
|upkeep
|turn|22
|
|move|p2a: Jirachi|Calm Mind|p2a: Jirachi
|-boost|p2a: Jirachi|spa|1
|-boost|p2a: Jirachi|spd|1
|move|p1a: Rotom|Hydro Pump|p2a: Jirachi|[miss]
|-miss|p1a: Rotom|p2a: Jirachi
|
|-weather|Sandstorm|[upkeep]
|-damage|p1a: Rotom|82/100|[from] Sandstorm
|-heal|p2a: Jirachi|27/100|[from] item: Leftovers
|-heal|p1a: Rotom|88/100|[from] item: Leftovers
|upkeep
|turn|23
|
|move|p2a: Jirachi|Calm Mind|p2a: Jirachi
|-boost|p2a: Jirachi|spa|1
|-boost|p2a: Jirachi|spd|1
|move|p1a: Rotom|Hydro Pump|p2a: Jirachi|[miss]
|-miss|p1a: Rotom|p2a: Jirachi
|
|-weather|Sandstorm|[upkeep]
|-damage|p1a: Rotom|82/100|[from] Sandstorm
|-heal|p2a: Jirachi|33/100|[from] item: Leftovers
|-heal|p1a: Rotom|88/100|[from] item: Leftovers
|upkeep
|turn|24
|
|move|p2a: Jirachi|Calm Mind|p2a: Jirachi
|-boost|p2a: Jirachi|spa|1
|-boost|p2a: Jirachi|spd|1
|move|p1a: Rotom|Hydro Pump|p2a: Jirachi
|-activate|p2a: Jirachi|Substitute|[damage]
|
|-weather|Sandstorm|[upkeep]
|-damage|p1a: Rotom|82/100|[from] Sandstorm
|-heal|p2a: Jirachi|40/100|[from] item: Leftovers
|-heal|p1a: Rotom|88/100|[from] item: Leftovers
|upkeep
|turn|25
|
|move|p2a: Jirachi|Calm Mind|p2a: Jirachi
|-boost|p2a: Jirachi|spa|1
|-boost|p2a: Jirachi|spd|1
|move|p1a: Rotom|Volt Switch|p2a: Jirachi
|-activate|p2a: Jirachi|Substitute|[damage]
|
|switch|p1a: Scizor|Scizor, M|71/100|[from]move: Volt Switch
|-damage|p1a: Scizor|59/100|[from] Stealth Rock
|
|-weather|Sandstorm|[upkeep]
|-heal|p2a: Jirachi|46/100|[from] item: Leftovers
|upkeep
|turn|26
|
|move|p2a: Jirachi|Water Pulse|p1a: Scizor
|-damage|p1a: Scizor|9/100
|-start|p1a: Scizor|confusion
|-activate|p1a: Scizor|confusion
|move|p1a: Scizor|U-turn|p2a: Jirachi
|-end|p2a: Jirachi|Substitute
|
|switch|p1a: Rotom|Rotom-Wash|88/100|[from]move: U-turn
|-damage|p1a: Rotom|76/100|[from] Stealth Rock
|
|-weather|Sandstorm|[upkeep]
|-damage|p1a: Rotom|70/100|[from] Sandstorm
|-heal|p2a: Jirachi|52/100|[from] item: Leftovers
|-heal|p1a: Rotom|76/100|[from] item: Leftovers
|upkeep
|turn|27
|-message|testbwou forfeited.
|
|win|Raul20619
|l|☆testbwou
|raw|testbwou's rating: 1384 &rarr; <strong>1358</strong><br />(-26 for losing)
|raw|Raul20619's rating: 1270 &rarr; <strong>1303</strong><br />(+33 for winning)
