|j|☆Hydegos
|j|☆Raul20619
|t:|1596381764
|player|p1|Hydegos|giovanni|1399
|player|p2|Raul20619|fisherman-gen4|1276
|teamsize|p1|6
|teamsize|p2|6
|gametype|singles
|gen|5
|tier|[Gen 5] OU
|rated|
|clearpoke
|poke|p1|Dragonite, M|item
|poke|p1|Starmie|item
|poke|p1|Terrakion|item
|poke|p1|Ferrothorn, F|item
|poke|p1|Skarmory, M|item
|poke|p1|Volcarona, F|item
|poke|p2|Politoed, M|item
|poke|p2|Jirachi|item
|poke|p2|Dragonite, M|item
|poke|p2|Moltres|item
|poke|p2|Forretress, M|item
|poke|p2|Espeon, M|item
|rule|Species Clause: Limit one of each Pokémon
|rule|OHKO Clause: OHKO moves are banned
|rule|Moody Clause: Moody is banned
|rule|Evasion Moves Clause: Evasion moves are banned
|rule|Endless Battle Clause: Forcing endless battles is banned
|rule|HP Percentage Mod: HP is shown in percentages
|rule|Evasion Abilities Clause: Evasion abilities are banned
|rule|Baton Pass Clause: Limit one Baton Passer, can't pass Spe and other stats simultaneously
|rule|Sleep Clause: Sleep-inducing moves are banned
|rule|Swagger Clause: Swagger is banned
|teampreview
|
|t:|1596381779
|start
|switch|p1a: Fierro|Ferrothorn, F|100/100
|switch|p2a: Politoed|Politoed, M|100/100
|-weather|RainDance|[from] ability: Drizzle|[of] p2a: Politoed
|turn|1
|
|t:|1596381788
|switch|p2a: Espeon|Espeon, M|100/100
|move|p1a: Fierro|Gyro Ball|p2a: Espeon
|-damage|p2a: Espeon|0 fnt
|faint|p2a: Espeon
|
|-weather|RainDance|[upkeep]
|upkeep
|
|t:|1596381797
|switch|p2a: Moltres|Moltres|100/100
|-ability|p2a: Moltres|Pressure
|turn|2
|
|t:|1596381802
|switch|p1a: Patricio|Starmie|100/100
|move|p2a: Moltres|Substitute|p2a: Moltres
|-start|p2a: Moltres|Substitute
|-damage|p2a: Moltres|76/100
|
|-weather|RainDance|[upkeep]
|upkeep
|turn|3
|
|t:|1596381809
|move|p1a: Patricio|Scald|p2a: Moltres
|-supereffective|p2a: Moltres
|-end|p2a: Moltres|Substitute
|move|p2a: Moltres|Hurricane|p1a: Patricio
|-damage|p1a: Patricio|0 fnt
|-damage|p2a: Moltres|66/100|[from] item: Life Orb
|faint|p1a: Patricio
|
|-weather|RainDance|[upkeep]
|upkeep
|
|t:|1596381825
|switch|p1a: Terruño|Terrakion|100/100
|turn|4
|
|t:|1596381834
|switch|p2a: Forretress|Forretress, M|100/100
|move|p1a: Terruño|Stone Edge|p2a: Forretress
|-damage|p2a: Forretress|62/100
|
|-weather|RainDance|[upkeep]
|-heal|p2a: Forretress|68/100|[from] item: Leftovers
|upkeep
|turn|5
|
|t:|1596381844
|switch|p1a: Volcabrona|Volcarona, F|100/100
|move|p2a: Forretress|Stealth Rock|p1a: Volcabrona
|-sidestart|p1: Hydegos|move: Stealth Rock
|
|-weather|RainDance|[upkeep]
|-heal|p2a: Forretress|75/100|[from] item: Leftovers
|upkeep
|turn|6
|
|t:|1596381853
|move|p1a: Volcabrona|Quiver Dance|p1a: Volcabrona
|-boost|p1a: Volcabrona|spa|1
|-boost|p1a: Volcabrona|spd|1
|-boost|p1a: Volcabrona|spe|1
|move|p2a: Forretress|Volt Switch|p1a: Volcabrona
|-damage|p1a: Volcabrona|93/100
|
|t:|1596381861
|switch|p2a: Moltres|Moltres|66/100|[from]move: Volt Switch
|-ability|p2a: Moltres|Pressure
|
|-weather|RainDance|[upkeep]
|upkeep
|turn|7
|
|t:|1596381870
|move|p1a: Volcabrona|Quiver Dance|p1a: Volcabrona
|-boost|p1a: Volcabrona|spa|1
|-boost|p1a: Volcabrona|spd|1
|-boost|p1a: Volcabrona|spe|1
|move|p2a: Moltres|Hurricane|p1a: Volcabrona
|-supereffective|p1a: Volcabrona
|-damage|p1a: Volcabrona|3/100
|-damage|p2a: Moltres|56/100|[from] item: Life Orb
|
|-weather|RainDance|[upkeep]
|upkeep
|turn|8
|
|t:|1596381881
|move|p1a: Volcabrona|Hidden Power|p2a: Moltres
|-damage|p2a: Moltres|0 fnt
|faint|p2a: Moltres
|
|-weather|RainDance|[upkeep]
|upkeep
|
|t:|1596381889
|switch|p2a: Dragonite|Dragonite, M|100/100
|turn|9
|
|t:|1596381894
|move|p2a: Dragonite|Extreme Speed|p1a: Volcabrona
|-damage|p1a: Volcabrona|0 fnt
|faint|p1a: Volcabrona
|
|-weather|RainDance|[upkeep]
|upkeep
|
|t:|1596381900
|switch|p1a: Posho!!!!!|Skarmory, M|100/100
|-damage|p1a: Posho!!!!!|88/100|[from] Stealth Rock
|turn|10
|
|t:|1596381912
|switch|p2a: Jirachi|Jirachi|100/100
|move|p1a: Posho!!!!!|Toxic|p2a: Jirachi
|-immune|p2a: Jirachi
|
|-weather|RainDance|[upkeep]
|-heal|p1a: Posho!!!!!|94/100|[from] item: Leftovers
|upkeep
|turn|11
|
|t:|1596381920
|switch|p1a: Fierro|Ferrothorn, F|100/100
|-damage|p1a: Fierro|94/100|[from] Stealth Rock
|move|p2a: Jirachi|Substitute|p2a: Jirachi
|-start|p2a: Jirachi|Substitute
|-damage|p2a: Jirachi|75/100
|
|-weather|RainDance|[upkeep]
|-heal|p2a: Jirachi|82/100|[from] item: Leftovers
|-heal|p1a: Fierro|100/100|[from] item: Leftovers
|upkeep
|turn|12
|
|t:|1596381931
|move|p2a: Jirachi|Calm Mind|p2a: Jirachi
|-boost|p2a: Jirachi|spa|1
|-boost|p2a: Jirachi|spd|1
|move|p1a: Fierro|Stealth Rock|p2a: Jirachi
|-sidestart|p2: Raul20619|move: Stealth Rock
|
|-weather|RainDance|[upkeep]
|-heal|p2a: Jirachi|88/100|[from] item: Leftovers
|upkeep
|turn|13
|
|t:|1596381940
|switch|p1a: Posho!!!!!|Skarmory, M|94/100
|-damage|p1a: Posho!!!!!|82/100|[from] Stealth Rock
|move|p2a: Jirachi|Calm Mind|p2a: Jirachi
|-boost|p2a: Jirachi|spa|1
|-boost|p2a: Jirachi|spd|1
|
|-weather|RainDance|[upkeep]
|-heal|p2a: Jirachi|94/100|[from] item: Leftovers
|-heal|p1a: Posho!!!!!|88/100|[from] item: Leftovers
|upkeep
|turn|14
|
|t:|1596381952
|move|p2a: Jirachi|Thunder|p1a: Posho!!!!!
|-supereffective|p1a: Posho!!!!!
|-damage|p1a: Posho!!!!!|0 fnt
|faint|p1a: Posho!!!!!
|
|-weather|RainDance|[upkeep]
|-heal|p2a: Jirachi|99/100|[from] item: Leftovers
|upkeep
|c|☆Hydegos|fucking retarded attack that substitute
|-message|Hydegos forfeited.
|
|win|Raul20619
|l|☆Hydegos
|raw|Hydegos's rating: 1400 &rarr; <strong>1373</strong><br />(-27 for losing)
|raw|Raul20619's rating: 1276 &rarr; <strong>1309</strong><br />(+33 for winning)
