|j|Smallie Bigs34
|j|Gaeoa
|player|p1|Smallie Bigs34|1
|player|p2|Gaeoa|290
|gametype|singles
|gen|5
|tier|[Gen 5] OU
|rated
|seed|22337,40239,47185,33207
|rule|Evasion Abilities Clause: Evasion abilities are banned
|rule|Baton Pass Clause: Limit one Baton Passer, can't pass Spe and other stats simultaneously
|rule|Swagger Clause: Swagger is banned
|clearpoke
|poke|p1|Garchomp, F, shiny|item
|poke|p1|Volcarona, M|item
|poke|p1|Breloom, M, shiny|item
|poke|p1|Dragonite, M|item
|poke|p1|Starmie, shiny|item
|poke|p1|Scizor, F|item
|poke|p2|Politoed, M|item
|poke|p2|Thundurus-Therian, M|item
|poke|p2|Toxicroak, M|item
|poke|p2|Rotom-Wash|item
|poke|p2|Scizor, F|item
|poke|p2|Ferrothorn, F|item
|rule|Sleep Clause Mod: Limit one foe put to sleep
|rule|Species Clause: Limit one of each Pokémon
|rule|OHKO Clause: OHKO moves are banned
|rule|Moody Clause: Moody is banned
|rule|Evasion Moves Clause: Evasion moves are banned
|rule|Endless Battle Clause: Forcing endless battles is banned
|rule|HP Percentage Mod: HP is shown in percentages
|teampreview
|choice|team 3, team 2, team 1, team 4, team 5, team 6|team 2, team 1, team 3, team 4, team 5, team 6
|
|start
|switch|p1a: Breloom|Breloom, M, shiny|261/261
|switch|p2a: Thundurus|Thundurus-Therian, M|300/300
|turn|1
|choice|move spore|move substitute
|
|move|p2a: Thundurus|Substitute|p2a: Thundurus
|-start|p2a: Thundurus|Substitute
|-damage|p2a: Thundurus|225/300
|move|p1a: Breloom|Spore|p2a: Thundurus
|-fail|p2a: Thundurus
|
|-heal|p2a: Thundurus|243/300|[from] item: Leftovers
|upkeep
|turn|2
|choice|move bulletseed|move focusblast
|
|move|p2a: Thundurus|Focus Blast|p1a: Breloom
|-damage|p1a: Breloom|16/261
|move|p1a: Breloom|Bullet Seed|p2a: Thundurus
|-resisted|p2a: Thundurus
|-activate|p2a: Thundurus|Substitute|[damage]
|-resisted|p2a: Thundurus
|-end|p2a: Thundurus|Substitute
|-hitcount|p2a: Thundurus|2
|
|-heal|p2a: Thundurus|261/300|[from] item: Leftovers
|upkeep
|turn|3
|j|Oba fa buoni kebab
|choice|move bulletseed|move thunder
|
|move|p2a: Thundurus|Thunder|p1a: Breloom
|-resisted|p1a: Breloom
|-damage|p1a: Breloom|0 fnt
|faint|p1a: Breloom
|
|-heal|p2a: Thundurus|279/300|[from] item: Leftovers
|upkeep
|choice|switch 6|
|
|switch|p1a: Scizor|Scizor, F|292/292
|turn|4
|choice|move bulletpunch|move thunder
|
|move|p1a: Scizor|Bullet Punch|p2a: Thundurus
|-resisted|p2a: Thundurus
|-damage|p2a: Thundurus|184/300
|-damage|p1a: Scizor|263/292|[from] item: Life Orb
|move|p2a: Thundurus|Thunder|p1a: Scizor
|-damage|p1a: Scizor|0 fnt
|faint|p1a: Scizor
|
|-heal|p2a: Thundurus|202/300|[from] item: Leftovers
|upkeep
|choice|switch 5|
|
|switch|p1a: Starmie|Starmie, shiny|261/261
|turn|5
|choice|move icebeam|switch 2
|
|switch|p2a: Politoed|Politoed, M|380/380
|-weather|RainDance|[from] ability: Drizzle|[of] p2a: Politoed
|move|p1a: Starmie|Ice Beam|p2a: Politoed
|-resisted|p2a: Politoed
|-damage|p2a: Politoed|299/380
|-damage|p1a: Starmie|235/261|[from] item: Life Orb
|
|-weather|RainDance|[upkeep]
|upkeep
|turn|6
|j|ddhelmet
|choice|move thunder|switch 2
|
|switch|p2a: Thundurus|Thundurus-Therian, M|202/300
|move|p1a: Starmie|Thunder|p2a: Thundurus
|-heal|p2a: Thundurus|277/300|[from] ability: Volt Absorb|[of] p1a: Starmie
|
|-weather|RainDance|[upkeep]
|-heal|p2a: Thundurus|295/300|[from] item: Leftovers
|upkeep
|turn|7
|choice|move icebeam|move thunder
|
|move|p1a: Starmie|Ice Beam|p2a: Thundurus
|-supereffective|p2a: Thundurus
|-damage|p2a: Thundurus|0 fnt
|-damage|p1a: Starmie|209/261|[from] item: Life Orb
|faint|p2a: Thundurus
|
|-weather|RainDance|[upkeep]
|upkeep
|choice||switch 4
|
|switch|p2a: Rotom|Rotom-Wash|276/276
|turn|8
|choice|move thunder|move voltswitch
|
|move|p2a: Rotom|Volt Switch|p1a: Starmie
|-supereffective|p1a: Starmie
|-damage|p1a: Starmie|0 fnt
|faint|p1a: Starmie
|choice||switch 2
|
|switch|p2a: Politoed|Politoed, M|299/380
|
|-weather|RainDance|[upkeep]
|upkeep
|choice|switch 4|
|
|switch|p1a: Dragonite|Dragonite, M|324/324
|turn|9
|choice|move dragondance|move icebeam
|
|move|p1a: Dragonite|Dragon Dance|p1a: Dragonite
|-boost|p1a: Dragonite|atk|1
|-boost|p1a: Dragonite|spe|1
|move|p2a: Politoed|Ice Beam|p1a: Dragonite
|-supereffective|p1a: Dragonite
|-damage|p1a: Dragonite|44/324
|
|-weather|RainDance|[upkeep]
|upkeep
|turn|10
|choice|move firepunch|move icebeam
|
|move|p1a: Dragonite|Fire Punch|p2a: Politoed
|-resisted|p2a: Politoed
|-damage|p2a: Politoed|255/380
|move|p2a: Politoed|Ice Beam|p1a: Dragonite
|-supereffective|p1a: Dragonite
|-damage|p1a: Dragonite|0 fnt
|faint|p1a: Dragonite
|
|-weather|RainDance|[upkeep]
|upkeep
|c| ddhelmet|he has no reason to switch
|choice|switch 2|
|
|switch|p1a: Volcarona|Volcarona, M|329/329
|turn|11
|c| ddhelmet|he is leading
|c|★Gaeoa|exactly
|choice|move quiverdance|switch 2
|
|switch|p2a: Rotom|Rotom-Wash|276/276
|move|p1a: Volcarona|Quiver Dance|p1a: Volcarona
|-boost|p1a: Volcarona|spa|1
|-boost|p1a: Volcarona|spd|1
|-boost|p1a: Volcarona|spe|1
|
|-weather|RainDance|[upkeep]
|upkeep
|turn|12
|choice|move bugbuzz|move hydropump
|
|move|p1a: Volcarona|Bug Buzz|p2a: Rotom
|-damage|p2a: Rotom|35/276
|-unboost|p2a: Rotom|spd|1
|move|p2a: Rotom|Hydro Pump|p1a: Volcarona
|-supereffective|p1a: Volcarona
|-enditem|p1a: Volcarona|Passho Berry|[eat]
|-enditem|p1a: Volcarona|Passho Berry|[weaken]
|-damage|p1a: Volcarona|124/329
|
|-weather|RainDance|[upkeep]
|upkeep
|turn|13
|choice|move bugbuzz|move hydropump
|
|move|p1a: Volcarona|Bug Buzz|p2a: Rotom
|-damage|p2a: Rotom|0 fnt
|faint|p2a: Rotom
|
|-weather|RainDance|[upkeep]
|upkeep
|choice||switch 3
|
|switch|p2a: Toxicroak|Toxicroak, M|308/308
|turn|14
|choice|move hiddenpower|move suckerpunch
|
|move|p2a: Toxicroak|Sucker Punch|p1a: Volcarona
|-damage|p1a: Volcarona|0 fnt
|-damage|p2a: Toxicroak|278/308|[from] item: Life Orb
|faint|p1a: Volcarona
|
|-weather|RainDance|[upkeep]
|-heal|p2a: Toxicroak|308/308|[from] ability: Dry Skin
|upkeep
|choice|switch 3|
|
|switch|p1a: Garchomp|Garchomp, F, shiny|373/373
|turn|15
|choice|move earthquake|move icepunch
|
|move|p1a: Garchomp|Earthquake|p2a: Toxicroak
|-supereffective|p2a: Toxicroak
|-damage|p2a: Toxicroak|0 fnt
|faint|p2a: Toxicroak
|
|-weather|RainDance|[upkeep]
|upkeep
|choice||switch 2
|
|switch|p2a: Politoed|Politoed, M|255/380
|turn|16
|choice|move outrage|move icebeam
|
|move|p1a: Garchomp|Outrage|p2a: Politoed
|-damage|p2a: Politoed|0 fnt
|faint|p2a: Politoed
|
|-weather|RainDance|[upkeep]
|upkeep
|choice||switch 5
|
|switch|p2a: Scizor|Scizor, F|318/318
|turn|17
|choice|move outrage|move uturn
|
|move|p1a: Garchomp|Outrage|p2a: Scizor|[from]lockedmove
|-resisted|p2a: Scizor
|-damage|p2a: Scizor|218/318
|-start|p1a: Garchomp|confusion|[fatigue]
|move|p2a: Scizor|U-turn|p1a: Garchomp
|-damage|p1a: Garchomp|160/373
|-damage|p2a: Scizor|179/318|[from] ability: Rough Skin|[of] p1a: Garchomp
|choice||switch 6
|
|switch|p2a: Ferrothorn|Ferrothorn, F|352/352
|
|-weather|RainDance|[upkeep]
|upkeep
|turn|18
|choice|move earthquake|move powerwhip
|
|-activate|p1a: Garchomp|confusion
|move|p1a: Garchomp|Earthquake|p2a: Ferrothorn
|-damage|p2a: Ferrothorn|225/352
|move|p2a: Ferrothorn|Power Whip|p1a: Garchomp
|-damage|p1a: Garchomp|31/373
|-damage|p2a: Ferrothorn|181/352|[from] ability: Rough Skin|[of] p1a: Garchomp
|
|-weather|RainDance|[upkeep]
|-heal|p2a: Ferrothorn|203/352|[from] item: Leftovers
|upkeep
|turn|19
|choice|move earthquake|move powerwhip
|
|-activate|p1a: Garchomp|confusion
|move|p1a: Garchomp|Earthquake|p2a: Ferrothorn
|-damage|p2a: Ferrothorn|95/352
|move|p2a: Ferrothorn|Power Whip|p1a: Garchomp
|-damage|p1a: Garchomp|0 fnt
|-damage|p2a: Ferrothorn|51/352|[from] ability: Rough Skin|[of] p1a: Garchomp
|faint|p1a: Garchomp
|
|win|Gaeoa
|player|p1
|player|p2
|raw|Smallie Bigs34's rating: 1392 &rarr; <strong>1373</strong><br />(-19 for losing)
|raw|Gaeoa's rating: 1412 &rarr; <strong>1431</strong><br />(+19 for winning)