|j|☆Best noob EU West
|j|☆gamerno1
|player|p1|Best noob EU West|269
|player|p2|gamerno1|266
|teamsize|p1|6
|teamsize|p2|6
|gametype|singles
|gen|5
|tier|[Gen 5] OU
|rated|
|rule|Sleep Clause Mod: Limit one foe put to sleep
|rule|Species Clause: Limit one of each Pokémon
|rule|OHKO Clause: OHKO moves are banned
|rule|Moody Clause: Moody is banned
|rule|Evasion Moves Clause: Evasion moves are banned
|rule|Endless Battle Clause: Forcing endless battles is banned
|rule|HP Percentage Mod: HP is shown in percentages
|rule|Evasion Abilities Clause: Evasion abilities are banned
|rule|Baton Pass Clause: Limit one Baton Passer, can't pass Spe and other stats simultaneously
|rule|Swagger Clause: Swagger is banned
|clearpoke
|poke|p1|Tyranitar, F|item
|poke|p1|Skarmory, F|item
|poke|p1|Gastrodon, F|item
|poke|p1|Heatran, F|item
|poke|p1|Latias, F|item
|poke|p1|Reuniclus, F|item
|poke|p2|Salamence, F|item
|poke|p2|Gyarados, M|item
|poke|p2|Lucario, M|item
|poke|p2|Mew|item
|poke|p2|Mamoswine, M|item
|poke|p2|Uxie|item
|teampreview
|
|start
|switch|p1a: Skarmory|Skarmory, F|100/100
|switch|p2a: Mew|Mew|100/100
|turn|1
|
|switch|p1a: Heatran|Heatran, F|100/100
|move|p2a: Mew|Taunt|p1a: Heatran
|-start|p1a: Heatran|move: Taunt
|
|upkeep
|turn|2
|
|move|p1a: Heatran|Fire Blast|p2a: Mew|[miss]
|-miss|p1a: Heatran|p2a: Mew
|move|p2a: Mew|Light Screen|p2a: Mew
|-sidestart|p2: gamerno1|move: Light Screen
|
|upkeep
|turn|3
|
|switch|p1a: Tyranitar|Tyranitar, F|100/100
|-weather|Sandstorm|[from] ability: Sand Stream|[of] p1a: Tyranitar
|move|p2a: Mew|Stealth Rock|p1a: Tyranitar
|-sidestart|p1: Best noob EU West|move: Stealth Rock
|
|-weather|Sandstorm|[upkeep]
|-damage|p2a: Mew|94/100|[from] Sandstorm
|upkeep
|turn|4
|
|move|p2a: Mew|Reflect|p2a: Mew
|-sidestart|p2: gamerno1|Reflect
|move|p1a: Tyranitar|Crunch|p2a: Mew
|-supereffective|p2a: Mew
|-damage|p2a: Mew|64/100
|
|-weather|Sandstorm|[upkeep]
|-damage|p2a: Mew|58/100|[from] Sandstorm
|upkeep
|turn|5
|
|-activate|p2a: Mew|move: Pursuit
|move|p1a: Tyranitar|Pursuit|p2a: Mew|[from]Pursuit
|-supereffective|p2a: Mew
|-damage|p2a: Mew|29/100
|switch|p2a: Lucario|Lucario, M|100/100
|
|-weather|Sandstorm|[upkeep]
|upkeep
|turn|6
|
|switch|p1a: Reuniclus|Reuniclus, F|100/100
|move|p2a: Lucario|Swords Dance|p2a: Lucario
|-boost|p2a: Lucario|atk|2
|
|-weather|Sandstorm|[upkeep]
|upkeep
|turn|7
|
|switch|p1a: Heatran|Heatran, F|100/100
|-damage|p1a: Heatran|88/100|[from] Stealth Rock
|move|p2a: Lucario|Extreme Speed|p1a: Heatran
|-resisted|p1a: Heatran
|-crit|p1a: Heatran
|-damage|p1a: Heatran|14/100
|-damage|p2a: Lucario|91/100|[from] item: Life Orb
|
|-weather|Sandstorm|[upkeep]
|upkeep
|turn|8
|
|move|p2a: Lucario|Extreme Speed|p1a: Heatran
|-resisted|p1a: Heatran
|-damage|p1a: Heatran|0 fnt
|-damage|p2a: Lucario|81/100|[from] item: Life Orb
|faint|p1a: Heatran
|
|-weather|Sandstorm|[upkeep]
|upkeep
|
|switch|p1a: Skarmory|Skarmory, F|100/100
|-damage|p1a: Skarmory|88/100|[from] Stealth Rock
|turn|9
|
|move|p2a: Lucario|Close Combat|p1a: Skarmory
|-damage|p1a: Skarmory|3/100
|-unboost|p2a: Lucario|def|1
|-unboost|p2a: Lucario|spd|1
|-damage|p2a: Lucario|71/100|[from] item: Life Orb
|move|p1a: Skarmory|Whirlwind|p2a: Lucario
|drag|p2a: Salamence|Salamence, F|100/100
|
|-weather|Sandstorm|[upkeep]
|-damage|p2a: Salamence|94/100|[from] Sandstorm
|-heal|p1a: Skarmory|9/100|[from] item: Leftovers
|-sideend|p2: gamerno1|move: Light Screen
|upkeep
|turn|10
|
|move|p2a: Salamence|Dragon Dance|p2a: Salamence
|-boost|p2a: Salamence|atk|1
|-boost|p2a: Salamence|spe|1
|move|p1a: Skarmory|Whirlwind|p2a: Salamence
|drag|p2a: Lucario|Lucario, M|71/100
|
|-weather|Sandstorm|[upkeep]
|-heal|p1a: Skarmory|15/100|[from] item: Leftovers
|upkeep
|turn|11
|
|move|p2a: Lucario|Close Combat|p1a: Skarmory
|-damage|p1a: Skarmory|0 fnt
|-unboost|p2a: Lucario|def|1
|-unboost|p2a: Lucario|spd|1
|-damage|p2a: Lucario|61/100|[from] item: Life Orb
|faint|p1a: Skarmory
|
|-weather|Sandstorm|[upkeep]
|-sideend|p2: gamerno1|Reflect
|upkeep
|
|switch|p1a: Latias|Latias, F|100/100
|-damage|p1a: Latias|88/100|[from] Stealth Rock
|turn|12
|
|switch|p2a: Mew|Mew|29/100
|move|p1a: Latias|Hidden Power|p2a: Mew
|-damage|p2a: Mew|14/100
|
|-weather|Sandstorm|[upkeep]
|-damage|p1a: Latias|82/100|[from] Sandstorm
|-damage|p2a: Mew|7/100|[from] Sandstorm
|-heal|p1a: Latias|88/100|[from] item: Leftovers
|upkeep
|turn|13
|
|move|p1a: Latias|Hidden Power|p2a: Mew
|-damage|p2a: Mew|0 fnt
|faint|p2a: Mew
|
|-weather|Sandstorm|[upkeep]
|-damage|p1a: Latias|82/100|[from] Sandstorm
|-heal|p1a: Latias|88/100|[from] item: Leftovers
|upkeep
|
|switch|p2a: Uxie|Uxie|100/100
|turn|14
|
|move|p1a: Latias|Thunder Wave|p2a: Uxie
|-status|p2a: Uxie|par
|move|p2a: Uxie|Thunder Wave|p1a: Latias
|-status|p1a: Latias|par
|
|-weather|Sandstorm|[upkeep]
|-damage|p1a: Latias|82/100 par|[from] Sandstorm
|-damage|p2a: Uxie|94/100 par|[from] Sandstorm
|-heal|p1a: Latias|88/100 par|[from] item: Leftovers
|upkeep
|turn|15
|
|move|p1a: Latias|Draco Meteor|p2a: Uxie
|-damage|p2a: Uxie|60/100 par
|-unboost|p1a: Latias|spa|2
|cant|p2a: Uxie|par
|
|-weather|Sandstorm|[upkeep]
|-damage|p1a: Latias|82/100 par|[from] Sandstorm
|-damage|p2a: Uxie|54/100 par|[from] Sandstorm
|-heal|p1a: Latias|88/100 par|[from] item: Leftovers
|upkeep
|turn|16
|
|switch|p1a: Tyranitar|Tyranitar, F|100/100
|-damage|p1a: Tyranitar|88/100|[from] Stealth Rock
|move|p2a: Uxie|Light Screen|p2a: Uxie
|-sidestart|p2: gamerno1|move: Light Screen
|
|-weather|Sandstorm|[upkeep]
|-damage|p2a: Uxie|48/100 par|[from] Sandstorm
|upkeep
|turn|17
|
|move|p1a: Tyranitar|Stealth Rock|p2a: Uxie
|-sidestart|p2: gamerno1|move: Stealth Rock
|move|p2a: Uxie|Reflect|p2a: Uxie
|-sidestart|p2: gamerno1|Reflect
|
|-weather|Sandstorm|[upkeep]
|-damage|p2a: Uxie|42/100 par|[from] Sandstorm
|upkeep
|turn|18
|
|move|p1a: Tyranitar|Pursuit|p2a: Uxie
|-supereffective|p2a: Uxie
|-damage|p2a: Uxie|27/100 par
|move|p2a: Uxie|Memento|p1a: Tyranitar
|-unboost|p1a: Tyranitar|atk|2
|-unboost|p1a: Tyranitar|spa|2
|faint|p2a: Uxie
|
|-weather|Sandstorm|[upkeep]
|upkeep
|
|switch|p2a: Lucario|Lucario, M|61/100
|-damage|p2a: Lucario|58/100|[from] Stealth Rock
|turn|19
|
|move|p2a: Lucario|Swords Dance|p2a: Lucario
|-boost|p2a: Lucario|atk|2
|move|p1a: Tyranitar|Superpower|p2a: Lucario
|-supereffective|p2a: Lucario
|-damage|p2a: Lucario|28/100
|-unboost|p1a: Tyranitar|atk|1
|-unboost|p1a: Tyranitar|def|1
|
|-weather|Sandstorm|[upkeep]
|upkeep
|turn|20
|
|switch|p1a: Latias|Latias, F|88/100 par
|-damage|p1a: Latias|76/100 par|[from] Stealth Rock
|move|p2a: Lucario|Close Combat|p1a: Latias
|-resisted|p1a: Latias
|-damage|p1a: Latias|0 fnt
|-unboost|p2a: Lucario|def|1
|-unboost|p2a: Lucario|spd|1
|-damage|p2a: Lucario|18/100|[from] item: Life Orb
|faint|p1a: Latias
|
|-weather|Sandstorm|[upkeep]
|upkeep
|
|switch|p1a: Reuniclus|Reuniclus, F|100/100
|turn|21
|
|move|p2a: Lucario|Close Combat|p1a: Reuniclus
|-resisted|p1a: Reuniclus
|-damage|p1a: Reuniclus|46/100
|-unboost|p2a: Lucario|def|1
|-unboost|p2a: Lucario|spd|1
|-damage|p2a: Lucario|8/100|[from] item: Life Orb
|move|p1a: Reuniclus|Recover|p1a: Reuniclus
|-heal|p1a: Reuniclus|96/100
|
|-weather|Sandstorm|[upkeep]
|-heal|p1a: Reuniclus|100/100|[from] item: Leftovers
|upkeep
|turn|22
|
|move|p2a: Lucario|Close Combat|p1a: Reuniclus
|-resisted|p1a: Reuniclus
|-damage|p1a: Reuniclus|41/100
|-unboost|p2a: Lucario|def|1
|-unboost|p2a: Lucario|spd|1
|-damage|p2a: Lucario|0 fnt|[from] item: Life Orb
|faint|p2a: Lucario
|move|p1a: Reuniclus|Recover|p1a: Reuniclus
|-heal|p1a: Reuniclus|91/100
|
|-weather|Sandstorm|[upkeep]
|-heal|p1a: Reuniclus|97/100|[from] item: Leftovers
|upkeep
|
|switch|p2a: Mamoswine|Mamoswine, M|100/100
|-damage|p2a: Mamoswine|88/100|[from] Stealth Rock
|turn|23
|
|move|p2a: Mamoswine|Earthquake|p1a: Reuniclus
|-damage|p1a: Reuniclus|51/100
|-damage|p2a: Mamoswine|78/100|[from] item: Life Orb
|move|p1a: Reuniclus|Recover|p1a: Reuniclus
|-heal|p1a: Reuniclus|100/100
|
|-weather|Sandstorm|[upkeep]
|-sideend|p2: gamerno1|move: Light Screen
|upkeep
|turn|24
|
|move|p2a: Mamoswine|Earthquake|p1a: Reuniclus
|-damage|p1a: Reuniclus|48/100
|-damage|p2a: Mamoswine|68/100|[from] item: Life Orb
|move|p1a: Reuniclus|Calm Mind|p1a: Reuniclus
|-boost|p1a: Reuniclus|spa|1
|-boost|p1a: Reuniclus|spd|1
|
|-weather|Sandstorm|[upkeep]
|-heal|p1a: Reuniclus|54/100|[from] item: Leftovers
|-sideend|p2: gamerno1|Reflect
|upkeep
|turn|25
|
|move|p2a: Mamoswine|Earthquake|p1a: Reuniclus
|-damage|p1a: Reuniclus|3/100
|-damage|p2a: Mamoswine|58/100|[from] item: Life Orb
|move|p1a: Reuniclus|Recover|p1a: Reuniclus
|-heal|p1a: Reuniclus|53/100
|
|-weather|Sandstorm|[upkeep]
|-heal|p1a: Reuniclus|59/100|[from] item: Leftovers
|upkeep
|turn|26
|
|move|p2a: Mamoswine|Earthquake|p1a: Reuniclus
|-damage|p1a: Reuniclus|9/100
|-damage|p2a: Mamoswine|48/100|[from] item: Life Orb
|move|p1a: Reuniclus|Recover|p1a: Reuniclus
|-heal|p1a: Reuniclus|59/100
|
|-weather|Sandstorm|[upkeep]
|-heal|p1a: Reuniclus|65/100|[from] item: Leftovers
|upkeep
|turn|27
|
|move|p2a: Mamoswine|Earthquake|p1a: Reuniclus
|-damage|p1a: Reuniclus|17/100
|-damage|p2a: Mamoswine|38/100|[from] item: Life Orb
|move|p1a: Reuniclus|Recover|p1a: Reuniclus
|-heal|p1a: Reuniclus|67/100
|
|-weather|Sandstorm|[upkeep]
|-heal|p1a: Reuniclus|74/100|[from] item: Leftovers
|upkeep
|turn|28
|
|move|p2a: Mamoswine|Earthquake|p1a: Reuniclus
|-damage|p1a: Reuniclus|29/100
|-damage|p2a: Mamoswine|28/100|[from] item: Life Orb
|move|p1a: Reuniclus|Recover|p1a: Reuniclus
|-heal|p1a: Reuniclus|79/100
|
|-weather|Sandstorm|[upkeep]
|-heal|p1a: Reuniclus|85/100|[from] item: Leftovers
|upkeep
|turn|29
|
|move|p2a: Mamoswine|Earthquake|p1a: Reuniclus
|-damage|p1a: Reuniclus|38/100
|-damage|p2a: Mamoswine|18/100|[from] item: Life Orb
|move|p1a: Reuniclus|Recover|p1a: Reuniclus
|-heal|p1a: Reuniclus|88/100
|
|-weather|Sandstorm|[upkeep]
|-heal|p1a: Reuniclus|94/100|[from] item: Leftovers
|upkeep
|turn|30
|
|move|p2a: Mamoswine|Earthquake|p1a: Reuniclus
|-damage|p1a: Reuniclus|45/100
|-damage|p2a: Mamoswine|8/100|[from] item: Life Orb
|move|p1a: Reuniclus|Recover|p1a: Reuniclus
|-heal|p1a: Reuniclus|95/100
|
|-weather|Sandstorm|[upkeep]
|-heal|p1a: Reuniclus|100/100|[from] item: Leftovers
|upkeep
|turn|31
|
|move|p2a: Mamoswine|Earthquake|p1a: Reuniclus
|-damage|p1a: Reuniclus|55/100
|-damage|p2a: Mamoswine|0 fnt|[from] item: Life Orb
|faint|p2a: Mamoswine
|move|p1a: Reuniclus|Recover|p1a: Reuniclus
|-heal|p1a: Reuniclus|100/100
|
|-weather|Sandstorm|[upkeep]
|upkeep
|
|switch|p2a: Salamence|Salamence, F|94/100
|-damage|p2a: Salamence|70/100|[from] Stealth Rock
|turn|32
|
|move|p2a: Salamence|Dragon Dance|p2a: Salamence
|-boost|p2a: Salamence|atk|1
|-boost|p2a: Salamence|spe|1
|move|p1a: Reuniclus|Psyshock|p2a: Salamence
|-damage|p2a: Salamence|2/100
|
|-weather|Sandstorm|[upkeep]
|-damage|p2a: Salamence|0 fnt|[from] Sandstorm
|upkeep
|faint|p2a: Salamence
|
|switch|p2a: Gyarados|Gyarados, M|100/100
|-damage|p2a: Gyarados|76/100|[from] Stealth Rock
|turn|33
|c|☆Best noob EU West|gg reuniclus sgravo
|c|☆gamerno1|gg
|
|move|p2a: Gyarados|Dragon Dance|p2a: Gyarados
|-boost|p2a: Gyarados|atk|1
|-boost|p2a: Gyarados|spe|1
|move|p1a: Reuniclus|Psyshock|p2a: Gyarados
|-damage|p2a: Gyarados|13/100
|
|-weather|Sandstorm|[upkeep]
|-damage|p2a: Gyarados|7/100|[from] Sandstorm
|-heal|p2a: Gyarados|13/100|[from] item: Leftovers
|upkeep
|turn|34
|
|move|p2a: Gyarados|Waterfall|p1a: Reuniclus
|-damage|p1a: Reuniclus|54/100
|cant|p1a: Reuniclus|flinch
|
|-weather|Sandstorm|[upkeep]
|-damage|p2a: Gyarados|7/100|[from] Sandstorm
|-heal|p2a: Gyarados|13/100|[from] item: Leftovers
|-heal|p1a: Reuniclus|60/100|[from] item: Leftovers
|upkeep
|turn|35
|
|move|p2a: Gyarados|Waterfall|p1a: Reuniclus
|-damage|p1a: Reuniclus|20/100
|move|p1a: Reuniclus|Psyshock|p2a: Gyarados
|-damage|p2a: Gyarados|0 fnt
|faint|p2a: Gyarados
|
|win|Best noob EU West
|raw|Best noob EU West's rating: 1406 &rarr; <strong>1424</strong><br />(+18 for winning)
|raw|gamerno1's rating: 1369 &rarr; <strong>1351</strong><br />(-18 for losing)
|l|☆gamerno1
