|j|☆sniping bwvcs
|j|☆succsacturne
|t:|1704719170
|gametype|singles
|player|p1|sniping bwvcs|266|1631
|player|p2|succsacturne|morty-gen2|1671
|teamsize|p1|6
|teamsize|p2|6
|gen|5
|tier|[Gen 5] OU
|rated|
|rule|Species Clause: Limit one of each Pokémon
|rule|OHKO Clause: OHKO moves are banned
|rule|Moody Clause: Moody is banned
|rule|Evasion Items Clause: Evasion items are banned
|rule|Evasion Moves Clause: Evasion moves are banned
|rule|Endless Battle Clause: Forcing endless battles is banned
|rule|HP Percentage Mod: HP is shown in percentages
|rule|Evasion Abilities Clause: Evasion abilities are banned
|rule|Sleep Moves Clause: Sleep-inducing moves are banned
|rule|Swagger Clause: Swagger is banned
|rule|Baton Pass Stat Clause: No Baton Passer may have a way to boost its stats
|clearpoke
|poke|p1|Tyranitar, M|item
|poke|p1|Keldeo|item
|poke|p1|Landorus-Therian, M|item
|poke|p1|Rotom-Wash|item
|poke|p1|Excadrill, F|item
|poke|p1|Celebi|item
|poke|p2|Keldeo|item
|poke|p2|Starmie|item
|poke|p2|Breloom, M|item
|poke|p2|Garchomp, M|item
|poke|p2|Scizor, M|item
|poke|p2|Dragonite, M|item
|teampreview
|inactive|Battle timer is ON: inactive players will automatically lose when time's up. (requested by sniping bwvcs)
|j| ghosted by brizz
|
|t:|1704719207
|start
|switch|p1a: Rotom|Rotom-Wash|100/100
|switch|p2a: Garchomp|Garchomp, M, shiny|100/100
|turn|1
|
|t:|1704719213
|move|p2a: Garchomp|Swords Dance|p2a: Garchomp
|-boost|p2a: Garchomp|atk|2
|move|p1a: Rotom|Will-O-Wisp|p2a: Garchomp
|-status|p2a: Garchomp|brn
|
|-damage|p2a: Garchomp|88/100 brn|[from] brn
|upkeep
|turn|2
|
|t:|1704719222
|move|p2a: Garchomp|Stealth Rock|p1a: Rotom
|-sidestart|p1: sniping bwvcs|move: Stealth Rock
|move|p1a: Rotom|Hydro Pump|p2a: Garchomp
|-damage|p2a: Garchomp|38/100 brn
|
|-damage|p2a: Garchomp|25/100 brn|[from] brn
|upkeep
|turn|3
|
|t:|1704719245
|move|p2a: Garchomp|Outrage|p1a: Rotom
|-damage|p1a: Rotom|47/100
|move|p1a: Rotom|Hydro Pump|p2a: Garchomp
|-damage|p2a: Garchomp|0 fnt
|faint|p2a: Garchomp
|
|-heal|p1a: Rotom|53/100|[from] item: Leftovers
|upkeep
|
|t:|1704719266
|switch|p2a: Breloom|Breloom, M|100/100
|turn|4
|
|t:|1704719273
|move|p2a: Breloom|Low Sweep|p1a: Rotom
|-damage|p1a: Rotom|0 fnt
|faint|p1a: Rotom
|-damage|p2a: Breloom|91/100|[from] item: Life Orb
|
|upkeep
|
|t:|1704719277
|switch|p1a: Celebi|Celebi|100/100
|-damage|p1a: Celebi|88/100|[from] Stealth Rock
|turn|5
|
|t:|1704719300
|switch|p2a: Scizor|Scizor, M|100/100
|move|p1a: Celebi|Stealth Rock|p2a: Scizor
|-sidestart|p2: succsacturne|move: Stealth Rock
|
|-heal|p1a: Celebi|94/100|[from] item: Leftovers
|upkeep
|turn|6
|
|t:|1704719307
|move|p1a: Celebi|U-turn|p2a: Scizor
|-resisted|p2a: Scizor
|-damage|p2a: Scizor|92/100
|-activate|p1a: Celebi|move: Pursuit
|move|p2a: Scizor|Pursuit|p1a: Celebi|[from]Pursuit
|-supereffective|p1a: Celebi
|-damage|p1a: Celebi|25/100
|-damage|p2a: Scizor|82/100|[from] item: Life Orb
|
|t:|1704719314
|switch|p1a: Keldeo|Keldeo|100/100|[from] U-turn
|-damage|p1a: Keldeo|94/100|[from] Stealth Rock
|
|upkeep
|turn|7
|
|t:|1704719325
|move|p1a: Keldeo|Hidden Power|p2a: Scizor
|-resisted|p2a: Scizor
|-damage|p2a: Scizor|57/100
|move|p2a: Scizor|Superpower|p1a: Keldeo
|-damage|p1a: Keldeo|22/100
|-unboost|p2a: Scizor|atk|1
|-unboost|p2a: Scizor|def|1
|-damage|p2a: Scizor|47/100|[from] item: Life Orb
|
|upkeep
|turn|8
|-message|sniping bwvcs forfeited.
|
|win|succsacturne
|raw|sniping bwvcs's rating: 1631 &rarr; <strong>1613</strong><br />(-18 for losing)
|raw|succsacturne's rating: 1671 &rarr; <strong>1689</strong><br />(+18 for winning)
|l|☆sniping bwvcs
|l| ghosted by brizz
|c|☆succsacturne|bonne nuute
|l|☆succsacturne
|j|☆succsacturne
