|j|☆do a flip99
|j|☆Avatar Kony
|player|p1|do a flip99|anabel|1317
|player|p2|Avatar Kony|swimmer-gen1rb|1303
|teamsize|p1|6
|teamsize|p2|6
|gametype|singles
|gen|5
|tier|[Gen 5] OU
|rated|
|rule|Sleep Clause Mod: Limit one foe put to sleep
|rule|Species Clause: Limit one of each Pokémon
|rule|OHKO Clause: OHKO moves are banned
|rule|Moody Clause: Moody is banned
|rule|Evasion Moves Clause: Evasion moves are banned
|rule|Endless Battle Clause: Forcing endless battles is banned
|rule|HP Percentage Mod: HP is shown in percentages
|rule|Evasion Abilities Clause: Evasion abilities are banned
|rule|Baton Pass Clause: Limit one Baton Passer, can't pass Spe and other stats simultaneously
|rule|Swagger Clause: Swagger is banned
|clearpoke
|poke|p1|Tyranitar, M|item
|poke|p1|Mamoswine, M|item
|poke|p1|Starmie|item
|poke|p1|Breloom, M|item
|poke|p1|Landorus-Therian, M|item
|poke|p1|Heatran, M|item
|poke|p2|Politoed, F|item
|poke|p2|Ferrothorn, F|item
|poke|p2|Landorus-Therian, M|item
|poke|p2|Latios, M|item
|poke|p2|Keldeo-Resolute|item
|poke|p2|Scizor, F|item
|teampreview
|
|start
|switch|p1a: Breloom|Breloom, M|100/100
|switch|p2a: Scizor|Scizor, F|100/100
|turn|1
|
|move|p1a: Breloom|Protect|p1a: Breloom
|-singleturn|p1a: Breloom|Protect
|move|p2a: Scizor|Bullet Punch|p1a: Breloom
|-activate|p1a: Breloom|move: Protect
|
|-status|p1a: Breloom|tox|[from] item: Toxic Orb
|upkeep
|turn|2
|
|switch|p1a: Heatran|Heatran, M|100/100
|move|p2a: Scizor|Bullet Punch|p1a: Heatran
|-resisted|p1a: Heatran
|-damage|p1a: Heatran|90/100
|
|-heal|p1a: Heatran|97/100|[from] item: Leftovers
|upkeep
|turn|3
|
|switch|p2a: Politoed|Politoed, F, shiny|100/100
|-weather|RainDance|[from] ability: Drizzle|[of] p2a: Politoed
|move|p1a: Heatran|Toxic|p2a: Politoed
|-status|p2a: Politoed|tox
|
|-weather|RainDance|[upkeep]
|-heal|p1a: Heatran|100/100|[from] item: Leftovers
|-damage|p2a: Politoed|94/100 tox|[from] psn
|upkeep
|turn|4
|
|move|p1a: Heatran|Protect|p1a: Heatran
|-singleturn|p1a: Heatran|Protect
|move|p2a: Politoed|Focus Blast|p1a: Heatran
|-activate|p1a: Heatran|move: Protect
|
|-weather|RainDance|[upkeep]
|-damage|p2a: Politoed|82/100 tox|[from] psn
|upkeep
|turn|5
|
|switch|p1a: Starmie|Starmie|100/100
|switch|p2a: Ferrothorn|Ferrothorn, F, shiny|100/100
|
|-weather|RainDance|[upkeep]
|upkeep
|turn|6
|
|switch|p1a: Breloom|Breloom, M|100/100 tox
|move|p2a: Ferrothorn|Power Whip|p1a: Breloom
|-resisted|p1a: Breloom
|-damage|p1a: Breloom|74/100 tox
|
|-weather|RainDance|[upkeep]
|-heal|p1a: Breloom|87/100 tox|[from] ability: Poison Heal
|upkeep
|turn|7
|
|switch|p2a: Politoed|Politoed, F, shiny|82/100 tox
|move|p1a: Breloom|Bulk Up|p1a: Breloom
|-boost|p1a: Breloom|atk|1
|-boost|p1a: Breloom|def|1
|
|-weather|RainDance|[upkeep]
|-heal|p1a: Breloom|99/100 tox|[from] ability: Poison Heal
|-damage|p2a: Politoed|75/100 tox|[from] psn
|upkeep
|turn|8
|
|move|p1a: Breloom|Protect|p1a: Breloom
|-singleturn|p1a: Breloom|Protect
|move|p2a: Politoed|Ice Beam|p1a: Breloom
|-activate|p1a: Breloom|move: Protect
|
|-weather|RainDance|[upkeep]
|-heal|p1a: Breloom|100/100 tox|[from] ability: Poison Heal
|-damage|p2a: Politoed|63/100 tox|[from] psn
|upkeep
|turn|9
|
|switch|p1a: Mamoswine|Mamoswine, M|100/100
|switch|p2a: Keldeo|Keldeo-Resolute, shiny|100/100
|
|-weather|RainDance|[upkeep]
|upkeep
|turn|10
|
|switch|p1a: Starmie|Starmie|100/100
|move|p2a: Keldeo|Surf|p1a: Starmie
|-resisted|p1a: Starmie
|-damage|p1a: Starmie|55/100
|
|-weather|RainDance|[upkeep]
|-heal|p1a: Starmie|61/100|[from] item: Leftovers
|upkeep
|turn|11
|
|move|p2a: Keldeo|Surf|p1a: Starmie
|-resisted|p1a: Starmie
|-damage|p1a: Starmie|19/100
|move|p1a: Starmie|Scald|p2a: Keldeo
|-resisted|p2a: Keldeo
|-damage|p2a: Keldeo|76/100
|
|-weather|RainDance|[upkeep]
|-heal|p1a: Starmie|26/100|[from] item: Leftovers
|upkeep
|turn|12
|
|move|p2a: Keldeo|Surf|p1a: Starmie
|-resisted|p1a: Starmie
|-damage|p1a: Starmie|0 fnt
|faint|p1a: Starmie
|
|-weather|RainDance|[upkeep]
|upkeep
|
|switch|p1a: Breloom|Breloom, M|100/100 tox
|turn|13
|
|switch|p2a: Latios|Latios, M, shiny|100/100
|move|p1a: Breloom|Bulk Up|p1a: Breloom
|-boost|p1a: Breloom|atk|1
|-boost|p1a: Breloom|def|1
|
|-weather|RainDance|[upkeep]
|upkeep
|turn|14
|
|switch|p2a: Keldeo|Keldeo-Resolute, shiny|76/100
|switch|p1a: Tyranitar|Tyranitar, M|100/100
|-weather|Sandstorm|[from] ability: Sand Stream|[of] p1a: Tyranitar
|
|-weather|Sandstorm|[upkeep]
|-damage|p2a: Keldeo|70/100|[from] Sandstorm
|upkeep
|turn|15
|
|switch|p1a: Landorus|Landorus-Therian, M|100/100
|-ability|p1a: Landorus|Intimidate|boost
|-unboost|p2a: Keldeo|atk|1
|move|p2a: Keldeo|Secret Sword|p1a: Landorus
|-resisted|p1a: Landorus
|-damage|p1a: Landorus|81/100
|
|-weather|Sandstorm|[upkeep]
|-damage|p2a: Keldeo|64/100|[from] Sandstorm
|upkeep
|turn|16
|
|switch|p2a: Landorus|Landorus-Therian, M, shiny|100/100
|-ability|p2a: Landorus|Intimidate|boost
|-unboost|p1a: Landorus|atk|1
|switch|p1a: Breloom|Breloom, M|100/100 tox
|
|-weather|Sandstorm|[upkeep]
|-damage|p1a: Breloom|94/100 tox|[from] Sandstorm
|-heal|p1a: Breloom|100/100 tox|[from] ability: Poison Heal
|upkeep
|turn|17
|
|move|p2a: Landorus|U-turn|p1a: Breloom
|-crit|p1a: Breloom
|-damage|p1a: Breloom|37/100 tox
|
|switch|p2a: Latios|Latios, M, shiny|100/100|[from]move: U-turn
|move|p1a: Breloom|Bulk Up|p1a: Breloom
|-boost|p1a: Breloom|atk|1
|-boost|p1a: Breloom|def|1
|
|-weather|Sandstorm|[upkeep]
|-damage|p2a: Latios|95/100|[from] Sandstorm
|-damage|p1a: Breloom|31/100 tox|[from] Sandstorm
|-heal|p1a: Breloom|44/100 tox|[from] ability: Poison Heal
|upkeep
|turn|18
|
|move|p1a: Breloom|Protect|p1a: Breloom
|-singleturn|p1a: Breloom|Protect
|move|p2a: Latios|Psyshock|p1a: Breloom
|-activate|p1a: Breloom|move: Protect
|
|-weather|Sandstorm|[upkeep]
|-damage|p2a: Latios|89/100|[from] Sandstorm
|-damage|p1a: Breloom|37/100 tox|[from] Sandstorm
|-heal|p1a: Breloom|50/100 tox|[from] ability: Poison Heal
|upkeep
|turn|19
|
|move|p2a: Latios|Psyshock|p1a: Breloom
|-supereffective|p1a: Breloom
|-damage|p1a: Breloom|0 fnt
|faint|p1a: Breloom
|
|-weather|Sandstorm|[upkeep]
|-damage|p2a: Latios|83/100|[from] Sandstorm
|upkeep
|-message|do a flip99 forfeited.
|
|win|Avatar Kony
|l|☆do a flip99
|raw|do a flip99's rating: 1343 &rarr; <strong>1321</strong><br />(-22 for losing)
|raw|Avatar Kony's rating: 1303 &rarr; <strong>1325</strong><br />(+22 for winning)
