|j|☆leoperi99
|j|☆SauceBoss10
|t:|1702051781
|gametype|singles
|player|p1|leoperi99|erika-masters|1362
|player|p2|SauceBoss10|swimmer-gen4dp|1479
|teamsize|p1|6
|teamsize|p2|6
|gen|5
|tier|[Gen 5] OU
|rated|
|rule|Species Clause: Limit one of each Pokémon
|rule|OHKO Clause: OHKO moves are banned
|rule|Moody Clause: Moody is banned
|rule|Evasion Items Clause: Evasion items are banned
|rule|Evasion Moves Clause: Evasion moves are banned
|rule|Endless Battle Clause: Forcing endless battles is banned
|rule|HP Percentage Mod: HP is shown in percentages
|rule|Evasion Abilities Clause: Evasion abilities are banned
|rule|Sleep Moves Clause: Sleep-inducing moves are banned
|rule|Swagger Clause: Swagger is banned
|rule|Baton Pass Stat Clause: No Baton Passer may have a way to boost its stats
|clearpoke
|poke|p1|Excadrill, F|item
|poke|p1|Tyranitar, M|item
|poke|p1|Latias, F|item
|poke|p1|Skarmory, F|item
|poke|p1|Jellicent, M|item
|poke|p1|Scizor, M|item
|poke|p2|Ninetales, F|item
|poke|p2|Volcarona, F|item
|poke|p2|Victini|item
|poke|p2|Xatu, F|item
|poke|p2|Cresselia, F|item
|poke|p2|Excadrill, F|item
|teampreview
|inactive|Battle timer is ON: inactive players will automatically lose when time's up. (requested by SauceBoss10)
|
|t:|1702051795
|start
|switch|p1a: Tyranitar|Tyranitar, M|100/100
|switch|p2a: Ninetales|Ninetales, F|100/100
|-weather|SunnyDay|[from] ability: Drought|[of] p2a: Ninetales
|-weather|Sandstorm|[from] ability: Sand Stream|[of] p1a: Tyranitar
|turn|1
|
|t:|1702051799
|move|p2a: Ninetales|Will-O-Wisp|p1a: Tyranitar
|-status|p1a: Tyranitar|brn
|move|p1a: Tyranitar|Stealth Rock|p2a: Ninetales
|-sidestart|p2: SauceBoss10|move: Stealth Rock
|
|-weather|Sandstorm|[upkeep]
|-damage|p2a: Ninetales|94/100|[from] Sandstorm
|-heal|p2a: Ninetales|100/100|[from] item: Leftovers
|-damage|p1a: Tyranitar|88/100 brn|[from] brn
|upkeep
|turn|2
|
|t:|1702051805
|switch|p2a: Xatu|Xatu, F, shiny|100/100
|-damage|p2a: Xatu|76/100|[from] Stealth Rock
|switch|p1a: Latias|Latias, F, shiny|100/100
|
|-weather|Sandstorm|[upkeep]
|-damage|p1a: Latias|94/100|[from] Sandstorm
|-damage|p2a: Xatu|70/100|[from] Sandstorm
|-heal|p1a: Latias|100/100|[from] item: Leftovers
|upkeep
|turn|3
|
|t:|1702051811
|switch|p2a: Excadrill|Excadrill, F, shiny|100/100
|-damage|p2a: Excadrill|98/100|[from] Stealth Rock
|-ability|p2a: Excadrill|Mold Breaker
|move|p1a: Latias|Substitute|p1a: Latias
|-start|p1a: Latias|Substitute
|-damage|p1a: Latias|75/100
|
|-weather|Sandstorm|[upkeep]
|-damage|p1a: Latias|69/100|[from] Sandstorm
|-heal|p1a: Latias|75/100|[from] item: Leftovers
|-heal|p2a: Excadrill|100/100|[from] item: Leftovers
|upkeep
|turn|4
|
|t:|1702051816
|move|p1a: Latias|Calm Mind|p1a: Latias
|-boost|p1a: Latias|spa|1
|-boost|p1a: Latias|spd|1
|move|p2a: Excadrill|Stealth Rock|p1a: Latias
|-sidestart|p1: leoperi99|move: Stealth Rock
|
|-weather|Sandstorm|[upkeep]
|-damage|p1a: Latias|69/100|[from] Sandstorm
|-heal|p1a: Latias|75/100|[from] item: Leftovers
|upkeep
|turn|5
|
|t:|1702051818
|move|p1a: Latias|Dragon Pulse|p2a: Excadrill
|-resisted|p2a: Excadrill
|-damage|p2a: Excadrill|82/100
|move|p2a: Excadrill|Rapid Spin|p1a: Latias
|-activate|p1a: Latias|Substitute|[damage]
|-sideend|p2: SauceBoss10|Stealth Rock|[from] move: Rapid Spin|[of] p2a: Excadrill
|
|-weather|Sandstorm|[upkeep]
|-damage|p1a: Latias|69/100|[from] Sandstorm
|-heal|p1a: Latias|75/100|[from] item: Leftovers
|-heal|p2a: Excadrill|88/100|[from] item: Leftovers
|upkeep
|turn|6
|
|t:|1702051821
|move|p1a: Latias|Dragon Pulse|p2a: Excadrill
|-resisted|p2a: Excadrill
|-damage|p2a: Excadrill|70/100
|move|p2a: Excadrill|Earthquake|p1a: Latias
|-end|p1a: Latias|Substitute
|
|-weather|Sandstorm|[upkeep]
|-damage|p1a: Latias|69/100|[from] Sandstorm
|-heal|p1a: Latias|75/100|[from] item: Leftovers
|-heal|p2a: Excadrill|76/100|[from] item: Leftovers
|upkeep
|turn|7
|
|t:|1702051827
|switch|p1a: Skarmory|Skarmory, F, shiny|100/100
|-damage|p1a: Skarmory|88/100|[from] Stealth Rock
|move|p2a: Excadrill|Earthquake|p1a: Skarmory
|-immune|p1a: Skarmory
|
|-weather|Sandstorm|[upkeep]
|-heal|p2a: Excadrill|82/100|[from] item: Leftovers
|upkeep
|turn|8
|
|t:|1702051830
|switch|p2a: Xatu|Xatu, F, shiny|70/100
|move|p1a: Skarmory|Spikes|p2a: Xatu
|move|p2a: Xatu|Spikes|p1a: Skarmory|[from]ability: Magic Bounce
|-sidestart|p1: leoperi99|Spikes
|
|-weather|Sandstorm|[upkeep]
|-damage|p2a: Xatu|64/100|[from] Sandstorm
|upkeep
|turn|9
|
|t:|1702051834
|switch|p1a: Excadrill|Excadrill, F, shiny|100/100
|-damage|p1a: Excadrill|97/100|[from] Stealth Rock
|-damage|p1a: Excadrill|85/100|[from] Spikes
|move|p2a: Xatu|Roost|p2a: Xatu
|-heal|p2a: Xatu|100/100
|-singleturn|p2a: Xatu|move: Roost
|
|-weather|Sandstorm|[upkeep]
|-damage|p2a: Xatu|95/100|[from] Sandstorm
|upkeep
|turn|10
|
|t:|1702051838
|switch|p2a: Ninetales|Ninetales, F|100/100
|-weather|SunnyDay|[from] ability: Drought|[of] p2a: Ninetales
|move|p1a: Excadrill|Rapid Spin|p2a: Ninetales
|-damage|p2a: Ninetales|90/100
|-sideend|p1: leoperi99|Spikes|[from] move: Rapid Spin|[of] p1a: Excadrill
|-sideend|p1: leoperi99|Stealth Rock|[from] move: Rapid Spin|[of] p1a: Excadrill
|
|-weather|SunnyDay|[upkeep]
|-heal|p2a: Ninetales|96/100|[from] item: Leftovers
|upkeep
|turn|11
|
|t:|1702051843
|switch|p1a: Tyranitar|Tyranitar, M|88/100 brn
|-weather|Sandstorm|[from] ability: Sand Stream|[of] p1a: Tyranitar
|move|p2a: Ninetales|Flamethrower|p1a: Tyranitar
|-resisted|p1a: Tyranitar
|-damage|p1a: Tyranitar|81/100 brn
|
|-weather|Sandstorm|[upkeep]
|-damage|p2a: Ninetales|90/100|[from] Sandstorm
|-heal|p2a: Ninetales|96/100|[from] item: Leftovers
|-damage|p1a: Tyranitar|69/100 brn|[from] brn
|upkeep
|turn|12
|
|t:|1702051847
|switch|p2a: Xatu|Xatu, F, shiny|95/100
|move|p1a: Tyranitar|Rock Slide|p2a: Xatu
|-supereffective|p2a: Xatu
|-damage|p2a: Xatu|62/100
|
|-weather|Sandstorm|[upkeep]
|-damage|p2a: Xatu|56/100|[from] Sandstorm
|-damage|p1a: Tyranitar|57/100 brn|[from] brn
|upkeep
|turn|13
|
|t:|1702051857
|switch|p2a: Ninetales|Ninetales, F|96/100
|-weather|SunnyDay|[from] ability: Drought|[of] p2a: Ninetales
|switch|p1a: Jellicent|Jellicent, M, shiny|100/100
|
|-weather|SunnyDay|[upkeep]
|-heal|p2a: Ninetales|100/100|[from] item: Leftovers
|upkeep
|turn|14
|
|t:|1702051873
|move|p2a: Ninetales|Will-O-Wisp|p1a: Jellicent
|-status|p1a: Jellicent|brn
|move|p1a: Jellicent|Taunt|p2a: Ninetales
|-start|p2a: Ninetales|move: Taunt
|
|-weather|SunnyDay|[upkeep]
|-damage|p1a: Jellicent|88/100 brn|[from] brn
|upkeep
|turn|15
|
|t:|1702051888
|switch|p2a: Victini|Victini|100/100
|move|p1a: Jellicent|Shadow Ball|p2a: Victini
|-supereffective|p2a: Victini
|-damage|p2a: Victini|49/100
|
|-weather|SunnyDay|[upkeep]
|-heal|p1a: Jellicent|94/100 brn|[from] item: Leftovers
|-damage|p1a: Jellicent|82/100 brn|[from] brn
|upkeep
|turn|16
|
|t:|1702051894
|switch|p1a: Tyranitar|Tyranitar, M|57/100 brn
|-weather|Sandstorm|[from] ability: Sand Stream|[of] p1a: Tyranitar
|move|p2a: Victini|V-create|p1a: Tyranitar
|-resisted|p1a: Tyranitar
|-damage|p1a: Tyranitar|24/100 brn
|-unboost|p2a: Victini|spe|1
|-unboost|p2a: Victini|def|1
|-unboost|p2a: Victini|spd|1
|
|-weather|Sandstorm|[upkeep]
|-damage|p2a: Victini|43/100|[from] Sandstorm
|-damage|p1a: Tyranitar|12/100 brn|[from] brn
|upkeep
|turn|17
|
|t:|1702051901
|switch|p1a: Jellicent|Jellicent, M, shiny|82/100 brn
|move|p2a: Victini|V-create|p1a: Jellicent
|-resisted|p1a: Jellicent
|-damage|p1a: Jellicent|46/100 brn
|-unboost|p2a: Victini|spe|1
|-unboost|p2a: Victini|def|1
|-unboost|p2a: Victini|spd|1
|
|-weather|Sandstorm|[upkeep]
|-damage|p2a: Victini|37/100|[from] Sandstorm
|-damage|p1a: Jellicent|40/100 brn|[from] Sandstorm
|-heal|p1a: Jellicent|46/100 brn|[from] item: Leftovers
|-damage|p1a: Jellicent|34/100 brn|[from] brn
|upkeep
|turn|18
|
|t:|1702051903
|switch|p2a: Ninetales|Ninetales, F|100/100
|-weather|SunnyDay|[from] ability: Drought|[of] p2a: Ninetales
|move|p1a: Jellicent|Recover|p1a: Jellicent
|-heal|p1a: Jellicent|84/100 brn
|
|-weather|SunnyDay|[upkeep]
|-heal|p1a: Jellicent|90/100 brn|[from] item: Leftovers
|-damage|p1a: Jellicent|78/100 brn|[from] brn
|upkeep
|turn|19
|
|t:|1702051913
|switch|p2a: Xatu|Xatu, F, shiny|56/100
|move|p1a: Jellicent|Shadow Ball|p2a: Xatu
|-supereffective|p2a: Xatu
|-damage|p2a: Xatu|0 fnt
|faint|p2a: Xatu
|
|-weather|SunnyDay|[upkeep]
|-heal|p1a: Jellicent|84/100 brn|[from] item: Leftovers
|-damage|p1a: Jellicent|71/100 brn|[from] brn
|upkeep
|
|t:|1702051917
|switch|p2a: Volcarona|Volcarona, F|100/100
|turn|20
|
|t:|1702051924
|switch|p1a: Tyranitar|Tyranitar, M|12/100 brn
|-weather|Sandstorm|[from] ability: Sand Stream|[of] p1a: Tyranitar
|move|p2a: Volcarona|Quiver Dance|p2a: Volcarona
|-boost|p2a: Volcarona|spa|1
|-boost|p2a: Volcarona|spd|1
|-boost|p2a: Volcarona|spe|1
|
|-weather|Sandstorm|[upkeep]
|-damage|p2a: Volcarona|94/100|[from] Sandstorm
|-damage|p1a: Tyranitar|0 fnt|[from] brn
|faint|p1a: Tyranitar
|upkeep
|
|t:|1702051928
|switch|p1a: Jellicent|Jellicent, M, shiny|71/100 brn
|turn|21
|c|☆leoperi99|gg
|
|t:|1702051936
|move|p2a: Volcarona|Quiver Dance|p2a: Volcarona
|-boost|p2a: Volcarona|spa|1
|-boost|p2a: Volcarona|spd|1
|-boost|p2a: Volcarona|spe|1
|move|p1a: Jellicent|Taunt|p2a: Volcarona
|-start|p2a: Volcarona|move: Taunt
|
|-weather|Sandstorm|[upkeep]
|-damage|p2a: Volcarona|88/100|[from] Sandstorm
|-damage|p1a: Jellicent|65/100 brn|[from] Sandstorm
|-heal|p1a: Jellicent|71/100 brn|[from] item: Leftovers
|-damage|p1a: Jellicent|59/100 brn|[from] brn
|upkeep
|turn|22
|c|☆SauceBoss10|gg
|-message|leoperi99 forfeited.
|
|win|SauceBoss10
|raw|leoperi99's rating: 1362 &rarr; <strong>1348</strong><br />(-14 for losing)
|raw|SauceBoss10's rating: 1479 &rarr; <strong>1493</strong><br />(+14 for winning)
