|j|☆esiariesiari
|j|☆Tellad
|t:|1729380047
|gametype|singles
|player|p1|esiariesiari|cynthia-gen4|1326
|player|p2|Tellad|ethan|1340
|teamsize|p1|6
|teamsize|p2|6
|gen|5
|tier|[Gen 5] OU
|rated|
|rule|Species Clause: Limit one of each Pokémon
|rule|OHKO Clause: OHKO moves are banned
|rule|Moody Clause: Moody is banned
|rule|Evasion Items Clause: Evasion items are banned
|rule|Evasion Moves Clause: Evasion moves are banned
|rule|Endless Battle Clause: Forcing endless battles is banned
|rule|HP Percentage Mod: HP is shown in percentages
|rule|Evasion Abilities Clause: Evasion abilities are banned
|rule|Sleep Moves Clause: Sleep-inducing moves are banned
|rule|Swagger Clause: Swagger is banned
|rule|Baton Pass Stat Clause: No Baton Passer may have a way to boost its stats
|clearpoke
|poke|p1|Magnezone|item
|poke|p1|Jirachi|item
|poke|p1|Latios, M|item
|poke|p1|Kyurem-Black|item
|poke|p1|Dragonite, M|item
|poke|p1|Reuniclus, F|item
|poke|p2|Landorus-Therian, M|item
|poke|p2|Tyranitar, M|item
|poke|p2|Gastrodon, M|item
|poke|p2|Excadrill, M|item
|poke|p2|Jellicent, F|item
|poke|p2|Volcarona, F|item
|teampreview
|inactive|Battle timer is ON: inactive players will automatically lose when time's up. (requested by esiariesiari)
|
|t:|1729380068
|start
|switch|p1a: Iceman|Kyurem-Black|100/100
|switch|p2a: Landorus|Landorus-Therian, M|100/100
|-ability|p2a: Landorus|Intimidate|boost
|-unboost|p1a: Iceman|atk|1
|-ability|p1a: Iceman|Teravolt
|turn|1
|
|t:|1729380076
|switch|p2a: Gastro|Gastrodon, M, shiny|100/100
|move|p1a: Iceman|Ice Beam|p2a: Gastro
|-damage|p2a: Gastro|79/100
|
|-heal|p2a: Gastro|85/100|[from] item: Leftovers
|upkeep
|turn|2
|
|t:|1729380083
|switch|p1a: Make A Wish|Jirachi|100/100
|move|p2a: Gastro|Scald|p1a: Make A Wish
|-crit|p1a: Make A Wish
|-damage|p1a: Make A Wish|69/100
|
|-heal|p1a: Make A Wish|75/100|[from] item: Leftovers
|-heal|p2a: Gastro|91/100|[from] item: Leftovers
|upkeep
|turn|3
|
|t:|1729380094
|move|p1a: Make A Wish|Stealth Rock|p2a: Gastro
|-sidestart|p2: Tellad|move: Stealth Rock
|move|p2a: Gastro|Scald|p1a: Make A Wish
|-damage|p1a: Make A Wish|60/100
|
|-heal|p1a: Make A Wish|67/100|[from] item: Leftovers
|-heal|p2a: Gastro|97/100|[from] item: Leftovers
|upkeep
|turn|4
|
|t:|1729380099
|move|p1a: Make A Wish|U-turn|p2a: Gastro
|-damage|p2a: Gastro|80/100
|
|t:|1729380108
|switch|p1a: F35|Latios, M|100/100|[from] U-turn
|move|p2a: Gastro|Scald|p1a: F35
|-resisted|p1a: F35
|-damage|p1a: F35|87/100
|
|-heal|p2a: Gastro|86/100|[from] item: Leftovers
|upkeep
|turn|5
|
|t:|1729380116
|switch|p1a: UFO|Magnezone, shiny|100/100
|-item|p1a: UFO|Air Balloon
|switch|p2a: Tyran|Tyranitar, M, shiny|100/100
|-damage|p2a: Tyran|88/100|[from] Stealth Rock
|-weather|Sandstorm|[from] ability: Sand Stream|[of] p2a: Tyran
|
|-weather|Sandstorm|[upkeep]
|upkeep
|turn|6
|
|t:|1729380138
|switch|p1a: Iceman|Kyurem-Black|100/100
|-ability|p1a: Iceman|Teravolt
|move|p2a: Tyran|Thunder Wave|p1a: Iceman
|-status|p1a: Iceman|par
|
|-weather|Sandstorm|[upkeep]
|-damage|p1a: Iceman|94/100 par|[from] Sandstorm
|upkeep
|turn|7
|
|t:|1729380152
|switch|p2a: Gastro|Gastrodon, M, shiny|86/100
|-damage|p2a: Gastro|80/100|[from] Stealth Rock
|move|p1a: Iceman|Fusion Bolt|p2a: Gastro
|-immune|p2a: Gastro
|
|-weather|Sandstorm|[upkeep]
|-damage|p1a: Iceman|88/100 par|[from] Sandstorm
|-heal|p2a: Gastro|86/100|[from] item: Leftovers
|upkeep
|turn|8
|
|t:|1729380164
|switch|p1a: F35|Latios, M|87/100
|move|p2a: Gastro|Scald|p1a: F35
|-resisted|p1a: F35
|-damage|p1a: F35|74/100
|
|-weather|Sandstorm|[upkeep]
|-damage|p1a: F35|68/100|[from] Sandstorm
|-heal|p2a: Gastro|92/100|[from] item: Leftovers
|upkeep
|turn|9
|
|t:|1729380188
|switch|p2a: Tyran|Tyranitar, M, shiny|88/100
|-damage|p2a: Tyran|76/100|[from] Stealth Rock
|move|p1a: F35|Surf|p2a: Tyran
|-supereffective|p2a: Tyran
|-damage|p2a: Tyran|43/100
|
|-weather|Sandstorm|[upkeep]
|-damage|p1a: F35|62/100|[from] Sandstorm
|upkeep
|turn|10
|
|t:|1729380197
|move|p1a: F35|Surf|p2a: Tyran
|-supereffective|p2a: Tyran
|-damage|p2a: Tyran|10/100
|move|p2a: Tyran|Pursuit|p1a: F35
|-supereffective|p1a: F35
|-damage|p1a: F35|1/100
|
|-weather|Sandstorm|[upkeep]
|-damage|p1a: F35|0 fnt|[from] Sandstorm
|faint|p1a: F35
|upkeep
|
|t:|1729380204
|switch|p1a: Goofus|Dragonite, M|100/100
|turn|11
|
|t:|1729380216
|move|p1a: Goofus|Dragon Dance|p1a: Goofus
|-boost|p1a: Goofus|atk|1
|-boost|p1a: Goofus|spe|1
|move|p2a: Tyran|Thunder Wave|p1a: Goofus
|-status|p1a: Goofus|par
|-enditem|p1a: Goofus|Lum Berry|[eat]
|-curestatus|p1a: Goofus|par|[msg]
|
|-weather|Sandstorm|[upkeep]
|-damage|p1a: Goofus|94/100|[from] Sandstorm
|upkeep
|turn|12
|
|t:|1729380221
|move|p1a: Goofus|Earthquake|p2a: Tyran
|-supereffective|p2a: Tyran
|-damage|p2a: Tyran|0 fnt
|faint|p2a: Tyran
|
|-weather|Sandstorm|[upkeep]
|-damage|p1a: Goofus|88/100|[from] Sandstorm
|upkeep
|
|t:|1729380224
|switch|p2a: Landorus|Landorus-Therian, M|100/100
|-damage|p2a: Landorus|88/100|[from] Stealth Rock
|-ability|p2a: Landorus|Intimidate|boost
|-unboost|p1a: Goofus|atk|1
|turn|13
|
|t:|1729380234
|switch|p1a: Dr Weird|Reuniclus, F, shiny|100/100
|move|p2a: Landorus|Hidden Power|p1a: Dr Weird
|-damage|p1a: Dr Weird|84/100
|
|-weather|Sandstorm|[upkeep]
|-heal|p2a: Landorus|94/100|[from] item: Leftovers
|upkeep
|turn|14
|
|t:|1729380237
|move|p2a: Landorus|U-turn|p1a: Dr Weird
|-supereffective|p1a: Dr Weird
|-damage|p1a: Dr Weird|37/100
|
|t:|1729380244
|switch|p2a: Jelly|Jellicent, F|100/100|[from] U-turn
|-damage|p2a: Jelly|88/100|[from] Stealth Rock
|-item|p2a: Jelly|Air Balloon
|move|p1a: Dr Weird|Trick Room|p1a: Dr Weird
|-fieldstart|move: Trick Room|[of] p1a: Dr Weird
|
|-weather|Sandstorm|[upkeep]
|-damage|p2a: Jelly|82/100|[from] Sandstorm
|upkeep
|turn|15
|
|t:|1729380247
|move|p1a: Dr Weird|Shadow Ball|p2a: Jelly
|-supereffective|p2a: Jelly
|-damage|p2a: Jelly|18/100
|-enditem|p2a: Jelly|Air Balloon
|move|p2a: Jelly|Taunt|p1a: Dr Weird
|-start|p1a: Dr Weird|move: Taunt
|
|-weather|Sandstorm|[upkeep]
|-damage|p2a: Jelly|12/100|[from] Sandstorm
|upkeep
|turn|16
|
|t:|1729380253
|move|p1a: Dr Weird|Shadow Ball|p2a: Jelly
|-supereffective|p2a: Jelly
|-damage|p2a: Jelly|0 fnt
|faint|p2a: Jelly
|
|-weather|Sandstorm|[upkeep]
|upkeep
|
|t:|1729380258
|switch|p2a: Gastro|Gastrodon, M, shiny|92/100
|-damage|p2a: Gastro|86/100|[from] Stealth Rock
|turn|17
|
|t:|1729380263
|move|p1a: Dr Weird|Psychic|p2a: Gastro
|-damage|p2a: Gastro|46/100
|move|p2a: Gastro|Scald|p1a: Dr Weird
|-damage|p1a: Dr Weird|10/100
|
|-weather|Sandstorm|[upkeep]
|-heal|p2a: Gastro|52/100|[from] item: Leftovers
|upkeep
|turn|18
|
|t:|1729380268
|move|p1a: Dr Weird|Psychic|p2a: Gastro
|-damage|p2a: Gastro|10/100
|move|p2a: Gastro|Scald|p1a: Dr Weird
|-damage|p1a: Dr Weird|0 fnt
|faint|p1a: Dr Weird
|
|-weather|Sandstorm|[upkeep]
|-heal|p2a: Gastro|16/100|[from] item: Leftovers
|-fieldend|move: Trick Room
|upkeep
|
|t:|1729380297
|switch|p1a: Goofus|Dragonite, M|88/100
|turn|19
|
|t:|1729380309
|move|p1a: Goofus|Extreme Speed|p2a: Gastro
|-crit|p2a: Gastro
|-damage|p2a: Gastro|0 fnt
|faint|p2a: Gastro
|
|-weather|Sandstorm|[upkeep]
|-damage|p1a: Goofus|82/100|[from] Sandstorm
|upkeep
|
|t:|1729380313
|switch|p2a: Landorus|Landorus-Therian, M|94/100
|-damage|p2a: Landorus|82/100|[from] Stealth Rock
|-ability|p2a: Landorus|Intimidate|boost
|-unboost|p1a: Goofus|atk|1
|turn|20
|
|t:|1729380323
|switch|p1a: Make A Wish|Jirachi|67/100
|move|p2a: Landorus|Hidden Power|p1a: Make A Wish
|-resisted|p1a: Make A Wish
|-damage|p1a: Make A Wish|61/100
|
|-weather|Sandstorm|[upkeep]
|-heal|p2a: Landorus|88/100|[from] item: Leftovers
|-heal|p1a: Make A Wish|68/100|[from] item: Leftovers
|upkeep
|turn|21
|
|t:|1729380326
|move|p2a: Landorus|Earthquake|p1a: Make A Wish
|-supereffective|p1a: Make A Wish
|-damage|p1a: Make A Wish|0 fnt
|faint|p1a: Make A Wish
|
|-weather|Sandstorm|[upkeep]
|-heal|p2a: Landorus|94/100|[from] item: Leftovers
|upkeep
|
|t:|1729380329
|switch|p1a: Iceman|Kyurem-Black|88/100 par
|-ability|p1a: Iceman|Teravolt
|turn|22
|
|t:|1729380340
|switch|p2a: Exca|Excadrill, M|100/100
|-damage|p2a: Exca|97/100|[from] Stealth Rock
|move|p1a: Iceman|Ice Beam|p2a: Exca
|-damage|p2a: Exca|48/100
|-status|p2a: Exca|frz
|
|-weather|Sandstorm|[upkeep]
|-damage|p1a: Iceman|82/100 par|[from] Sandstorm
|upkeep
|turn|23
|
|t:|1729380343
|cant|p2a: Exca|frz
|move|p1a: Iceman|Ice Beam|p2a: Exca
|-damage|p2a: Exca|4/100 frz
|
|-weather|Sandstorm|[upkeep]
|-damage|p1a: Iceman|76/100 par|[from] Sandstorm
|upkeep
|turn|24
|
|t:|1729380346
|cant|p2a: Exca|frz
|move|p1a: Iceman|Ice Beam|p2a: Exca
|-damage|p2a: Exca|0 fnt
|faint|p2a: Exca
|
|-weather|Sandstorm|[upkeep]
|-damage|p1a: Iceman|70/100 par|[from] Sandstorm
|upkeep
|
|t:|1729380349
|switch|p2a: Carona|Volcarona, F|100/100
|-damage|p2a: Carona|51/100|[from] Stealth Rock
|turn|25
|
|t:|1729380353
|switch|p1a: Goofus|Dragonite, M|82/100
|move|p2a: Carona|Flamethrower|p1a: Goofus
|-resisted|p1a: Goofus
|-damage|p1a: Goofus|57/100
|
|-weather|Sandstorm|[upkeep]
|-damage|p2a: Carona|45/100|[from] Sandstorm
|-damage|p1a: Goofus|51/100|[from] Sandstorm
|upkeep
|turn|26
|
|t:|1729380356
|move|p1a: Goofus|Extreme Speed|p2a: Carona
|-damage|p2a: Carona|0 fnt
|-status|p1a: Goofus|brn|[from] ability: Flame Body|[of] p2a: Carona
|faint|p2a: Carona
|
|-weather|Sandstorm|[upkeep]
|-damage|p1a: Goofus|45/100 brn|[from] Sandstorm
|-damage|p1a: Goofus|32/100 brn|[from] brn
|upkeep
|
|t:|1729380359
|switch|p2a: Landorus|Landorus-Therian, M|94/100
|-damage|p2a: Landorus|82/100|[from] Stealth Rock
|-ability|p2a: Landorus|Intimidate|boost
|-unboost|p1a: Goofus|atk|1
|turn|27
|
|t:|1729380363
|move|p1a: Goofus|Extreme Speed|p2a: Landorus
|-damage|p2a: Landorus|71/100
|move|p2a: Landorus|Hidden Power|p1a: Goofus
|-supereffective|p1a: Goofus
|-damage|p1a: Goofus|0 fnt
|faint|p1a: Goofus
|
|-weather|Sandstorm|[upkeep]
|-heal|p2a: Landorus|77/100|[from] item: Leftovers
|upkeep
|
|t:|1729380374
|switch|p1a: UFO|Magnezone, shiny|100/100
|-item|p1a: UFO|Air Balloon
|turn|28
|
|t:|1729380397
|move|p2a: Landorus|Hidden Power|p1a: UFO
|-resisted|p1a: UFO
|-damage|p1a: UFO|89/100
|-enditem|p1a: UFO|Air Balloon
|move|p1a: UFO|Magnet Rise|p1a: UFO
|-start|p1a: UFO|Magnet Rise
|
|-weather|Sandstorm|[upkeep]
|-heal|p2a: Landorus|83/100|[from] item: Leftovers
|upkeep
|turn|29
|
|t:|1729380402
|move|p2a: Landorus|Earthquake|p1a: UFO
|-immune|p1a: UFO
|move|p1a: UFO|Sunny Day|p1a: UFO
|-weather|SunnyDay
|
|-weather|SunnyDay|[upkeep]
|-heal|p2a: Landorus|89/100|[from] item: Leftovers
|upkeep
|turn|30
|c|☆Tellad|freeze win game
|c|☆Tellad|imagine
|
|t:|1729380416
|move|p2a: Landorus|Hidden Power|p1a: UFO
|-resisted|p1a: UFO
|-damage|p1a: UFO|79/100
|move|p1a: UFO|Hidden Power|p2a: Landorus
|-damage|p2a: Landorus|37/100
|
|-weather|SunnyDay|[upkeep]
|-heal|p2a: Landorus|43/100|[from] item: Leftovers
|upkeep
|turn|31
|
|t:|1729380432
|move|p2a: Landorus|Hidden Power|p1a: UFO
|-resisted|p1a: UFO
|-crit|p1a: UFO
|-damage|p1a: UFO|56/100
|move|p1a: UFO|Hidden Power|p2a: Landorus
|-damage|p2a: Landorus|0 fnt
|faint|p2a: Landorus
|
|win|esiariesiari
|raw|esiariesiari's rating: 1326 &rarr; <strong>1347</strong><br />(+21 for winning)
|raw|Tellad's rating: 1340 &rarr; <strong>1319</strong><br />(-21 for losing)
|l|☆Tellad
|player|p2|
|c|☆esiariesiari|gg
