|j|☆SergioHal
|j|☆jwhi
|t:|1727387911
|gametype|singles
|player|p1|SergioHal|depotagent|1293
|player|p2|jwhi|ingo|1442
|teamsize|p1|6
|teamsize|p2|6
|gen|5
|tier|[Gen 5] OU
|rated|
|rule|Species Clause: Limit one of each Pokémon
|rule|OHKO Clause: OHKO moves are banned
|rule|Moody Clause: Moody is banned
|rule|Evasion Items Clause: Evasion items are banned
|rule|Evasion Moves Clause: Evasion moves are banned
|rule|Endless Battle Clause: Forcing endless battles is banned
|rule|HP Percentage Mod: HP is shown in percentages
|rule|Evasion Abilities Clause: Evasion abilities are banned
|rule|Sleep Moves Clause: Sleep-inducing moves are banned
|rule|Swagger Clause: Swagger is banned
|rule|Baton Pass Stat Clause: No Baton Passer may have a way to boost its stats
|clearpoke
|poke|p1|Forretress, F|item
|poke|p1|Gengar, F|item
|poke|p1|Thundurus-Therian, M|item
|poke|p1|Landorus-Therian, M|item
|poke|p1|Metagross|item
|poke|p1|Mamoswine, M|item
|poke|p2|Gardevoir, F|item
|poke|p2|Dragonite, M|item
|poke|p2|Skarmory, M|item
|poke|p2|Excadrill, M|item
|poke|p2|Starmie|item
|poke|p2|Spinda, F|item
|teampreview
|inactive|Battle timer is ON: inactive players will automatically lose when time's up. (requested by SergioHal)
|
|t:|1727387937
|start
|switch|p1a: Mamoswine|Mamoswine, M|100/100
|switch|p2a: Skarmory|Skarmory, M|100/100
|turn|1
|
|t:|1727387954
|switch|p1a: Forretress|Forretress, F|100/100
|move|p2a: Skarmory|Taunt|p1a: Forretress
|-start|p1a: Forretress|move: Taunt
|
|upkeep
|turn|2
|
|t:|1727387963
|move|p2a: Skarmory|Stealth Rock|p1a: Forretress
|-sidestart|p1: SergioHal|move: Stealth Rock
|move|p1a: Forretress|Volt Switch|p2a: Skarmory
|-supereffective|p2a: Skarmory
|-damage|p2a: Skarmory|54/100
|
|t:|1727387980
|switch|p1a: Gengar|Gengar, F|100/100|[from] Volt Switch
|-damage|p1a: Gengar|88/100|[from] Stealth Rock
|
|upkeep
|turn|3
|inactive|jwhi has 120 seconds left.
|
|t:|1727388021
|move|p1a: Gengar|Thunderbolt|p2a: Skarmory
|-supereffective|p2a: Skarmory
|-damage|p2a: Skarmory|0 fnt
|faint|p2a: Skarmory
|
|upkeep
|
|t:|1727388033
|switch|p2a: Dragonite|Dragonite, M|100/100
|turn|4
|
|t:|1727388036
|move|p1a: Gengar|Thunderbolt|p2a: Dragonite
|-damage|p2a: Dragonite|84/100
|move|p2a: Dragonite|Dragon Dance|p2a: Dragonite
|-boost|p2a: Dragonite|atk|1
|-boost|p2a: Dragonite|spe|1
|
|upkeep
|turn|5
|inactive|jwhi has 120 seconds left.
|
|t:|1727388053
|move|p1a: Gengar|Thunderbolt|p2a: Dragonite
|-damage|p2a: Dragonite|47/100
|move|p2a: Dragonite|Dragon Dance|p2a: Dragonite
|-boost|p2a: Dragonite|atk|1
|-boost|p2a: Dragonite|spe|1
|
|upkeep
|turn|6
|
|t:|1727388062
|move|p1a: Gengar|Thunderbolt|p2a: Dragonite
|-damage|p2a: Dragonite|10/100
|move|p2a: Dragonite|Fire Punch|p1a: Gengar
|-damage|p1a: Gengar|0 fnt
|faint|p1a: Gengar
|
|upkeep
|
|t:|1727388071
|switch|p1a: Mamoswine|Mamoswine, M|100/100
|-damage|p1a: Mamoswine|88/100|[from] Stealth Rock
|turn|7
|
|t:|1727388075
|move|p2a: Dragonite|Extreme Speed|p1a: Mamoswine
|-damage|p1a: Mamoswine|14/100
|move|p1a: Mamoswine|Ice Shard|p2a: Dragonite
|-supereffective|p2a: Dragonite
|-damage|p2a: Dragonite|0 fnt
|faint|p2a: Dragonite
|
|upkeep
|
|t:|1727388079
|switch|p2a: Spinda|Spinda, F|100/100
|turn|8
|
|t:|1727388086
|move|p1a: Mamoswine|Knock Off|p2a: Spinda
|-damage|p2a: Spinda|88/100
|-enditem|p2a: Spinda|Chople Berry|[from] move: Knock Off|[of] p1a: Mamoswine
|move|p2a: Spinda|Superpower|p1a: Mamoswine
|-supereffective|p1a: Mamoswine
|-damage|p1a: Mamoswine|0 fnt
|-boost|p2a: Spinda|atk|1
|-boost|p2a: Spinda|def|1
|faint|p1a: Mamoswine
|
|upkeep
|
|t:|1727388104
|switch|p1a: Landorus|Landorus-Therian, M|100/100
|-damage|p1a: Landorus|88/100|[from] Stealth Rock
|-ability|p1a: Landorus|Intimidate|boost
|-boost|p2a: Spinda|atk|1
|turn|9
|
|t:|1727388128
|move|p2a: Spinda|Sucker Punch|p1a: Landorus
|-damage|p1a: Landorus|43/100
|move|p1a: Landorus|U-turn|p2a: Spinda
|-damage|p2a: Spinda|61/100
|
|t:|1727388131
|switch|p1a: Thundurus|Thundurus-Therian, M|100/100|[from] U-turn
|-damage|p1a: Thundurus|76/100|[from] Stealth Rock
|
|upkeep
|turn|10
|
|t:|1727388139
|move|p1a: Thundurus|Focus Blast|p2a: Spinda
|-supereffective|p2a: Spinda
|-damage|p2a: Spinda|0 fnt
|faint|p2a: Spinda
|
|upkeep
|
|t:|1727388148
|switch|p2a: Starmie|Starmie|100/100
|turn|11
|
|t:|1727388154
|switch|p1a: Forretress|Forretress, F|100/100
|-damage|p1a: Forretress|88/100|[from] Stealth Rock
|move|p2a: Starmie|Ice Beam|p1a: Forretress
|-resisted|p1a: Forretress
|-crit|p1a: Forretress
|-damage|p1a: Forretress|50/100
|
|upkeep
|turn|12
|
|t:|1727388184
|move|p2a: Starmie|Hydro Pump|p1a: Forretress
|-damage|p1a: Forretress|0 fnt
|faint|p1a: Forretress
|
|upkeep
|
|t:|1727388197
|switch|p1a: Metagross|Metagross|100/100
|-damage|p1a: Metagross|94/100|[from] Stealth Rock
|turn|13
|inactive|jwhi has 120 seconds left.
|
|t:|1727388237
|-activate|p2a: Starmie|move: Pursuit
|move|p1a: Metagross|Pursuit|p2a: Starmie|[from]Pursuit
|-supereffective|p2a: Starmie
|-damage|p2a: Starmie|11/100
|switch|p2a: Gardevoir|Gardevoir, F|100/100
|
|upkeep
|turn|14
|
|t:|1727388259
|move|p2a: Gardevoir|Thunder Wave|p1a: Metagross
|-status|p1a: Metagross|par
|move|p1a: Metagross|Earthquake|p2a: Gardevoir
|-damage|p2a: Gardevoir|52/100
|
|upkeep
|turn|15
|
|t:|1727388272
|switch|p1a: Landorus|Landorus-Therian, M|43/100
|-damage|p1a: Landorus|31/100|[from] Stealth Rock
|-ability|p1a: Landorus|Intimidate|boost
|-unboost|p2a: Gardevoir|atk|1
|move|p2a: Gardevoir|Reflect|p2a: Gardevoir
|-sidestart|p2: jwhi|Reflect
|
|-heal|p1a: Landorus|37/100|[from] item: Leftovers
|upkeep
|turn|16
|
|t:|1727388277
|move|p1a: Landorus|Stealth Rock|p2a: Gardevoir
|-sidestart|p2: jwhi|move: Stealth Rock
|move|p2a: Gardevoir|Light Screen|p2a: Gardevoir
|-sidestart|p2: jwhi|move: Light Screen
|
|-heal|p1a: Landorus|43/100|[from] item: Leftovers
|upkeep
|turn|17
|inactive|jwhi has 120 seconds left.
|
|t:|1727388283
|move|p1a: Landorus|U-turn|p2a: Gardevoir
|-supereffective|p2a: Gardevoir
|-damage|p2a: Gardevoir|20/100
|
|t:|1727388285
|switch|p1a: Thundurus|Thundurus-Therian, M|76/100|[from] U-turn
|-damage|p1a: Thundurus|51/100|[from] Stealth Rock
|move|p2a: Gardevoir|Memento|p1a: Thundurus
|-unboost|p1a: Thundurus|atk|2
|-unboost|p1a: Thundurus|spa|2
|faint|p2a: Gardevoir
|
|upkeep
|
|t:|1727388292
|switch|p2a: Excadrill|Excadrill, M|100/100
|-damage|p2a: Excadrill|97/100|[from] Stealth Rock
|-ability|p2a: Excadrill|Mold Breaker
|turn|18
|
|t:|1727388298
|switch|p1a: Landorus|Landorus-Therian, M|43/100
|-damage|p1a: Landorus|31/100|[from] Stealth Rock
|-ability|p1a: Landorus|Intimidate|boost
|-unboost|p2a: Excadrill|atk|1
|move|p2a: Excadrill|Rapid Spin|p1a: Landorus
|-damage|p1a: Landorus|24/100
|-sideend|p2: jwhi|Stealth Rock|[from] move: Rapid Spin|[of] p2a: Excadrill
|
|-heal|p1a: Landorus|30/100|[from] item: Leftovers
|upkeep
|turn|19
|
|t:|1727388316
|switch|p2a: Starmie|Starmie|11/100
|move|p1a: Landorus|Earthquake|p2a: Starmie
|-damage|p2a: Starmie|0 fnt
|faint|p2a: Starmie
|
|-heal|p1a: Landorus|36/100|[from] item: Leftovers
|upkeep
|
|t:|1727388318
|switch|p2a: Excadrill|Excadrill, M|97/100
|-ability|p2a: Excadrill|Mold Breaker
|turn|20
|
|t:|1727388322
|move|p2a: Excadrill|Iron Head|p1a: Landorus
|-damage|p1a: Landorus|0 fnt
|faint|p1a: Landorus
|
|upkeep
|
|t:|1727388328
|switch|p1a: Thundurus|Thundurus-Therian, M|51/100
|-damage|p1a: Thundurus|26/100|[from] Stealth Rock
|turn|21
|
|t:|1727388332
|move|p1a: Thundurus|Focus Blast|p2a: Excadrill
|-supereffective|p2a: Excadrill
|-damage|p2a: Excadrill|32/100
|move|p2a: Excadrill|Iron Head|p1a: Thundurus
|-resisted|p1a: Thundurus
|-damage|p1a: Thundurus|0 fnt
|faint|p1a: Thundurus
|
|upkeep
|
|t:|1727388335
|switch|p1a: Metagross|Metagross|94/100 par
|-damage|p1a: Metagross|88/100 par|[from] Stealth Rock
|turn|22
|l|☆SergioHal
|inactive|SergioHal disconnected and has a minute to reconnect!
|player|p1|
|j|☆SergioHal
|inactive|SergioHal reconnected and has 140 seconds left.
|player|p1|SergioHal|depotagent|
|inactive|jwhi has 120 seconds left.
|
|t:|1727388365
|move|p1a: Metagross|Bullet Punch|p2a: Excadrill
|-resisted|p2a: Excadrill
|-damage|p2a: Excadrill|24/100
|move|p2a: Excadrill|Iron Head|p1a: Metagross
|-resisted|p1a: Metagross
|-damage|p1a: Metagross|70/100 par
|
|-sideend|p2: jwhi|Reflect
|upkeep
|turn|23
|
|t:|1727388373
|move|p2a: Excadrill|Iron Head|p1a: Metagross
|-resisted|p1a: Metagross
|-damage|p1a: Metagross|54/100 par
|cant|p1a: Metagross|flinch
|
|-sideend|p2: jwhi|move: Light Screen
|upkeep
|turn|24
|
|t:|1727388376
|move|p2a: Excadrill|Iron Head|p1a: Metagross
|-resisted|p1a: Metagross
|-damage|p1a: Metagross|37/100 par
|cant|p1a: Metagross|flinch
|
|upkeep
|turn|25
|
|t:|1727388382
|move|p2a: Excadrill|Iron Head|p1a: Metagross
|-resisted|p1a: Metagross
|-damage|p1a: Metagross|20/100 par
|-enditem|p1a: Metagross|Liechi Berry|[eat]
|-boost|p1a: Metagross|atk|1|[from] item: Liechi Berry
|cant|p1a: Metagross|flinch
|
|upkeep
|turn|26
|
|t:|1727388388
|move|p1a: Metagross|Bullet Punch|p2a: Excadrill
|-resisted|p2a: Excadrill
|-damage|p2a: Excadrill|0 fnt
|faint|p2a: Excadrill
|
|win|SergioHal
|raw|SergioHal's rating: 1293 &rarr; <strong>1328</strong><br />(+35 for winning)
|raw|jwhi's rating: 1442 &rarr; <strong>1414</strong><br />(-28 for losing)
|l|☆jwhi
|player|p2|
