|j|☆blossummm
|j|☆gcgoat
|t:|1719526945
|gametype|singles
|player|p1|blossummm|bianca|1345
|player|p2|gcgoat|n|1407
|teamsize|p1|6
|teamsize|p2|6
|gen|5
|tier|[Gen 5] OU
|rated|
|rule|Species Clause: Limit one of each Pokémon
|rule|OHKO Clause: OHKO moves are banned
|rule|Moody Clause: Moody is banned
|rule|Evasion Items Clause: Evasion items are banned
|rule|Evasion Moves Clause: Evasion moves are banned
|rule|Endless Battle Clause: Forcing endless battles is banned
|rule|HP Percentage Mod: HP is shown in percentages
|rule|Evasion Abilities Clause: Evasion abilities are banned
|rule|Sleep Moves Clause: Sleep-inducing moves are banned
|rule|Swagger Clause: Swagger is banned
|rule|Baton Pass Stat Clause: No Baton Passer may have a way to boost its stats
|clearpoke
|poke|p1|Excadrill, M|item
|poke|p1|Abomasnow, F|item
|poke|p1|Landorus-Therian, M|item
|poke|p1|Latios, M|item
|poke|p1|Jirachi|item
|poke|p1|Kyurem|item
|poke|p2|Abomasnow, M|item
|poke|p2|Gliscor, M|item
|poke|p2|Forretress, F|item
|poke|p2|Blissey, F|item
|poke|p2|Latios, M|item
|poke|p2|Reuniclus, F|item
|teampreview
|inactive|Battle timer is ON: inactive players will automatically lose when time's up. (requested by gcgoat)
|
|t:|1719526961
|start
|switch|p1a: Jirachi|Jirachi|100/100
|switch|p2a: Gliscor|Gliscor, M|100/100
|turn|1
|
|t:|1719526970
|move|p2a: Gliscor|Protect|p2a: Gliscor
|-singleturn|p2a: Gliscor|Protect
|move|p1a: Jirachi|Body Slam|p2a: Gliscor
|-activate|p2a: Gliscor|move: Protect
|
|-status|p2a: Gliscor|tox|[from] item: Toxic Orb
|upkeep
|turn|2
|
|t:|1719526976
|move|p1a: Jirachi|Iron Head|p2a: Gliscor
|-damage|p2a: Gliscor|77/100 tox
|cant|p2a: Gliscor|flinch
|
|-heal|p2a: Gliscor|89/100 tox|[from] ability: Poison Heal
|upkeep
|turn|3
|
|t:|1719526982
|switch|p1a: Abomasnow|Abomasnow, F|100/100
|-weather|Hail|[from] ability: Snow Warning|[of] p1a: Abomasnow
|move|p2a: Gliscor|Knock Off|p1a: Abomasnow
|-damage|p1a: Abomasnow|94/100
|-enditem|p1a: Abomasnow|Focus Sash|[from] move: Knock Off|[of] p2a: Gliscor
|
|-weather|Hail|[upkeep]
|-damage|p2a: Gliscor|83/100 tox|[from] Hail
|-heal|p2a: Gliscor|95/100 tox|[from] ability: Poison Heal
|upkeep
|turn|4
|
|t:|1719526997
|move|p2a: Gliscor|U-turn|p1a: Abomasnow
|-supereffective|p1a: Abomasnow
|-damage|p1a: Abomasnow|44/100
|
|t:|1719527001
|switch|p2a: Abomasnow|Abomasnow, M|100/100|[from] U-turn
|move|p1a: Abomasnow|Blizzard|p2a: Abomasnow
|-crit|p2a: Abomasnow
|-damage|p2a: Abomasnow|8/100
|
|-weather|Hail|[upkeep]
|-heal|p2a: Abomasnow|14/100|[from] item: Leftovers
|upkeep
|turn|5
|
|t:|1719527007
|move|p2a: Abomasnow|Protect|p2a: Abomasnow
|-singleturn|p2a: Abomasnow|Protect
|move|p1a: Abomasnow|Ice Shard|p2a: Abomasnow
|-activate|p2a: Abomasnow|move: Protect
|
|-weather|Hail|[upkeep]
|-heal|p2a: Abomasnow|20/100|[from] item: Leftovers
|upkeep
|turn|6
|
|t:|1719527015
|switch|p2a: Blissey|Blissey, F|100/100
|move|p1a: Abomasnow|Ice Shard|p2a: Blissey
|-damage|p2a: Blissey|89/100
|
|-weather|Hail|[upkeep]
|-damage|p2a: Blissey|83/100|[from] Hail
|-heal|p2a: Blissey|89/100|[from] item: Leftovers
|upkeep
|turn|7
|
|t:|1719527021
|switch|p1a: Jirachi|Jirachi|100/100
|move|p2a: Blissey|Stealth Rock|p1a: Jirachi
|-sidestart|p1: blossummm|move: Stealth Rock
|
|-weather|Hail|[upkeep]
|-damage|p1a: Jirachi|94/100|[from] Hail
|-damage|p2a: Blissey|83/100|[from] Hail
|-heal|p1a: Jirachi|100/100|[from] item: Leftovers
|-heal|p2a: Blissey|89/100|[from] item: Leftovers
|upkeep
|turn|8
|
|t:|1719527030
|switch|p2a: Forretress|Forretress, F|100/100
|move|p1a: Jirachi|Substitute|p1a: Jirachi
|-start|p1a: Jirachi|Substitute
|-damage|p1a: Jirachi|76/100
|
|-weather|Hail|[upkeep]
|-damage|p1a: Jirachi|70/100|[from] Hail
|-heal|p1a: Jirachi|76/100|[from] item: Leftovers
|upkeep
|turn|9
|
|t:|1719527034
|move|p1a: Jirachi|Fire Punch|p2a: Forretress
|-supereffective|p2a: Forretress
|-damage|p2a: Forretress|59/100
|move|p2a: Forretress|Earthquake|p1a: Jirachi
|-supereffective|p1a: Jirachi
|-end|p1a: Jirachi|Substitute
|
|-weather|Hail|[upkeep]
|-damage|p1a: Jirachi|70/100|[from] Hail
|-heal|p1a: Jirachi|76/100|[from] item: Leftovers
|-heal|p2a: Forretress|65/100|[from] item: Leftovers
|upkeep
|turn|10
|
|t:|1719527044
|switch|p2a: Gliscor|Gliscor, M|95/100 tox
|move|p1a: Jirachi|Fire Punch|p2a: Gliscor
|-damage|p2a: Gliscor|79/100 tox
|
|-weather|Hail|[upkeep]
|-damage|p1a: Jirachi|70/100|[from] Hail
|-damage|p2a: Gliscor|73/100 tox|[from] Hail
|-heal|p1a: Jirachi|76/100|[from] item: Leftovers
|-heal|p2a: Gliscor|85/100 tox|[from] ability: Poison Heal
|upkeep
|turn|11
|
|t:|1719527052
|move|p1a: Jirachi|Iron Head|p2a: Gliscor
|-damage|p2a: Gliscor|60/100 tox
|cant|p2a: Gliscor|flinch
|
|-weather|Hail|[upkeep]
|-damage|p1a: Jirachi|70/100|[from] Hail
|-damage|p2a: Gliscor|54/100 tox|[from] Hail
|-heal|p1a: Jirachi|76/100|[from] item: Leftovers
|-heal|p2a: Gliscor|67/100 tox|[from] ability: Poison Heal
|upkeep
|turn|12
|
|t:|1719527055
|move|p2a: Gliscor|Protect|p2a: Gliscor
|-singleturn|p2a: Gliscor|Protect
|move|p1a: Jirachi|Iron Head|p2a: Gliscor
|-activate|p2a: Gliscor|move: Protect
|
|-weather|Hail|[upkeep]
|-damage|p1a: Jirachi|70/100|[from] Hail
|-damage|p2a: Gliscor|60/100 tox|[from] Hail
|-heal|p1a: Jirachi|76/100|[from] item: Leftovers
|-heal|p2a: Gliscor|73/100 tox|[from] ability: Poison Heal
|upkeep
|turn|13
|
|t:|1719527059
|move|p1a: Jirachi|Iron Head|p2a: Gliscor
|-damage|p2a: Gliscor|49/100 tox
|cant|p2a: Gliscor|flinch
|
|-weather|Hail|[upkeep]
|-damage|p1a: Jirachi|70/100|[from] Hail
|-damage|p2a: Gliscor|43/100 tox|[from] Hail
|-heal|p1a: Jirachi|76/100|[from] item: Leftovers
|-heal|p2a: Gliscor|56/100 tox|[from] ability: Poison Heal
|upkeep
|turn|14
|
|t:|1719527065
|move|p2a: Gliscor|Protect|p2a: Gliscor
|-singleturn|p2a: Gliscor|Protect
|move|p1a: Jirachi|Substitute|p1a: Jirachi
|-start|p1a: Jirachi|Substitute
|-damage|p1a: Jirachi|51/100
|
|-weather|Hail|[upkeep]
|-damage|p1a: Jirachi|45/100|[from] Hail
|-damage|p2a: Gliscor|49/100 tox|[from] Hail
|-heal|p1a: Jirachi|51/100|[from] item: Leftovers
|-heal|p2a: Gliscor|62/100 tox|[from] ability: Poison Heal
|upkeep
|turn|15
|
|t:|1719527070
|move|p1a: Jirachi|Iron Head|p2a: Gliscor
|-damage|p2a: Gliscor|36/100 tox
|cant|p2a: Gliscor|flinch
|
|-weather|Hail|[upkeep]
|-damage|p1a: Jirachi|45/100|[from] Hail
|-damage|p2a: Gliscor|30/100 tox|[from] Hail
|-heal|p1a: Jirachi|51/100|[from] item: Leftovers
|-heal|p2a: Gliscor|42/100 tox|[from] ability: Poison Heal
|upkeep
|turn|16
|
|t:|1719527075
|move|p2a: Gliscor|Protect|p2a: Gliscor
|-singleturn|p2a: Gliscor|Protect
|move|p1a: Jirachi|Iron Head|p2a: Gliscor
|-activate|p2a: Gliscor|move: Protect
|
|-weather|Hail|[upkeep]
|-damage|p1a: Jirachi|45/100|[from] Hail
|-damage|p2a: Gliscor|36/100 tox|[from] Hail
|-heal|p1a: Jirachi|51/100|[from] item: Leftovers
|-heal|p2a: Gliscor|48/100 tox|[from] ability: Poison Heal
|upkeep
|turn|17
|
|t:|1719527081
|move|p1a: Jirachi|Iron Head|p2a: Gliscor
|-crit|p2a: Gliscor
|-damage|p2a: Gliscor|0 fnt
|faint|p2a: Gliscor
|
|-weather|Hail|[upkeep]
|-damage|p1a: Jirachi|45/100|[from] Hail
|-heal|p1a: Jirachi|51/100|[from] item: Leftovers
|upkeep
|
|t:|1719527087
|switch|p2a: Forretress|Forretress, F|65/100
|turn|18
|
|t:|1719527091
|move|p1a: Jirachi|Fire Punch|p2a: Forretress
|-supereffective|p2a: Forretress
|-damage|p2a: Forretress|21/100
|move|p2a: Forretress|Earthquake|p1a: Jirachi
|-supereffective|p1a: Jirachi
|-end|p1a: Jirachi|Substitute
|
|-weather|Hail|[upkeep]
|-damage|p1a: Jirachi|45/100|[from] Hail
|-heal|p1a: Jirachi|51/100|[from] item: Leftovers
|-heal|p2a: Forretress|27/100|[from] item: Leftovers
|upkeep
|turn|19
|
|t:|1719527100
|switch|p2a: Latios|Latios, M|100/100
|move|p1a: Jirachi|Fire Punch|p2a: Latios
|-resisted|p2a: Latios
|-damage|p2a: Latios|87/100
|
|-weather|Hail|[upkeep]
|-damage|p2a: Latios|81/100|[from] Hail
|-damage|p1a: Jirachi|45/100|[from] Hail
|-heal|p1a: Jirachi|51/100|[from] item: Leftovers
|upkeep
|turn|20
|
|t:|1719527105
|move|p2a: Latios|Thunder Wave|p1a: Jirachi
|-status|p1a: Jirachi|par
|move|p1a: Jirachi|Body Slam|p2a: Latios
|-damage|p2a: Latios|48/100
|-status|p2a: Latios|par
|
|-weather|Hail|[upkeep]
|-damage|p2a: Latios|42/100 par|[from] Hail
|-damage|p1a: Jirachi|45/100 par|[from] Hail
|-heal|p1a: Jirachi|51/100 par|[from] item: Leftovers
|upkeep
|turn|21
|
|t:|1719527123
|move|p2a: Latios|Surf|p1a: Jirachi
|-damage|p1a: Jirachi|19/100 par
|move|p1a: Jirachi|Iron Head|p2a: Latios
|-damage|p2a: Latios|0 fnt
|faint|p2a: Latios
|
|-weather|Hail|[upkeep]
|-damage|p1a: Jirachi|13/100 par|[from] Hail
|-heal|p1a: Jirachi|19/100 par|[from] item: Leftovers
|upkeep
|
|t:|1719527140
|switch|p2a: Forretress|Forretress, F|27/100
|turn|22
|
|t:|1719527144
|move|p1a: Jirachi|Fire Punch|p2a: Forretress
|-supereffective|p2a: Forretress
|-damage|p2a: Forretress|0 fnt
|faint|p2a: Forretress
|
|-weather|Hail|[upkeep]
|-damage|p1a: Jirachi|13/100 par|[from] Hail
|-heal|p1a: Jirachi|19/100 par|[from] item: Leftovers
|upkeep
|
|t:|1719527147
|switch|p2a: Blissey|Blissey, F|89/100
|turn|23
|
|t:|1719527149
|move|p2a: Blissey|Seismic Toss|p1a: Jirachi
|-damage|p1a: Jirachi|0 fnt
|faint|p1a: Jirachi
|
|-weather|Hail|[upkeep]
|-damage|p2a: Blissey|83/100|[from] Hail
|-heal|p2a: Blissey|89/100|[from] item: Leftovers
|upkeep
|
|t:|1719527157
|switch|p1a: Excadrill|Excadrill, M|100/100
|-damage|p1a: Excadrill|97/100|[from] Stealth Rock
|-ability|p1a: Excadrill|Mold Breaker
|turn|24
|
|t:|1719527164
|move|p1a: Excadrill|Iron Head|p2a: Blissey
|-damage|p2a: Blissey|50/100
|move|p2a: Blissey|Seismic Toss|p1a: Excadrill
|-damage|p1a: Excadrill|70/100
|
|-weather|Hail|[upkeep]
|-damage|p1a: Excadrill|64/100|[from] Hail
|-damage|p2a: Blissey|43/100|[from] Hail
|-heal|p2a: Blissey|50/100|[from] item: Leftovers
|upkeep
|turn|25
|
|t:|1719527173
|move|p1a: Excadrill|Iron Head|p2a: Blissey
|-damage|p2a: Blissey|10/100
|move|p2a: Blissey|Soft-Boiled|p2a: Blissey
|-heal|p2a: Blissey|60/100
|
|-weather|Hail|[upkeep]
|-damage|p1a: Excadrill|58/100|[from] Hail
|-damage|p2a: Blissey|54/100|[from] Hail
|-heal|p2a: Blissey|60/100|[from] item: Leftovers
|upkeep
|turn|26
|
|t:|1719527177
|move|p1a: Excadrill|Iron Head|p2a: Blissey
|-crit|p2a: Blissey
|-damage|p2a: Blissey|0 fnt
|faint|p2a: Blissey
|
|-weather|Hail|[upkeep]
|-damage|p1a: Excadrill|51/100|[from] Hail
|upkeep
|
|t:|1719527185
|switch|p2a: Abomasnow|Abomasnow, M|20/100
|turn|27
|
|t:|1719527188
|move|p2a: Abomasnow|Ice Shard|p1a: Excadrill
|-damage|p1a: Excadrill|35/100
|move|p1a: Excadrill|Iron Head|p2a: Abomasnow
|-supereffective|p2a: Abomasnow
|-damage|p2a: Abomasnow|0 fnt
|faint|p2a: Abomasnow
|
|-weather|Hail|[upkeep]
|-damage|p1a: Excadrill|28/100|[from] Hail
|upkeep
|
|t:|1719527192
|switch|p2a: Reuniclus|Reuniclus, F|100/100
|turn|28
|
|t:|1719527194
|move|p1a: Excadrill|Iron Head|p2a: Reuniclus
|-damage|p2a: Reuniclus|69/100
|move|p2a: Reuniclus|Calm Mind|p2a: Reuniclus
|-boost|p2a: Reuniclus|spa|1
|-boost|p2a: Reuniclus|spd|1
|
|-weather|Hail|[upkeep]
|-damage|p1a: Excadrill|22/100|[from] Hail
|-heal|p2a: Reuniclus|75/100|[from] item: Leftovers
|upkeep
|turn|29
|
|t:|1719527198
|move|p1a: Excadrill|Iron Head|p2a: Reuniclus
|-damage|p2a: Reuniclus|43/100
|move|p2a: Reuniclus|Recover|p2a: Reuniclus
|-heal|p2a: Reuniclus|93/100
|
|-weather|Hail|[upkeep]
|-damage|p1a: Excadrill|16/100|[from] Hail
|-heal|p2a: Reuniclus|99/100|[from] item: Leftovers
|upkeep
|turn|30
|
|t:|1719527202
|move|p1a: Excadrill|Iron Head|p2a: Reuniclus
|-damage|p2a: Reuniclus|65/100
|move|p2a: Reuniclus|Calm Mind|p2a: Reuniclus
|-boost|p2a: Reuniclus|spa|1
|-boost|p2a: Reuniclus|spd|1
|
|-weather|Hail|[upkeep]
|-damage|p1a: Excadrill|10/100|[from] Hail
|-heal|p2a: Reuniclus|71/100|[from] item: Leftovers
|upkeep
|turn|31
|
|t:|1719527207
|move|p1a: Excadrill|Iron Head|p2a: Reuniclus
|-damage|p2a: Reuniclus|37/100
|move|p2a: Reuniclus|Recover|p2a: Reuniclus
|-heal|p2a: Reuniclus|87/100
|
|-weather|Hail|[upkeep]
|-damage|p1a: Excadrill|4/100|[from] Hail
|-heal|p2a: Reuniclus|93/100|[from] item: Leftovers
|upkeep
|turn|32
|
|t:|1719527212
|move|p1a: Excadrill|Iron Head|p2a: Reuniclus
|-damage|p2a: Reuniclus|62/100
|cant|p2a: Reuniclus|flinch
|
|-weather|Hail|[upkeep]
|-damage|p1a: Excadrill|0 fnt|[from] Hail
|faint|p1a: Excadrill
|-heal|p2a: Reuniclus|68/100|[from] item: Leftovers
|upkeep
|
|t:|1719527229
|switch|p1a: Kyurem|Kyurem|100/100
|-damage|p1a: Kyurem|76/100|[from] Stealth Rock
|-ability|p1a: Kyurem|Pressure
|turn|33
|
|t:|1719527235
|move|p1a: Kyurem|Blizzard|p2a: Reuniclus
|-damage|p2a: Reuniclus|24/100
|move|p2a: Reuniclus|Calm Mind|p2a: Reuniclus
|-boost|p2a: Reuniclus|spa|1
|-boost|p2a: Reuniclus|spd|1
|
|-weather|Hail|[upkeep]
|-heal|p2a: Reuniclus|30/100|[from] item: Leftovers
|upkeep
|turn|34
|
|t:|1719527239
|move|p1a: Kyurem|Blizzard|p2a: Reuniclus
|-damage|p2a: Reuniclus|0 fnt
|faint|p2a: Reuniclus
|
|win|blossummm
|raw|blossummm's rating: 1345 &rarr; <strong>1369</strong><br />(+24 for winning)
|raw|gcgoat's rating: 1407 &rarr; <strong>1383</strong><br />(-24 for losing)
|l|☆gcgoat
|player|p2|
