|j|☆ChrisCross1990
|j|‽daddy_days2
|t:|1746446329
|gametype|singles
|player|p1|ChrisCross1990|266|1333
|player|p2|daddy_days2|170|1472
|teamsize|p1|6
|teamsize|p2|6
|gen|5
|tier|[Gen 5] OU
|rated|
|rule|Species Clause: Limit one of each Pokémon
|rule|OHKO Clause: OHKO moves are banned
|rule|Moody Clause: Moody is banned
|rule|Evasion Items Clause: Evasion items are banned
|rule|Evasion Moves Clause: Evasion moves are banned
|rule|Endless Battle Clause: Forcing endless battles is banned
|rule|HP Percentage Mod: HP is shown in percentages
|rule|Evasion Abilities Clause: Evasion abilities are banned
|rule|Sleep Moves Clause: Sleep-inducing moves are banned
|rule|Swagger Clause: Swagger is banned
|rule|Baton Pass Stat Clause: No Baton Passer may have a way to boost its stats
|clearpoke
|poke|p1|Conkeldurr, F|item
|poke|p1|Excadrill, F|item
|poke|p1|Landorus-Therian, M|item
|poke|p1|Thundurus-Therian, M|item
|poke|p1|Heatran, M|item
|poke|p1|Jirachi|item
|poke|p2|Kyurem-Black|item
|poke|p2|Garchomp, F|item
|poke|p2|Conkeldurr, M|item
|poke|p2|Starmie|item
|poke|p2|Bisharp, M|item
|poke|p2|Scyther, M|item
|teampreview
|inactive|Battle timer is ON: inactive players will automatically lose when time's up. (requested by ChrisCross1990)
|
|t:|1746446345
|start
|switch|p1a: Landorus|Landorus-Therian, M|100/100
|switch|p2a: Bisharp|Bisharp, M|100/100
|-ability|p1a: Landorus|Intimidate|boost
|-unboost|p2a: Bisharp|atk|1
|-ability|p2a: Bisharp|Defiant|boost
|-boost|p2a: Bisharp|atk|2
|-item|p2a: Bisharp|Air Balloon
|turn|1
|
|t:|1746446353
|move|p1a: Landorus|U-turn|p2a: Bisharp
|-damage|p2a: Bisharp|74/100
|-enditem|p2a: Bisharp|Air Balloon
|-activate|p1a: Landorus|move: Pursuit
|move|p2a: Bisharp|Pursuit|p1a: Landorus|[from] Pursuit
|-damage|p1a: Landorus|26/100
|
|t:|1746446361
|switch|p1a: Conkeldurr|Conkeldurr, F|100/100|[from] U-turn
|
|upkeep
|turn|2
|
|t:|1746446369
|switch|p2a: Garchomp|Garchomp, F|100/100
|move|p1a: Conkeldurr|Drain Punch|p2a: Garchomp
|-damage|p2a: Garchomp|65/100
|-damage|p1a: Conkeldurr|88/100|[from] ability: Rough Skin|[of] p2a: Garchomp
|-damage|p1a: Conkeldurr|72/100|[from] item: Rocky Helmet|[of] p2a: Garchomp
|
|-heal|p1a: Conkeldurr|78/100|[from] item: Leftovers
|upkeep
|turn|3
|
|t:|1746446378
|move|p2a: Garchomp|Stealth Rock|p1a: Conkeldurr
|-sidestart|p1: ChrisCross1990|move: Stealth Rock
|move|p1a: Conkeldurr|Ice Punch|p2a: Garchomp
|-supereffective|p2a: Garchomp
|-damage|p2a: Garchomp|0 fnt
|-damage|p1a: Conkeldurr|65/100|[from] ability: Rough Skin|[of] p2a: Garchomp
|-damage|p1a: Conkeldurr|49/100|[from] item: Rocky Helmet|[of] p2a: Garchomp
|faint|p2a: Garchomp
|
|-heal|p1a: Conkeldurr|55/100|[from] item: Leftovers
|upkeep
|
|t:|1746446390
|switch|p2a: Kyurem|Kyurem-Black|100/100
|-ability|p2a: Kyurem|Teravolt
|turn|4
|
|t:|1746446396
|switch|p1a: Excadrill|Excadrill, F|100/100
|-damage|p1a: Excadrill|97/100|[from] Stealth Rock
|-ability|p1a: Excadrill|Mold Breaker
|move|p2a: Kyurem|Dragon Claw|p1a: Excadrill
|-resisted|p1a: Excadrill
|-damage|p1a: Excadrill|40/100
|
|upkeep
|turn|5
|
|t:|1746446407
|switch|p2a: Starmie|Starmie|100/100
|move|p1a: Excadrill|Rapid Spin|p2a: Starmie
|-damage|p2a: Starmie|92/100
|-sideend|p1: ChrisCross1990|Stealth Rock|[from] move: Rapid Spin|[of] p1a: Excadrill
|
|-heal|p2a: Starmie|98/100|[from] item: Leftovers
|upkeep
|turn|6
|
|t:|1746446416
|switch|p1a: Jirachi|Jirachi|100/100
|move|p2a: Starmie|Hydro Pump|p1a: Jirachi
|-damage|p1a: Jirachi|72/100
|
|-heal|p2a: Starmie|100/100|[from] item: Leftovers
|upkeep
|turn|7
|
|t:|1746446423
|move|p2a: Starmie|Thunder Wave|p1a: Jirachi
|-status|p1a: Jirachi|par
|move|p1a: Jirachi|U-turn|p2a: Starmie
|-supereffective|p2a: Starmie
|-damage|p2a: Starmie|64/100
|
|t:|1746446428
|switch|p1a: Thundurus|Thundurus-Therian, M|100/100|[from] U-turn
|
|-heal|p2a: Starmie|70/100|[from] item: Leftovers
|upkeep
|turn|8
|
|t:|1746446437
|move|p1a: Thundurus|Volt Switch|p2a: Starmie
|-supereffective|p2a: Starmie
|-damage|p2a: Starmie|0 fnt
|faint|p2a: Starmie
|
|t:|1746446449
|switch|p1a: Landorus|Landorus-Therian, M|26/100|[from] Volt Switch
|
|upkeep
|
|t:|1746446457
|switch|p2a: Scyther|Scyther, M|100/100
|turn|9
|
|t:|1746446470
|move|p2a: Scyther|U-turn|p1a: Landorus
|-resisted|p1a: Landorus
|-damage|p1a: Landorus|5/100
|
|t:|1746446474
|switch|p2a: Bisharp|Bisharp, M|74/100|[from] U-turn
|move|p1a: Landorus|U-turn|p2a: Bisharp
|-damage|p2a: Bisharp|48/100
|
|t:|1746446489
|switch|p1a: Thundurus|Thundurus-Therian, M|100/100|[from] U-turn
|
|upkeep
|turn|10
|
|t:|1746446493
|move|p2a: Bisharp|Sucker Punch|p1a: Thundurus
|-damage|p1a: Thundurus|36/100
|move|p1a: Thundurus|Volt Switch|p2a: Bisharp
|-damage|p2a: Bisharp|0 fnt
|faint|p2a: Bisharp
|
|t:|1746446510
|switch|p1a: Excadrill|Excadrill, F|40/100|[from] Volt Switch
|-ability|p1a: Excadrill|Mold Breaker
|
|upkeep
|
|t:|1746446515
|switch|p2a: Conkeldurr|Conkeldurr, M|100/100
|turn|11
|
|t:|1746446524
|move|p2a: Conkeldurr|Mach Punch|p1a: Excadrill
|-supereffective|p1a: Excadrill
|-damage|p1a: Excadrill|0 fnt
|faint|p1a: Excadrill
|
|upkeep
|
|t:|1746446533
|switch|p1a: Thundurus|Thundurus-Therian, M|36/100
|turn|12
|
|t:|1746446537
|move|p2a: Conkeldurr|Mach Punch|p1a: Thundurus
|-resisted|p1a: Thundurus
|-damage|p1a: Thundurus|14/100
|move|p1a: Thundurus|Psychic|p2a: Conkeldurr
|-supereffective|p2a: Conkeldurr
|-damage|p2a: Conkeldurr|14/100
|
|-heal|p2a: Conkeldurr|20/100|[from] item: Leftovers
|upkeep
|turn|13
|j| baixiaohen
|
|t:|1746446545
|move|p2a: Conkeldurr|Mach Punch|p1a: Thundurus
|-resisted|p1a: Thundurus
|-damage|p1a: Thundurus|0 fnt
|faint|p1a: Thundurus
|
|-heal|p2a: Conkeldurr|26/100|[from] item: Leftovers
|upkeep
|
|t:|1746446548
|switch|p1a: Conkeldurr|Conkeldurr, F|55/100
|turn|14
|
|t:|1746446553
|switch|p2a: Scyther|Scyther, M|100/100
|move|p1a: Conkeldurr|Mach Punch|p2a: Scyther
|-resisted|p2a: Scyther
|-damage|p2a: Scyther|90/100
|
|-heal|p1a: Conkeldurr|61/100|[from] item: Leftovers
|upkeep
|turn|15
|
|t:|1746446560
|switch|p1a: Heatran|Heatran, M|100/100
|move|p2a: Scyther|Aerial Ace|p1a: Heatran
|-resisted|p1a: Heatran
|-damage|p1a: Heatran|83/100
|
|upkeep
|turn|16
|
|t:|1746446570
|switch|p2a: Conkeldurr|Conkeldurr, M|26/100
|move|p1a: Heatran|Overheat|p2a: Conkeldurr
|-damage|p2a: Conkeldurr|0 fnt
|-unboost|p1a: Heatran|spa|2
|faint|p2a: Conkeldurr
|
|upkeep
|
|t:|1746446578
|switch|p2a: Kyurem|Kyurem-Black|100/100
|-ability|p2a: Kyurem|Teravolt
|turn|17
|
|t:|1746446589
|switch|p1a: Jirachi|Jirachi|72/100 par
|move|p2a: Kyurem|Outrage|p1a: Jirachi
|-resisted|p1a: Jirachi
|-damage|p1a: Jirachi|24/100 par
|
|upkeep
|turn|18
|
|t:|1746446597
|move|p2a: Kyurem|Outrage|p1a: Jirachi|[from] lockedmove
|-resisted|p1a: Jirachi
|-crit|p1a: Jirachi
|-damage|p1a: Jirachi|0 fnt
|faint|p1a: Jirachi
|
|upkeep
|
|t:|1746446612
|switch|p1a: Heatran|Heatran, M|83/100
|turn|19
|
|t:|1746446616
|move|p2a: Kyurem|Outrage|p1a: Heatran|[from] lockedmove
|-resisted|p1a: Heatran
|-damage|p1a: Heatran|34/100
|-start|p2a: Kyurem|confusion|[fatigue]
|move|p1a: Heatran|Ancient Power|p2a: Kyurem
|-supereffective|p2a: Kyurem
|-damage|p2a: Kyurem|32/100
|
|upkeep
|turn|20
|
|t:|1746446625
|-activate|p2a: Kyurem|confusion
|move|p2a: Kyurem|Outrage|p1a: Heatran
|-resisted|p1a: Heatran
|-damage|p1a: Heatran|0 fnt
|faint|p1a: Heatran
|
|upkeep
|
|t:|1746446633
|switch|p1a: Conkeldurr|Conkeldurr, F|61/100
|turn|21
|
|t:|1746446644
|-activate|p2a: Kyurem|confusion
|move|p2a: Kyurem|Outrage|p1a: Conkeldurr|[from] lockedmove
|-damage|p1a: Conkeldurr|0 fnt
|faint|p1a: Conkeldurr
|
|upkeep
|
|t:|1746446648
|switch|p1a: Landorus|Landorus-Therian, M|5/100
|-ability|p1a: Landorus|Intimidate|boost
|-unboost|p2a: Kyurem|atk|1
|turn|22
|
|t:|1746446656
|move|p1a: Landorus|Earthquake|p2a: Kyurem
|-damage|p2a: Kyurem|0 fnt
|faint|p2a: Kyurem
|
|upkeep
|
|t:|1746446660
|switch|p2a: Scyther|Scyther, M|90/100
|turn|23
|-message|ChrisCross1990 forfeited.
|
|win|daddy_days2
|raw|ChrisCross1990's rating: 1333 &rarr; <strong>1321</strong><br />(-12 for losing)
|raw|daddy_days2's rating: 1472 &rarr; <strong>1484</strong><br />(+12 for winning)
|l|☆ChrisCross1990
|player|p1|
