|j|☆Lancer MK
|j|☆the goldeen boy
|player|p1|Lancer MK|tucker-gen3
|player|p2|the goldeen boy|misty-gen1rb
|teamsize|p1|6
|teamsize|p2|6
|gametype|singles
|gen|5
|tier|[Gen 5] OU
|rated|
|rule|Sleep Clause Mod: Limit one foe put to sleep
|rule|Species Clause: Limit one of each Pokémon
|rule|OHKO Clause: OHKO moves are banned
|rule|Moody Clause: Moody is banned
|rule|Evasion Moves Clause: Evasion moves are banned
|rule|Endless Battle Clause: Forcing endless battles is banned
|rule|HP Percentage Mod: HP is shown in percentages
|rule|Evasion Abilities Clause: Evasion abilities are banned
|rule|Baton Pass Clause: Limit one Baton Passer, can't pass Spe and other stats simultaneously
|rule|Swagger Clause: Swagger is banned
|clearpoke
|poke|p1|Espeon, M|item
|poke|p1|Conkeldurr, M|item
|poke|p1|Cloyster, M|item
|poke|p1|Landorus-Therian, M|item
|poke|p1|Empoleon, M|item
|poke|p1|Scizor, F|item
|poke|p2|Dragonite, F|item
|poke|p2|Garchomp, F|item
|poke|p2|Excadrill, F|item
|poke|p2|Keldeo|item
|poke|p2|Kyurem-Black|item
|poke|p2|Latios, M|item
|teampreview
|
|start
|switch|p1a: Landorus|Landorus-Therian, M|100/100
|switch|p2a: Latios|Latios, M|100/100
|-ability|p1a: Landorus|Intimidate|boost
|-unboost|p2a: Latios|atk|1
|turn|1
|inactive|Battle timer is ON: inactive players will automatically lose when time's up. (requested by Lancer MK)
|
|move|p2a: Latios|Draco Meteor|p1a: Landorus
|-enditem|p1a: Landorus|Focus Sash
|-damage|p1a: Landorus|1/100
|-unboost|p2a: Latios|spa|2
|move|p1a: Landorus|Stealth Rock|p2a: Latios
|-sidestart|p2: the goldeen boy|move: Stealth Rock
|
|upkeep
|turn|2
|
|move|p2a: Latios|Draco Meteor|p1a: Landorus
|-damage|p1a: Landorus|0 fnt
|-unboost|p2a: Latios|spa|2
|faint|p1a: Landorus
|
|upkeep
|
|switch|p1a: Cloyster|Cloyster, M, shiny|100/100
|turn|3
|
|switch|p2a: Keldeo|Keldeo|100/100
|-damage|p2a: Keldeo|94/100|[from] Stealth Rock
|move|p1a: Cloyster|Shell Smash|p1a: Cloyster
|-unboost|p1a: Cloyster|def|1
|-unboost|p1a: Cloyster|spd|1
|-boost|p1a: Cloyster|atk|2
|-boost|p1a: Cloyster|spa|2
|-boost|p1a: Cloyster|spe|2
|
|upkeep
|turn|4
|
|move|p1a: Cloyster|Icicle Spear|p2a: Keldeo
|-resisted|p2a: Keldeo
|-damage|p2a: Keldeo|79/100
|-resisted|p2a: Keldeo
|-crit|p2a: Keldeo
|-damage|p2a: Keldeo|47/100
|-resisted|p2a: Keldeo
|-damage|p2a: Keldeo|33/100
|-resisted|p2a: Keldeo
|-damage|p2a: Keldeo|18/100
|-resisted|p2a: Keldeo
|-damage|p2a: Keldeo|4/100
|-hitcount|p2a: Keldeo|5
|cant|p2a: Keldeo|flinch
|
|upkeep
|turn|5
|
|move|p1a: Cloyster|Icicle Spear|p2a: Keldeo
|-resisted|p2a: Keldeo
|-damage|p2a: Keldeo|0 fnt
|-hitcount|p2a: Keldeo|1
|faint|p2a: Keldeo
|
|upkeep
|-message|the goldeen boy forfeited.
|
|win|Lancer MK
|l|☆the goldeen boy
|raw|Lancer MK's rating: 1287 &rarr; <strong>1319</strong><br />(+32 for winning)
|raw|the goldeen boy's rating: 1388 &rarr; <strong>1362</strong><br />(-26 for losing)
