|j|Freddy Grus
|j|Typhlito
|player|p1|Freddy Grus|144
|teamsize|p1|6
|player|p2|Typhlito|#typhlito
|teamsize|p2|6
|gametype|singles
|gen|5
|tier|[Gen 5] OU
|rated
|seed|12139,43871,45263,49526
|rule|Evasion Abilities Clause: Evasion abilities are banned
|rule|Baton Pass Clause: Limit one Baton Passer, can't pass Spe and other stats simultaneously
|rule|Swagger Clause: Swagger is banned
|clearpoke
|poke|p1|Tyranitar, M|item
|poke|p1|Skarmory, F|item
|poke|p1|Rotom-Wash|item
|poke|p1|Gliscor, M, shiny|item
|poke|p1|Scizor, M|item
|poke|p1|Latias, F|item
|poke|p2|Tyranitar, M|item
|poke|p2|Skarmory, F|item
|poke|p2|Starmie|item
|poke|p2|Garchomp, M|item
|poke|p2|Amoonguss, F|item
|poke|p2|Mienshao, F|item
|rule|Sleep Clause Mod: Limit one foe put to sleep
|rule|Species Clause: Limit one of each Pokémon
|rule|OHKO Clause: OHKO moves are banned
|rule|Moody Clause: Moody is banned
|rule|Evasion Moves Clause: Evasion moves are banned
|rule|Endless Battle Clause: Forcing endless battles is banned
|rule|HP Percentage Mod: HP is shown in percentages
|teampreview
|c|☆Typhlito|hf
|inactive|Battle timer is ON: inactive players will automatically lose when time's up. (requested by Freddy Grus)
|choice|team 4, team 2, team 3, team 1, team 5, team 6|team 6, team 2, team 3, team 4, team 5, team 1
|
|start
|switch|p1a: Gliscor|Gliscor, M, shiny|354/354
|switch|p2a: Mienshao|Mienshao, F|271/271
|turn|1
|c|☆Freddy Grus|hf
|choice|move protect|move hiddenpower
|
|move|p1a: Gliscor|Protect|p1a: Gliscor
|-singleturn|p1a: Gliscor|Protect
|move|p2a: Mienshao|Hidden Power|p1a: Gliscor
|-activate|p1a: Gliscor|move: Protect
|
|-status|p1a: Gliscor|tox|[from] item: Toxic Orb
|upkeep
|turn|2
|choice|switch 2|move uturn
|
|switch|p1a: Skarmory|Skarmory, F|334/334
|move|p2a: Mienshao|U-turn|p1a: Skarmory
|-resisted|p1a: Skarmory
|-crit|p1a: Skarmory
|-damage|p1a: Skarmory|305/334
|-damage|p2a: Mienshao|244/271|[from] item: Life Orb
|choice||switch 5
|
|switch|p2a: Amoonguss|Amoonguss, F|432/432
|
|-heal|p1a: Skarmory|325/334|[from] item: Leftovers
|upkeep
|turn|3
|choice|switch 2|move spore
|
|switch|p1a: Gliscor|Gliscor, M, shiny|354/354 tox
|move|p2a: Amoonguss|Spore|p1a: Gliscor
|-fail|p1a: Gliscor
|
|upkeep
|turn|4
|choice|move earthquake|move hiddenpower
|
|move|p1a: Gliscor|Earthquake|p2a: Amoonguss
|-damage|p2a: Amoonguss|309/432
|move|p2a: Amoonguss|Hidden Power|p1a: Gliscor
|-supereffective|p1a: Gliscor
|-damage|p1a: Gliscor|98/354 tox
|
|-heal|p2a: Amoonguss|336/432|[from] item: Black Sludge
|-heal|p1a: Gliscor|142/354 tox|[from] ability: Poison Heal
|upkeep
|turn|5
|choice|move protect|move gigadrain
|
|move|p1a: Gliscor|Protect|p1a: Gliscor
|-singleturn|p1a: Gliscor|Protect
|move|p2a: Amoonguss|Giga Drain|p1a: Gliscor
|-activate|p1a: Gliscor|move: Protect
|
|-heal|p2a: Amoonguss|363/432|[from] item: Black Sludge
|-heal|p1a: Gliscor|186/354 tox|[from] ability: Poison Heal
|upkeep
|turn|6
|choice|switch 6|move spore
|
|switch|p1a: Latias|Latias, F|364/364
|move|p2a: Amoonguss|Spore|p1a: Latias
|-status|p1a: Latias|slp
|
|-heal|p2a: Amoonguss|390/432|[from] item: Black Sludge
|upkeep
|turn|7
|choice|switch 4|move stunspore
|
|switch|p1a: Tyranitar|Tyranitar, M|393/393
|-weather|Sandstorm|[from] ability: Sand Stream|[of] p1a: Tyranitar
|move|p2a: Amoonguss|Stun Spore|p1a: Tyranitar
|-status|p1a: Tyranitar|par
|
|-weather|Sandstorm|[upkeep]
|-damage|p2a: Amoonguss|363/432|[from] sandstorm
|-heal|p2a: Amoonguss|390/432|[from] item: Black Sludge
|upkeep
|turn|8
|choice|move stealthrock|switch 5
|
|switch|p2a: Mienshao|Mienshao, F|271/271
|move|p1a: Tyranitar|Stealth Rock|p2a: Mienshao
|-sidestart|p2: Typhlito|move: Stealth Rock
|
|-weather|Sandstorm|[upkeep]
|-damage|p2a: Mienshao|255/271|[from] sandstorm
|upkeep
|turn|9
|choice|switch 6|move highjumpkick
|
|switch|p1a: Gliscor|Gliscor, M, shiny|186/354 tox
|move|p2a: Mienshao|High Jump Kick|p1a: Gliscor
|-resisted|p1a: Gliscor
|-damage|p1a: Gliscor|96/354 tox
|-damage|p2a: Mienshao|228/271|[from] item: Life Orb
|
|-weather|Sandstorm|[upkeep]
|-damage|p2a: Mienshao|212/271|[from] sandstorm
|-heal|p1a: Gliscor|140/354 tox|[from] ability: Poison Heal
|upkeep
|turn|10
|choice|move protect|move hiddenpower
|
|move|p1a: Gliscor|Protect|p1a: Gliscor
|-singleturn|p1a: Gliscor|Protect
|move|p2a: Mienshao|Hidden Power|p1a: Gliscor
|-activate|p1a: Gliscor|move: Protect
|
|-weather|Sandstorm|[upkeep]
|-damage|p2a: Mienshao|196/271|[from] sandstorm
|-heal|p1a: Gliscor|184/354 tox|[from] ability: Poison Heal
|upkeep
|turn|11
|choice|switch 2|move highjumpkick
|
|switch|p1a: Skarmory|Skarmory, F|325/334
|move|p2a: Mienshao|High Jump Kick|p1a: Skarmory
|-damage|p1a: Skarmory|153/334
|-damage|p2a: Mienshao|169/271|[from] item: Life Orb
|
|-weather|Sandstorm|[upkeep]
|-damage|p2a: Mienshao|153/271|[from] sandstorm
|-heal|p1a: Skarmory|173/334|[from] item: Leftovers
|upkeep
|turn|12
|choice|move roost|move highjumpkick
|
|move|p2a: Mienshao|High Jump Kick|p1a: Skarmory
|-damage|p1a: Skarmory|0 fnt
|-damage|p2a: Mienshao|126/271|[from] item: Life Orb
|faint|p1a: Skarmory
|
|-weather|Sandstorm|[upkeep]
|-damage|p2a: Mienshao|110/271|[from] sandstorm
|upkeep
|choice|switch 5|
|
|switch|p1a: Scizor|Scizor, M|340/340
|turn|13
|choice|switch 3|switch 2
|
|switch|p2a: Skarmory|Skarmory, F|333/333
|-damage|p2a: Skarmory|292/333|[from] Stealth Rock
|switch|p1a: Rotom|Rotom-Wash|268/268
|
|-weather|Sandstorm|[upkeep]
|-damage|p1a: Rotom|252/268|[from] sandstorm
|-heal|p1a: Rotom|268/268|[from] item: Leftovers
|-heal|p2a: Skarmory|312/333|[from] item: Leftovers
|upkeep
|turn|14
|choice|move willowisp|switch 5
|
|switch|p2a: Amoonguss|Amoonguss, F|432/432
|-damage|p2a: Amoonguss|378/432|[from] Stealth Rock
|move|p1a: Rotom|Will-O-Wisp|p2a: Amoonguss
|-status|p2a: Amoonguss|brn
|
|-weather|Sandstorm|[upkeep]
|-damage|p1a: Rotom|252/268|[from] sandstorm
|-damage|p2a: Amoonguss|351/432 brn|[from] sandstorm
|-heal|p1a: Rotom|268/268|[from] item: Leftovers
|-heal|p2a: Amoonguss|378/432 brn|[from] item: Black Sludge
|-damage|p2a: Amoonguss|324/432 brn|[from] brn
|upkeep
|turn|15
|choice|move voltswitch|move gigadrain
|
|move|p1a: Rotom|Volt Switch|p2a: Amoonguss
|-resisted|p2a: Amoonguss
|-damage|p2a: Amoonguss|267/432 brn
|choice|switch 3|
|
|switch|p1a: Scizor|Scizor, M|340/340
|move|p2a: Amoonguss|Giga Drain|p1a: Scizor
|-resisted|p1a: Scizor
|-crit|p1a: Scizor
|-damage|p1a: Scizor|301/340
|-heal|p2a: Amoonguss|287/432 brn|[from] drain|[of] p1a: Scizor
|
|-weather|Sandstorm|[upkeep]
|-damage|p2a: Amoonguss|260/432 brn|[from] sandstorm
|-heal|p1a: Scizor|322/340|[from] item: Leftovers
|-heal|p2a: Amoonguss|287/432 brn|[from] item: Black Sludge
|-damage|p2a: Amoonguss|233/432 brn|[from] brn
|upkeep
|turn|16
|choice|switch 2|switch 5
|
|switch|p1a: Gliscor|Gliscor, M, shiny|184/354 tox
|switch|p2a: Skarmory|Skarmory, F|312/333
|-damage|p2a: Skarmory|271/333|[from] Stealth Rock
|
|-weather|Sandstorm|[upkeep]
|-heal|p2a: Skarmory|291/333|[from] item: Leftovers
|-heal|p1a: Gliscor|228/354 tox|[from] ability: Poison Heal
|upkeep
|turn|17
|choice|move taunt|move spikes
|
|move|p1a: Gliscor|Taunt|p2a: Skarmory
|-start|p2a: Skarmory|move: Taunt
|cant|p2a: Skarmory|move: Taunt|Spikes
|
|-weather|Sandstorm|[upkeep]
|-heal|p2a: Skarmory|311/333|[from] item: Leftovers
|-heal|p1a: Gliscor|272/354 tox|[from] ability: Poison Heal
|upkeep
|turn|18
|choice|switch 6|switch 3
|
|switch|p1a: Tyranitar|Tyranitar, M|393/393 par
|switch|p2a: Starmie|Starmie|261/261
|-damage|p2a: Starmie|229/261|[from] Stealth Rock
|
|-weather|Sandstorm|[upkeep]
|-damage|p2a: Starmie|213/261|[from] sandstorm
|-heal|p2a: Starmie|229/261|[from] item: Leftovers
|upkeep
|turn|19
|choice|move crunch|move rapidspin
|
|move|p2a: Starmie|Rapid Spin|p1a: Tyranitar
|-resisted|p1a: Tyranitar
|-damage|p1a: Tyranitar|388/393 par
|-sideend|p2: Typhlito|Stealth Rock|[from] move: Rapid Spin|[of] p2a: Starmie
|move|p1a: Tyranitar|Crunch|p2a: Starmie
|-supereffective|p2a: Starmie
|-damage|p2a: Starmie|0 fnt
|faint|p2a: Starmie
|
|-weather|Sandstorm|[upkeep]
|-heal|p1a: Tyranitar|393/393 par|[from] item: Leftovers
|upkeep
|choice||switch 6
|
|switch|p2a: Tyranitar|Tyranitar, M|341/341
|turn|20
|choice|move stealthrock|move stealthrock
|
|move|p2a: Tyranitar|Stealth Rock|p1a: Tyranitar
|-sidestart|p1: Freddy Grus|move: Stealth Rock
|cant|p1a: Tyranitar|par
|
|-weather|Sandstorm|[upkeep]
|upkeep
|turn|21
|choice|move stealthrock|switch 4
|
|switch|p2a: Garchomp|Garchomp, M|357/357
|move|p1a: Tyranitar|Stealth Rock|p2a: Garchomp
|-sidestart|p2: Typhlito|move: Stealth Rock
|
|-weather|Sandstorm|[upkeep]
|upkeep
|turn|22
|choice|switch 6|move outrage
|
|switch|p1a: Gliscor|Gliscor, M, shiny|272/354 tox
|-damage|p1a: Gliscor|228/354 tox|[from] Stealth Rock
|move|p2a: Garchomp|Outrage|p1a: Gliscor
|-damage|p1a: Gliscor|78/354 tox
|
|-weather|Sandstorm|[upkeep]
|-heal|p1a: Gliscor|122/354 tox|[from] ability: Poison Heal
|upkeep
|turn|23
|choice|move protect|move outrage
|
|move|p1a: Gliscor|Protect|p1a: Gliscor
|-singleturn|p1a: Gliscor|Protect
|move|p2a: Garchomp|Outrage|p1a: Gliscor|[from]lockedmove
|-activate|p1a: Gliscor|move: Protect
|
|-weather|Sandstorm|[upkeep]
|-heal|p1a: Gliscor|166/354 tox|[from] ability: Poison Heal
|upkeep
|turn|24
|choice|move toxic|move outrage
|
|move|p2a: Garchomp|Outrage|p1a: Gliscor
|-crit|p1a: Gliscor
|-damage|p1a: Gliscor|0 fnt
|faint|p1a: Gliscor
|
|-weather|Sandstorm|[upkeep]
|upkeep
|choice|switch 2|
|
|switch|p1a: Scizor|Scizor, M|322/340
|-damage|p1a: Scizor|280/340|[from] Stealth Rock
|turn|25
|c|☆Typhlito|sry
|choice|move swordsdance|move outrage
|
|move|p2a: Garchomp|Outrage|p1a: Scizor|[from]lockedmove
|-resisted|p1a: Scizor
|-damage|p1a: Scizor|181/340
|move|p1a: Scizor|Swords Dance|p1a: Scizor
|-boost|p1a: Scizor|atk|2
|
|-weather|Sandstorm|[upkeep]
|-heal|p1a: Scizor|202/340|[from] item: Leftovers
|upkeep
|turn|26
|choice|move roost|move outrage
|
|move|p2a: Garchomp|Outrage|p1a: Scizor|[from]lockedmove
|-resisted|p1a: Scizor
|-crit|p1a: Scizor
|-damage|p1a: Scizor|0 fnt
|-start|p2a: Garchomp|confusion|[fatigue]
|faint|p1a: Scizor
|
|-weather|Sandstorm|[upkeep]
|upkeep
|-message|Freddy Grus forfeited.
|
|win|Typhlito
|l|Freddy Grus
|raw|Freddy Grus's rating: 1348 &rarr; <strong>1323</strong><br />(-25 for losing)
|raw|Typhlito's rating: 1268 &rarr; <strong>1298</strong><br />(+30 for winning)
|c|☆Typhlito|5 turn outrage?
|j|Lutra
|l|Lutra