|j|☆shadowtag980
|j|☆erauogenkl
|t:|1719958474
|gametype|singles
|player|p1|shadowtag980|cyclistf|1352
|player|p2|erauogenkl|serena-masters3|1361
|teamsize|p1|6
|teamsize|p2|6
|gen|5
|tier|[Gen 5] OU
|rated|
|rule|Species Clause: Limit one of each Pokémon
|rule|OHKO Clause: OHKO moves are banned
|rule|Moody Clause: Moody is banned
|rule|Evasion Items Clause: Evasion items are banned
|rule|Evasion Moves Clause: Evasion moves are banned
|rule|Endless Battle Clause: Forcing endless battles is banned
|rule|HP Percentage Mod: HP is shown in percentages
|rule|Evasion Abilities Clause: Evasion abilities are banned
|rule|Sleep Moves Clause: Sleep-inducing moves are banned
|rule|Swagger Clause: Swagger is banned
|rule|Baton Pass Stat Clause: No Baton Passer may have a way to boost its stats
|clearpoke
|poke|p1|Volcarona, M|item
|poke|p1|Xatu, F|item
|poke|p1|Amoonguss, M|item
|poke|p1|Skarmory, M|item
|poke|p1|Dragonite, M|item
|poke|p1|Starmie|item
|poke|p2|Politoed, M|item
|poke|p2|Jirachi|item
|poke|p2|Breloom, M|item
|poke|p2|Latios, M|item
|poke|p2|Keldeo|item
|poke|p2|Tentacruel, F|item
|teampreview
|
|t:|1719958486
|start
|switch|p1a: Starmie|Starmie|100/100
|switch|p2a: Politoed|Politoed, M|100/100
|-item|p1a: Starmie|Air Balloon
|-weather|RainDance|[from] ability: Drizzle|[of] p2a: Politoed
|turn|1
|
|t:|1719958490
|switch|p2a: Jirachi|Jirachi|100/100
|move|p1a: Starmie|Thunderbolt|p2a: Jirachi
|-damage|p2a: Jirachi|79/100
|
|-weather|RainDance|[upkeep]
|-heal|p2a: Jirachi|85/100|[from] item: Leftovers
|upkeep
|turn|2
|
|t:|1719958494
|switch|p1a: Xatu|Xatu, F|100/100
|move|p2a: Jirachi|Thunder|p1a: Xatu
|-supereffective|p1a: Xatu
|-damage|p1a: Xatu|27/100
|-status|p1a: Xatu|par
|
|-weather|RainDance|[upkeep]
|-heal|p2a: Jirachi|91/100|[from] item: Leftovers
|upkeep
|turn|3
|
|t:|1719958500
|switch|p1a: Amoonguss|Amoonguss, M|100/100
|move|p2a: Jirachi|Thunder|p1a: Amoonguss
|-resisted|p1a: Amoonguss
|-damage|p1a: Amoonguss|88/100
|
|-weather|RainDance|[upkeep]
|-heal|p2a: Jirachi|97/100|[from] item: Leftovers
|-heal|p1a: Amoonguss|94/100|[from] item: Black Sludge
|upkeep
|turn|4
|
|t:|1719958505
|move|p2a: Jirachi|Thunder|p1a: Amoonguss
|-resisted|p1a: Amoonguss
|-damage|p1a: Amoonguss|83/100
|move|p1a: Amoonguss|Stun Spore|p2a: Jirachi|[miss]
|-miss|p1a: Amoonguss|p2a: Jirachi
|
|-weather|RainDance|[upkeep]
|-heal|p2a: Jirachi|100/100|[from] item: Leftovers
|-heal|p1a: Amoonguss|89/100|[from] item: Black Sludge
|upkeep
|turn|5
|
|t:|1719958509
|move|p2a: Jirachi|Stealth Rock|p1a: Amoonguss
|-sidestart|p1: shadowtag980|move: Stealth Rock
|move|p1a: Amoonguss|Stun Spore|p2a: Jirachi
|-status|p2a: Jirachi|par
|
|-weather|RainDance|[upkeep]
|-heal|p1a: Amoonguss|96/100|[from] item: Black Sludge
|upkeep
|turn|6
|
|t:|1719958511
|move|p1a: Amoonguss|Sunny Day|p1a: Amoonguss
|-weather|SunnyDay
|cant|p2a: Jirachi|par
|
|-weather|SunnyDay|[upkeep]
|-heal|p1a: Amoonguss|100/100|[from] item: Black Sludge
|upkeep
|turn|7
|
|t:|1719958517
|switch|p1a: Starmie|Starmie|100/100
|-damage|p1a: Starmie|88/100|[from] Stealth Rock
|-item|p1a: Starmie|Air Balloon
|switch|p2a: Politoed|Politoed, M|100/100
|-weather|RainDance|[from] ability: Drizzle|[of] p2a: Politoed
|
|-weather|RainDance|[upkeep]
|upkeep
|turn|8
|
|t:|1719958521
|switch|p2a: Jirachi|Jirachi|100/100 par
|move|p1a: Starmie|Hydro Pump|p2a: Jirachi
|-damage|p2a: Jirachi|37/100 par
|
|-weather|RainDance|[upkeep]
|-heal|p2a: Jirachi|43/100 par|[from] item: Leftovers
|upkeep
|turn|9
|
|t:|1719958525
|move|p1a: Starmie|Hydro Pump|p2a: Jirachi
|-damage|p2a: Jirachi|0 fnt
|faint|p2a: Jirachi
|
|-weather|RainDance|[upkeep]
|upkeep
|
|t:|1719958528
|switch|p2a: Latios|Latios, M|100/100
|turn|10
|
|t:|1719958533
|switch|p1a: Skarmory|Skarmory, M|100/100
|-damage|p1a: Skarmory|88/100|[from] Stealth Rock
|move|p2a: Latios|Draco Meteor|p1a: Skarmory
|-resisted|p1a: Skarmory
|-crit|p1a: Skarmory
|-damage|p1a: Skarmory|0 fnt
|-unboost|p2a: Latios|spa|2
|faint|p1a: Skarmory
|
|-weather|RainDance|[upkeep]
|upkeep
|
|t:|1719958538
|switch|p1a: Starmie|Starmie|88/100
|-damage|p1a: Starmie|76/100|[from] Stealth Rock
|-item|p1a: Starmie|Air Balloon
|turn|11
|
|t:|1719958546
|switch|p2a: Tentacruel|Tentacruel, F|100/100
|move|p1a: Starmie|Rapid Spin|p2a: Tentacruel
|-damage|p2a: Tentacruel|96/100
|-sideend|p1: shadowtag980|Stealth Rock|[from] move: Rapid Spin|[of] p1a: Starmie
|
|-weather|RainDance|[upkeep]
|-heal|p2a: Tentacruel|100/100|[from] ability: Rain Dish
|upkeep
|turn|12
|
|t:|1719958554
|move|p1a: Starmie|Thunderbolt|p2a: Tentacruel
|-supereffective|p2a: Tentacruel
|-damage|p2a: Tentacruel|53/100
|move|p2a: Tentacruel|Scald|p1a: Starmie
|-resisted|p1a: Starmie
|-damage|p1a: Starmie|49/100
|-status|p1a: Starmie|brn
|-enditem|p1a: Starmie|Air Balloon
|
|-weather|RainDance|[upkeep]
|-heal|p2a: Tentacruel|59/100|[from] ability: Rain Dish
|-heal|p2a: Tentacruel|65/100|[from] item: Black Sludge
|-damage|p1a: Starmie|37/100 brn|[from] brn
|upkeep
|turn|13
|
|t:|1719958559
|switch|p1a: Amoonguss|Amoonguss, M|100/100
|move|p2a: Tentacruel|Protect||[still]
|-fail|p2a: Tentacruel
|
|-weather|RainDance|[upkeep]
|-heal|p2a: Tentacruel|71/100|[from] ability: Rain Dish
|-heal|p2a: Tentacruel|77/100|[from] item: Black Sludge
|upkeep
|turn|14
|
|t:|1719958562
|move|p2a: Tentacruel|Substitute|p2a: Tentacruel
|-start|p2a: Tentacruel|Substitute
|-damage|p2a: Tentacruel|52/100
|move|p1a: Amoonguss|Sunny Day|p1a: Amoonguss
|-weather|SunnyDay
|
|-weather|SunnyDay|[upkeep]
|-heal|p2a: Tentacruel|58/100|[from] item: Black Sludge
|upkeep
|turn|15
|
|t:|1719958566
|move|p2a: Tentacruel|Scald|p1a: Amoonguss
|-resisted|p1a: Amoonguss
|-damage|p1a: Amoonguss|95/100
|move|p1a: Amoonguss|Giga Drain|p2a: Tentacruel
|-activate|p2a: Tentacruel|Substitute|[damage]
|-heal|p1a: Amoonguss|100/100|[from] drain|[of] p2a: Tentacruel
|
|-weather|SunnyDay|[upkeep]
|-heal|p2a: Tentacruel|65/100|[from] item: Black Sludge
|upkeep
|turn|16
|
|t:|1719958569
|move|p2a: Tentacruel|Scald|p1a: Amoonguss
|-resisted|p1a: Amoonguss
|-damage|p1a: Amoonguss|95/100
|move|p1a: Amoonguss|Giga Drain|p2a: Tentacruel
|-end|p2a: Tentacruel|Substitute
|-heal|p1a: Amoonguss|98/100|[from] drain|[of] p2a: Tentacruel
|
|-weather|SunnyDay|[upkeep]
|-heal|p2a: Tentacruel|71/100|[from] item: Black Sludge
|-heal|p1a: Amoonguss|100/100|[from] item: Black Sludge
|upkeep
|turn|17
|
|t:|1719958573
|move|p2a: Tentacruel|Protect|p2a: Tentacruel
|-singleturn|p2a: Tentacruel|Protect
|move|p1a: Amoonguss|Giga Drain|p2a: Tentacruel
|-activate|p2a: Tentacruel|move: Protect
|
|-weather|SunnyDay|[upkeep]
|-heal|p2a: Tentacruel|77/100|[from] item: Black Sludge
|upkeep
|turn|18
|
|t:|1719958576
|move|p2a: Tentacruel|Substitute|p2a: Tentacruel
|-start|p2a: Tentacruel|Substitute
|-damage|p2a: Tentacruel|52/100
|move|p1a: Amoonguss|Giga Drain|p2a: Tentacruel
|-activate|p2a: Tentacruel|Substitute|[damage]
|
|-weather|none
|-heal|p2a: Tentacruel|58/100|[from] item: Black Sludge
|upkeep
|turn|19
|
|t:|1719958578
|move|p2a: Tentacruel|Protect|p2a: Tentacruel
|-singleturn|p2a: Tentacruel|Protect
|move|p1a: Amoonguss|Giga Drain|p2a: Tentacruel
|-activate|p2a: Tentacruel|move: Protect
|
|-heal|p2a: Tentacruel|64/100|[from] item: Black Sludge
|upkeep
|turn|20
|
|t:|1719958583
|move|p2a: Tentacruel|Scald|p1a: Amoonguss
|-resisted|p1a: Amoonguss
|-damage|p1a: Amoonguss|89/100
|move|p1a: Amoonguss|Giga Drain|p2a: Tentacruel
|-end|p2a: Tentacruel|Substitute
|-heal|p1a: Amoonguss|92/100|[from] drain|[of] p2a: Tentacruel
|
|-heal|p2a: Tentacruel|70/100|[from] item: Black Sludge
|-heal|p1a: Amoonguss|99/100|[from] item: Black Sludge
|upkeep
|turn|21
|
|t:|1719958591
|switch|p1a: Starmie|Starmie|37/100 brn
|move|p2a: Tentacruel|Protect||[still]
|-fail|p2a: Tentacruel
|
|-heal|p2a: Tentacruel|76/100|[from] item: Black Sludge
|-damage|p1a: Starmie|25/100 brn|[from] brn
|upkeep
|turn|22
|
|t:|1719958596
|move|p2a: Tentacruel|Protect|p2a: Tentacruel
|-singleturn|p2a: Tentacruel|Protect
|move|p1a: Starmie|Thunderbolt|p2a: Tentacruel
|-activate|p2a: Tentacruel|move: Protect
|
|-heal|p2a: Tentacruel|82/100|[from] item: Black Sludge
|-damage|p1a: Starmie|12/100 brn|[from] brn
|upkeep
|turn|23
|
|t:|1719958604
|switch|p2a: Breloom|Breloom, M, shiny|100/100
|move|p1a: Starmie|Thunderbolt|p2a: Breloom
|-resisted|p2a: Breloom
|-damage|p2a: Breloom|72/100
|
|-damage|p1a: Starmie|0 fnt|[from] brn
|faint|p1a: Starmie
|-status|p2a: Breloom|tox|[from] item: Toxic Orb
|upkeep
|
|t:|1719958612
|switch|p1a: Amoonguss|Amoonguss, M|100/100
|turn|24
|
|t:|1719958622
|switch|p1a: Dragonite|Dragonite, M|100/100
|move|p2a: Breloom|Substitute|p2a: Breloom
|-start|p2a: Breloom|Substitute
|-damage|p2a: Breloom|47/100 tox
|
|-heal|p2a: Breloom|60/100 tox|[from] ability: Poison Heal
|upkeep
|turn|25
|
|t:|1719958625
|-singleturn|p2a: Breloom|move: Focus Punch
|move|p1a: Dragonite|Fire Punch|p2a: Breloom
|-supereffective|p2a: Breloom
|-end|p2a: Breloom|Substitute
|move|p2a: Breloom|Focus Punch|p1a: Dragonite
|-resisted|p1a: Dragonite
|-damage|p1a: Dragonite|78/100
|
|-heal|p2a: Breloom|72/100 tox|[from] ability: Poison Heal
|upkeep
|turn|26
|
|t:|1719958632
|switch|p2a: Politoed|Politoed, M|100/100
|-weather|RainDance|[from] ability: Drizzle|[of] p2a: Politoed
|move|p1a: Dragonite|Fire Punch|p2a: Politoed
|-resisted|p2a: Politoed
|-damage|p2a: Politoed|93/100
|
|-weather|RainDance|[upkeep]
|-heal|p2a: Politoed|99/100|[from] item: Leftovers
|upkeep
|turn|27
|
|t:|1719958635
|switch|p1a: Amoonguss|Amoonguss, M|100/100
|move|p2a: Politoed|Encore||[still]
|-fail|p2a: Politoed
|
|-weather|RainDance|[upkeep]
|-heal|p2a: Politoed|100/100|[from] item: Leftovers
|upkeep
|turn|28
|
|t:|1719958638
|move|p2a: Politoed|Scald|p1a: Amoonguss
|-resisted|p1a: Amoonguss
|-damage|p1a: Amoonguss|82/100
|move|p1a: Amoonguss|Sunny Day|p1a: Amoonguss
|-weather|SunnyDay
|
|-weather|SunnyDay|[upkeep]
|-heal|p1a: Amoonguss|88/100|[from] item: Black Sludge
|upkeep
|turn|29
|
|t:|1719958642
|switch|p1a: Dragonite|Dragonite, M|78/100
|move|p2a: Politoed|Encore||[still]
|-fail|p2a: Politoed
|
|-weather|SunnyDay|[upkeep]
|upkeep
|turn|30
|
|t:|1719958647
|move|p1a: Dragonite|Outrage|p2a: Politoed
|-damage|p2a: Politoed|22/100
|move|p2a: Politoed|Encore|p1a: Dragonite
|-start|p1a: Dragonite|Encore
|
|-weather|SunnyDay|[upkeep]
|-heal|p2a: Politoed|29/100|[from] item: Leftovers
|upkeep
|turn|31
|
|t:|1719958664
|switch|p2a: Keldeo|Keldeo|100/100
|move|p1a: Dragonite|Outrage|p2a: Keldeo|[from]lockedmove
|-damage|p2a: Keldeo|0 fnt
|faint|p2a: Keldeo
|
|-weather|SunnyDay|[upkeep]
|upkeep
|
|t:|1719958667
|switch|p2a: Latios|Latios, M|100/100
|turn|32
|
|t:|1719958669
|move|p2a: Latios|Dragon Pulse|p1a: Dragonite
|-supereffective|p1a: Dragonite
|-crit|p1a: Dragonite
|-damage|p1a: Dragonite|0 fnt
|faint|p1a: Dragonite
|
|-weather|none
|upkeep
|
|t:|1719958673
|switch|p1a: Volcarona|Volcarona, M|100/100
|turn|33
|
|t:|1719958675
|switch|p2a: Politoed|Politoed, M|29/100
|-weather|RainDance|[from] ability: Drizzle|[of] p2a: Politoed
|move|p1a: Volcarona|Quiver Dance|p1a: Volcarona
|-boost|p1a: Volcarona|spa|1
|-boost|p1a: Volcarona|spd|1
|-boost|p1a: Volcarona|spe|1
|
|-weather|RainDance|[upkeep]
|-heal|p2a: Politoed|35/100|[from] item: Leftovers
|upkeep
|turn|34
|
|t:|1719958681
|move|p1a: Volcarona|Quiver Dance|p1a: Volcarona
|-boost|p1a: Volcarona|spa|1
|-boost|p1a: Volcarona|spd|1
|-boost|p1a: Volcarona|spe|1
|move|p2a: Politoed|Encore|p1a: Volcarona
|-start|p1a: Volcarona|Encore
|
|-weather|RainDance|[upkeep]
|-heal|p2a: Politoed|41/100|[from] item: Leftovers
|upkeep
|turn|35
|
|t:|1719958683
|switch|p2a: Latios|Latios, M|100/100
|move|p1a: Volcarona|Quiver Dance|p1a: Volcarona
|-boost|p1a: Volcarona|spa|1
|-boost|p1a: Volcarona|spd|1
|-boost|p1a: Volcarona|spe|1
|
|-weather|RainDance|[upkeep]
|upkeep
|turn|36
|
|t:|1719958693
|move|p1a: Volcarona|Quiver Dance|p1a: Volcarona
|-boost|p1a: Volcarona|spa|1
|-boost|p1a: Volcarona|spd|1
|-boost|p1a: Volcarona|spe|1
|move|p2a: Latios|Trick|p1a: Volcarona
|-activate|p2a: Latios|move: Trick|[of] p1a: Volcarona
|-item|p1a: Volcarona|Choice Specs|[from] move: Trick
|-item|p2a: Latios|Insect Plate|[from] move: Trick
|
|-weather|RainDance|[upkeep]
|upkeep
|turn|37
|
|t:|1719958696
|switch|p2a: Breloom|Breloom, M, shiny|72/100 tox
|move|p1a: Volcarona|Quiver Dance|p1a: Volcarona
|-boost|p1a: Volcarona|spa|1
|-boost|p1a: Volcarona|spd|1
|-boost|p1a: Volcarona|spe|1
|
|-weather|RainDance|[upkeep]
|-heal|p2a: Breloom|85/100 tox|[from] ability: Poison Heal
|-end|p1a: Volcarona|Encore
|upkeep
|turn|38
|
|t:|1719958700
|switch|p1a: Xatu|Xatu, F|27/100 par
|move|p2a: Breloom|Substitute|p2a: Breloom
|-start|p2a: Breloom|Substitute
|-damage|p2a: Breloom|60/100 tox
|
|-weather|RainDance|[upkeep]
|-heal|p2a: Breloom|72/100 tox|[from] ability: Poison Heal
|upkeep
|turn|39
|
|t:|1719958703
|move|p2a: Breloom|Seed Bomb|p1a: Xatu
|-resisted|p1a: Xatu
|-damage|p1a: Xatu|3/100 par
|move|p1a: Xatu|Night Shade|p2a: Breloom
|-end|p2a: Breloom|Substitute
|
|-weather|RainDance|[upkeep]
|-heal|p2a: Breloom|85/100 tox|[from] ability: Poison Heal
|upkeep
|turn|40
|
|t:|1719958707
|move|p2a: Breloom|Seed Bomb|p1a: Xatu
|-resisted|p1a: Xatu
|-damage|p1a: Xatu|0 fnt
|faint|p1a: Xatu
|
|-weather|RainDance|[upkeep]
|-heal|p2a: Breloom|97/100 tox|[from] ability: Poison Heal
|upkeep
|
|t:|1719958710
|switch|p1a: Amoonguss|Amoonguss, M|100/100
|turn|41
|
|t:|1719958715
|move|p2a: Breloom|Substitute|p2a: Breloom
|-start|p2a: Breloom|Substitute
|-damage|p2a: Breloom|72/100 tox
|move|p1a: Amoonguss|Sunny Day|p1a: Amoonguss
|-weather|SunnyDay
|
|-weather|SunnyDay|[upkeep]
|-heal|p2a: Breloom|85/100 tox|[from] ability: Poison Heal
|upkeep
|turn|42
|
|t:|1719958719
|-singleturn|p2a: Breloom|move: Focus Punch
|move|p1a: Amoonguss|Sludge Bomb|p2a: Breloom
|-supereffective|p2a: Breloom
|-end|p2a: Breloom|Substitute
|move|p2a: Breloom|Focus Punch|p1a: Amoonguss
|-resisted|p1a: Amoonguss
|-damage|p1a: Amoonguss|72/100
|
|-weather|SunnyDay|[upkeep]
|-heal|p1a: Amoonguss|78/100|[from] item: Black Sludge
|-heal|p2a: Breloom|97/100 tox|[from] ability: Poison Heal
|upkeep
|turn|43
|
|t:|1719958726
|switch|p1a: Volcarona|Volcarona, M|100/100
|move|p2a: Breloom|Protect||[still]
|-fail|p2a: Breloom
|
|-weather|SunnyDay|[upkeep]
|-heal|p2a: Breloom|100/100 tox|[from] ability: Poison Heal
|upkeep
|turn|44
|
|t:|1719958729
|switch|p1a: Amoonguss|Amoonguss, M|100/100
|move|p2a: Breloom|Protect||[still]
|-fail|p2a: Breloom
|
|-weather|SunnyDay|[upkeep]
|upkeep
|turn|45
|
|t:|1719958735
|move|p2a: Breloom|Substitute|p2a: Breloom
|-start|p2a: Breloom|Substitute
|-damage|p2a: Breloom|75/100 tox
|move|p1a: Amoonguss|Sludge Bomb|p2a: Breloom
|-supereffective|p2a: Breloom
|-end|p2a: Breloom|Substitute
|
|-weather|none
|-heal|p2a: Breloom|88/100 tox|[from] ability: Poison Heal
|upkeep
|turn|46
|
|t:|1719958739
|move|p2a: Breloom|Protect|p2a: Breloom
|-singleturn|p2a: Breloom|Protect
|move|p1a: Amoonguss|Sludge Bomb|p2a: Breloom
|-activate|p2a: Breloom|move: Protect
|
|-heal|p2a: Breloom|100/100 tox|[from] ability: Poison Heal
|upkeep
|turn|47
|
|t:|1719958741
|switch|p1a: Volcarona|Volcarona, M|100/100
|move|p2a: Breloom|Substitute|p2a: Breloom
|-start|p2a: Breloom|Substitute
|-damage|p2a: Breloom|75/100 tox
|
|-heal|p2a: Breloom|88/100 tox|[from] ability: Poison Heal
|upkeep
|turn|48
|
|t:|1719958745
|switch|p1a: Amoonguss|Amoonguss, M|100/100
|-singleturn|p2a: Breloom|move: Focus Punch
|move|p2a: Breloom|Focus Punch|p1a: Amoonguss
|-resisted|p1a: Amoonguss
|-damage|p1a: Amoonguss|70/100
|
|-heal|p1a: Amoonguss|76/100|[from] item: Black Sludge
|-heal|p2a: Breloom|100/100 tox|[from] ability: Poison Heal
|upkeep
|turn|49
|
|t:|1719958750
|-singleturn|p2a: Breloom|move: Focus Punch
|move|p1a: Amoonguss|Sludge Bomb|p2a: Breloom
|-supereffective|p2a: Breloom
|-end|p2a: Breloom|Substitute
|move|p2a: Breloom|Focus Punch|p1a: Amoonguss
|-resisted|p1a: Amoonguss
|-damage|p1a: Amoonguss|44/100
|
|-heal|p1a: Amoonguss|50/100|[from] item: Black Sludge
|upkeep
|turn|50
|
|t:|1719958757
|switch|p2a: Tentacruel|Tentacruel, F|82/100
|move|p1a: Amoonguss|Sludge Bomb|p2a: Tentacruel
|-resisted|p2a: Tentacruel
|-damage|p2a: Tentacruel|72/100
|
|-heal|p2a: Tentacruel|78/100|[from] item: Black Sludge
|-heal|p1a: Amoonguss|56/100|[from] item: Black Sludge
|upkeep
|turn|51
|
|t:|1719958763
|move|p2a: Tentacruel|Substitute|p2a: Tentacruel
|-start|p2a: Tentacruel|Substitute
|-damage|p2a: Tentacruel|53/100
|move|p1a: Amoonguss|Stun Spore||[still]
|-fail|p1a: Amoonguss
|
|-heal|p2a: Tentacruel|59/100|[from] item: Black Sludge
|-heal|p1a: Amoonguss|63/100|[from] item: Black Sludge
|upkeep
|turn|52
|
|t:|1719958767
|move|p2a: Tentacruel|Scald|p1a: Amoonguss
|-resisted|p1a: Amoonguss
|-damage|p1a: Amoonguss|53/100
|move|p1a: Amoonguss|Giga Drain|p2a: Tentacruel
|-activate|p2a: Tentacruel|Substitute|[damage]
|-heal|p1a: Amoonguss|61/100|[from] drain|[of] p2a: Tentacruel
|
|-heal|p2a: Tentacruel|65/100|[from] item: Black Sludge
|-heal|p1a: Amoonguss|67/100|[from] item: Black Sludge
|upkeep
|turn|53
|
|t:|1719958769
|move|p2a: Tentacruel|Scald|p1a: Amoonguss
|-resisted|p1a: Amoonguss
|-damage|p1a: Amoonguss|57/100
|move|p1a: Amoonguss|Giga Drain|p2a: Tentacruel
|-end|p2a: Tentacruel|Substitute
|-heal|p1a: Amoonguss|59/100|[from] drain|[of] p2a: Tentacruel
|
|-heal|p2a: Tentacruel|71/100|[from] item: Black Sludge
|-heal|p1a: Amoonguss|66/100|[from] item: Black Sludge
|upkeep
|turn|54
|
|t:|1719958773
|switch|p1a: Volcarona|Volcarona, M|100/100
|move|p2a: Tentacruel|Protect||[still]
|-fail|p2a: Tentacruel
|
|-heal|p2a: Tentacruel|77/100|[from] item: Black Sludge
|upkeep
|turn|55
|
|t:|1719958775
|move|p2a: Tentacruel|Protect|p2a: Tentacruel
|-singleturn|p2a: Tentacruel|Protect
|move|p1a: Volcarona|Quiver Dance|p1a: Volcarona
|-boost|p1a: Volcarona|spa|1
|-boost|p1a: Volcarona|spd|1
|-boost|p1a: Volcarona|spe|1
|
|-heal|p2a: Tentacruel|83/100|[from] item: Black Sludge
|upkeep
|turn|56
|
|t:|1719958781
|switch|p1a: Amoonguss|Amoonguss, M|99/100
|switch|p2a: Politoed|Politoed, M|41/100
|-weather|RainDance|[from] ability: Drizzle|[of] p2a: Politoed
|
|-weather|RainDance|[upkeep]
|-heal|p2a: Politoed|47/100|[from] item: Leftovers
|-heal|p1a: Amoonguss|100/100|[from] item: Black Sludge
|upkeep
|turn|57
|
|t:|1719958786
|switch|p2a: Tentacruel|Tentacruel, F|83/100
|move|p1a: Amoonguss|Stun Spore|p2a: Tentacruel
|-status|p2a: Tentacruel|par
|
|-weather|RainDance|[upkeep]
|-heal|p2a: Tentacruel|89/100 par|[from] ability: Rain Dish
|-heal|p2a: Tentacruel|95/100 par|[from] item: Black Sludge
|upkeep
|turn|58
|
|t:|1719958790
|move|p1a: Amoonguss|Sunny Day|p1a: Amoonguss
|-weather|SunnyDay
|cant|p2a: Tentacruel|par
|
|-weather|SunnyDay|[upkeep]
|-heal|p2a: Tentacruel|100/100 par|[from] item: Black Sludge
|upkeep
|turn|59
|
|t:|1719958793
|move|p1a: Amoonguss|Giga Drain|p2a: Tentacruel
|-damage|p2a: Tentacruel|82/100 par
|move|p2a: Tentacruel|Substitute|p2a: Tentacruel
|-start|p2a: Tentacruel|Substitute
|-damage|p2a: Tentacruel|57/100 par
|
|-weather|SunnyDay|[upkeep]
|-heal|p2a: Tentacruel|63/100 par|[from] item: Black Sludge
|upkeep
|turn|60
|
|t:|1719958796
|move|p2a: Tentacruel|Protect|p2a: Tentacruel
|-singleturn|p2a: Tentacruel|Protect
|move|p1a: Amoonguss|Giga Drain|p2a: Tentacruel
|-activate|p2a: Tentacruel|move: Protect
|
|-weather|SunnyDay|[upkeep]
|-heal|p2a: Tentacruel|69/100 par|[from] item: Black Sludge
|upkeep
|turn|61
|
|t:|1719958801
|move|p1a: Amoonguss|Giga Drain|p2a: Tentacruel
|-activate|p2a: Tentacruel|Substitute|[damage]
|move|p2a: Tentacruel|Scald|p1a: Amoonguss
|-resisted|p1a: Amoonguss
|-damage|p1a: Amoonguss|95/100
|
|-weather|SunnyDay|[upkeep]
|-heal|p1a: Amoonguss|100/100|[from] item: Black Sludge
|-heal|p2a: Tentacruel|75/100 par|[from] item: Black Sludge
|upkeep
|turn|62
|
|t:|1719958808
|move|p2a: Tentacruel|Protect|p2a: Tentacruel
|-singleturn|p2a: Tentacruel|Protect
|move|p1a: Amoonguss|Giga Drain|p2a: Tentacruel
|-activate|p2a: Tentacruel|move: Protect
|
|-weather|none
|-heal|p2a: Tentacruel|82/100 par|[from] item: Black Sludge
|upkeep
|turn|63
|
|t:|1719958810
|move|p1a: Amoonguss|Giga Drain|p2a: Tentacruel
|-crit|p2a: Tentacruel
|-end|p2a: Tentacruel|Substitute
|move|p2a: Tentacruel|Scald|p1a: Amoonguss
|-resisted|p1a: Amoonguss
|-damage|p1a: Amoonguss|90/100
|
|-heal|p1a: Amoonguss|97/100|[from] item: Black Sludge
|-heal|p2a: Tentacruel|88/100 par|[from] item: Black Sludge
|upkeep
|turn|64
|c|☆erauogenkl|damn can i get one burn
|
|t:|1719958829
|switch|p1a: Volcarona|Volcarona, M|100/100
|move|p2a: Tentacruel|Protect||[still]
|-fail|p2a: Tentacruel
|
|-heal|p2a: Tentacruel|94/100 par|[from] item: Black Sludge
|upkeep
|turn|65
|
|t:|1719958834
|move|p2a: Tentacruel|Protect|p2a: Tentacruel
|-singleturn|p2a: Tentacruel|Protect
|move|p1a: Volcarona|Bug Buzz|p2a: Tentacruel
|-activate|p2a: Tentacruel|move: Protect
|
|-heal|p2a: Tentacruel|99/100 par|[from] item: Black Sludge
|upkeep
|turn|66
|
|t:|1719958837
|switch|p2a: Politoed|Politoed, M|47/100
|-weather|RainDance|[from] ability: Drizzle|[of] p2a: Politoed
|move|p1a: Volcarona|Bug Buzz|p2a: Politoed
|-damage|p2a: Politoed|0 fnt
|faint|p2a: Politoed
|
|-weather|RainDance|[upkeep]
|upkeep
|
|t:|1719958839
|switch|p2a: Latios|Latios, M|100/100
|turn|67
|
|t:|1719958845
|move|p2a: Latios|Surf|p1a: Volcarona
|-supereffective|p1a: Volcarona
|-damage|p1a: Volcarona|0 fnt
|faint|p1a: Volcarona
|
|-weather|RainDance|[upkeep]
|upkeep
|
|t:|1719958847
|switch|p1a: Amoonguss|Amoonguss, M|100/100
|turn|68
|
|t:|1719958852
|switch|p2a: Tentacruel|Tentacruel, F|99/100 par
|move|p1a: Amoonguss|Stun Spore|p2a: Tentacruel
|-fail|p2a: Tentacruel|par
|
|-weather|RainDance|[upkeep]
|-heal|p2a: Tentacruel|100/100 par|[from] ability: Rain Dish
|upkeep
|turn|69
|
|t:|1719958854
|move|p1a: Amoonguss|Sunny Day|p1a: Amoonguss
|-weather|SunnyDay
|cant|p2a: Tentacruel|par
|
|-weather|SunnyDay|[upkeep]
|upkeep
|turn|70
|
|t:|1719958858
|move|p1a: Amoonguss|Sludge Bomb|p2a: Tentacruel
|-resisted|p2a: Tentacruel
|-damage|p2a: Tentacruel|90/100 par
|move|p2a: Tentacruel|Substitute|p2a: Tentacruel
|-start|p2a: Tentacruel|Substitute
|-damage|p2a: Tentacruel|65/100 par
|
|-weather|SunnyDay|[upkeep]
|-heal|p2a: Tentacruel|71/100 par|[from] item: Black Sludge
|upkeep
|turn|71
|
|t:|1719958862
|move|p1a: Amoonguss|Sludge Bomb|p2a: Tentacruel
|-resisted|p2a: Tentacruel
|-activate|p2a: Tentacruel|Substitute|[damage]
|move|p2a: Tentacruel|Rapid Spin|p1a: Amoonguss
|-damage|p1a: Amoonguss|99/100
|
|-weather|SunnyDay|[upkeep]
|-heal|p1a: Amoonguss|100/100|[from] item: Black Sludge
|-heal|p2a: Tentacruel|77/100 par|[from] item: Black Sludge
|upkeep
|turn|72
|
|t:|1719958864
|move|p1a: Amoonguss|Sludge Bomb|p2a: Tentacruel
|-resisted|p2a: Tentacruel
|-activate|p2a: Tentacruel|Substitute|[damage]
|move|p2a: Tentacruel|Rapid Spin|p1a: Amoonguss
|-damage|p1a: Amoonguss|98/100
|
|-weather|SunnyDay|[upkeep]
|-heal|p1a: Amoonguss|100/100|[from] item: Black Sludge
|-heal|p2a: Tentacruel|83/100 par|[from] item: Black Sludge
|upkeep
|turn|73
|
|t:|1719958868
|move|p1a: Amoonguss|Sludge Bomb|p2a: Tentacruel
|-resisted|p2a: Tentacruel
|-end|p2a: Tentacruel|Substitute
|move|p2a: Tentacruel|Rapid Spin|p1a: Amoonguss
|-damage|p1a: Amoonguss|99/100
|
|-weather|none
|-heal|p1a: Amoonguss|100/100|[from] item: Black Sludge
|-heal|p2a: Tentacruel|89/100 par|[from] item: Black Sludge
|upkeep
|turn|74
|
|t:|1719958871
|move|p1a: Amoonguss|Sludge Bomb|p2a: Tentacruel
|-resisted|p2a: Tentacruel
|-damage|p2a: Tentacruel|77/100 par
|move|p2a: Tentacruel|Substitute|p2a: Tentacruel
|-start|p2a: Tentacruel|Substitute
|-damage|p2a: Tentacruel|52/100 par
|
|-heal|p2a: Tentacruel|58/100 par|[from] item: Black Sludge
|upkeep
|turn|75
|
|t:|1719958883
|cant|p2a: Tentacruel|par
|move|p1a: Amoonguss|Sludge Bomb|p2a: Tentacruel
|-resisted|p2a: Tentacruel
|-activate|p2a: Tentacruel|Substitute|[damage]
|
|-heal|p2a: Tentacruel|65/100 par|[from] item: Black Sludge
|upkeep
|turn|76
|
|t:|1719958888
|move|p2a: Tentacruel|Protect|p2a: Tentacruel
|-singleturn|p2a: Tentacruel|Protect
|move|p1a: Amoonguss|Sludge Bomb|p2a: Tentacruel
|-activate|p2a: Tentacruel|move: Protect
|
|-heal|p2a: Tentacruel|71/100 par|[from] item: Black Sludge
|upkeep
|turn|77
|
|t:|1719958891
|move|p1a: Amoonguss|Sunny Day|p1a: Amoonguss
|-weather|SunnyDay
|cant|p2a: Tentacruel|par
|
|-weather|SunnyDay|[upkeep]
|-heal|p2a: Tentacruel|77/100 par|[from] item: Black Sludge
|upkeep
|turn|78
|
|t:|1719958893
|move|p1a: Amoonguss|Sludge Bomb|p2a: Tentacruel
|-resisted|p2a: Tentacruel
|-activate|p2a: Tentacruel|Substitute|[damage]
|move|p2a: Tentacruel|Scald|p1a: Amoonguss
|-resisted|p1a: Amoonguss
|-damage|p1a: Amoonguss|95/100
|
|-weather|SunnyDay|[upkeep]
|-heal|p1a: Amoonguss|100/100|[from] item: Black Sludge
|-heal|p2a: Tentacruel|83/100 par|[from] item: Black Sludge
|upkeep
|turn|79
|
|t:|1719958897
|move|p1a: Amoonguss|Stun Spore||[still]
|-fail|p1a: Amoonguss
|move|p2a: Tentacruel|Scald|p1a: Amoonguss
|-resisted|p1a: Amoonguss
|-damage|p1a: Amoonguss|95/100
|
|-weather|SunnyDay|[upkeep]
|-heal|p1a: Amoonguss|100/100|[from] item: Black Sludge
|-heal|p2a: Tentacruel|89/100 par|[from] item: Black Sludge
|upkeep
|turn|80
|
|t:|1719958901
|move|p1a: Amoonguss|Stun Spore|p2a: Tentacruel|[miss]
|-miss|p1a: Amoonguss|p2a: Tentacruel
|move|p2a: Tentacruel|Rapid Spin|p1a: Amoonguss
|-damage|p1a: Amoonguss|98/100
|
|-weather|SunnyDay|[upkeep]
|-heal|p1a: Amoonguss|100/100|[from] item: Black Sludge
|-heal|p2a: Tentacruel|95/100 par|[from] item: Black Sludge
|upkeep
|turn|81
|
|t:|1719958903
|move|p1a: Amoonguss|Stun Spore||[still]
|-fail|p1a: Amoonguss
|move|p2a: Tentacruel|Rapid Spin|p1a: Amoonguss
|-damage|p1a: Amoonguss|99/100
|
|-weather|none
|-heal|p1a: Amoonguss|100/100|[from] item: Black Sludge
|-heal|p2a: Tentacruel|100/100 par|[from] item: Black Sludge
|upkeep
|turn|82
|
|t:|1719958905
|move|p1a: Amoonguss|Stun Spore|p2a: Tentacruel|[miss]
|-miss|p1a: Amoonguss|p2a: Tentacruel
|move|p2a: Tentacruel|Rapid Spin|p1a: Amoonguss
|-damage|p1a: Amoonguss|98/100
|
|-heal|p1a: Amoonguss|100/100|[from] item: Black Sludge
|upkeep
|turn|83
|
|t:|1719958910
|move|p1a: Amoonguss|Stun Spore||[still]
|-fail|p1a: Amoonguss
|move|p2a: Tentacruel|Rapid Spin|p1a: Amoonguss
|-damage|p1a: Amoonguss|98/100
|
|-heal|p1a: Amoonguss|100/100|[from] item: Black Sludge
|upkeep
|turn|84
|
|t:|1719958911
|move|p1a: Amoonguss|Stun Spore||[still]
|-fail|p1a: Amoonguss
|move|p2a: Tentacruel|Rapid Spin|p1a: Amoonguss
|-damage|p1a: Amoonguss|98/100
|
|-heal|p1a: Amoonguss|100/100|[from] item: Black Sludge
|upkeep
|turn|85
|
|t:|1719958914
|move|p1a: Amoonguss|Stun Spore||[still]
|-fail|p1a: Amoonguss
|move|p2a: Tentacruel|Rapid Spin|p1a: Amoonguss
|-damage|p1a: Amoonguss|98/100
|
|-heal|p1a: Amoonguss|100/100|[from] item: Black Sludge
|upkeep
|turn|86
|
|t:|1719958916
|move|p1a: Amoonguss|Stun Spore||[still]
|-fail|p1a: Amoonguss
|move|p2a: Tentacruel|Rapid Spin|p1a: Amoonguss
|-damage|p1a: Amoonguss|98/100
|
|-heal|p1a: Amoonguss|100/100|[from] item: Black Sludge
|upkeep
|turn|87
|
|t:|1719958919
|move|p1a: Amoonguss|Stun Spore||[still]
|-fail|p1a: Amoonguss
|cant|p2a: Tentacruel|par
|
|upkeep
|turn|88
|
|t:|1719958921
|move|p1a: Amoonguss|Stun Spore|p2a: Tentacruel|[miss]
|-miss|p1a: Amoonguss|p2a: Tentacruel
|move|p2a: Tentacruel|Rapid Spin|p1a: Amoonguss
|-damage|p1a: Amoonguss|98/100
|
|-heal|p1a: Amoonguss|100/100|[from] item: Black Sludge
|upkeep
|turn|89
|
|t:|1719958923
|move|p1a: Amoonguss|Stun Spore||[still]
|-fail|p1a: Amoonguss
|move|p2a: Tentacruel|Rapid Spin|p1a: Amoonguss
|-damage|p1a: Amoonguss|98/100
|
|-heal|p1a: Amoonguss|100/100|[from] item: Black Sludge
|upkeep
|turn|90
|
|t:|1719958925
|move|p1a: Amoonguss|Stun Spore|p2a: Tentacruel|[miss]
|-miss|p1a: Amoonguss|p2a: Tentacruel
|move|p2a: Tentacruel|Rapid Spin|p1a: Amoonguss
|-damage|p1a: Amoonguss|98/100
|
|-heal|p1a: Amoonguss|100/100|[from] item: Black Sludge
|upkeep
|turn|91
|inactive|Battle timer is ON: inactive players will automatically lose when time's up. (requested by shadowtag980)
|
|t:|1719958936
|move|p1a: Amoonguss|Stun Spore|p2a: Tentacruel|[miss]
|-miss|p1a: Amoonguss|p2a: Tentacruel
|move|p2a: Tentacruel|Rapid Spin|p1a: Amoonguss
|-damage|p1a: Amoonguss|99/100
|
|-heal|p1a: Amoonguss|100/100|[from] item: Black Sludge
|upkeep
|turn|92
|
|t:|1719958938
|move|p1a: Amoonguss|Stun Spore||[still]
|-fail|p1a: Amoonguss
|move|p2a: Tentacruel|Rapid Spin|p1a: Amoonguss
|-damage|p1a: Amoonguss|98/100
|
|-heal|p1a: Amoonguss|100/100|[from] item: Black Sludge
|upkeep
|turn|93
|
|t:|1719958940
|move|p1a: Amoonguss|Stun Spore||[still]
|-fail|p1a: Amoonguss
|move|p2a: Tentacruel|Rapid Spin|p1a: Amoonguss
|-damage|p1a: Amoonguss|98/100
|
|-heal|p1a: Amoonguss|100/100|[from] item: Black Sludge
|upkeep
|turn|94
|
|t:|1719958942
|move|p1a: Amoonguss|Stun Spore||[still]
|-fail|p1a: Amoonguss
|move|p2a: Tentacruel|Rapid Spin|p1a: Amoonguss
|-damage|p1a: Amoonguss|98/100
|
|-heal|p1a: Amoonguss|100/100|[from] item: Black Sludge
|upkeep
|turn|95
|
|t:|1719958945
|move|p1a: Amoonguss|Stun Spore|p2a: Tentacruel|[miss]
|-miss|p1a: Amoonguss|p2a: Tentacruel
|move|p2a: Tentacruel|Rapid Spin|p1a: Amoonguss
|-damage|p1a: Amoonguss|99/100
|
|-heal|p1a: Amoonguss|100/100|[from] item: Black Sludge
|upkeep
|turn|96
|
|t:|1719958948
|move|p1a: Amoonguss|Stun Spore||[still]
|-fail|p1a: Amoonguss
|move|p2a: Tentacruel|Rapid Spin|p1a: Amoonguss
|-damage|p1a: Amoonguss|98/100
|
|-heal|p1a: Amoonguss|100/100|[from] item: Black Sludge
|upkeep
|turn|97
|
|t:|1719958956
|move|p1a: Amoonguss|Stun Spore||[still]
|-fail|p1a: Amoonguss
|move|p2a: Tentacruel|Rapid Spin|p1a: Amoonguss
|-damage|p1a: Amoonguss|98/100
|
|-heal|p1a: Amoonguss|100/100|[from] item: Black Sludge
|upkeep
|turn|98
|
|t:|1719958961
|move|p1a: Amoonguss|Stun Spore|p2a: Tentacruel|[miss]
|-miss|p1a: Amoonguss|p2a: Tentacruel
|move|p2a: Tentacruel|Rapid Spin|p1a: Amoonguss
|-damage|p1a: Amoonguss|99/100
|
|-heal|p1a: Amoonguss|100/100|[from] item: Black Sludge
|upkeep
|turn|99
|
|t:|1719958962
|move|p1a: Amoonguss|Stun Spore|p2a: Tentacruel|[miss]
|-miss|p1a: Amoonguss|p2a: Tentacruel
|move|p2a: Tentacruel|Rapid Spin|p1a: Amoonguss
|-damage|p1a: Amoonguss|98/100
|
|-heal|p1a: Amoonguss|100/100|[from] item: Black Sludge
|upkeep
|turn|100
|
|t:|1719958964
|move|p1a: Amoonguss|Stun Spore|p2a: Tentacruel|[miss]
|-miss|p1a: Amoonguss|p2a: Tentacruel
|cant|p2a: Tentacruel|par
|
|upkeep
|turn|101
|
|t:|1719958966
|move|p1a: Amoonguss|Stun Spore|p2a: Tentacruel|[miss]
|-miss|p1a: Amoonguss|p2a: Tentacruel
|move|p2a: Tentacruel|Rapid Spin|p1a: Amoonguss
|-crit|p1a: Amoonguss
|-damage|p1a: Amoonguss|97/100
|
|-heal|p1a: Amoonguss|100/100|[from] item: Black Sludge
|upkeep
|turn|102
|
|t:|1719958967
|move|p1a: Amoonguss|Stun Spore||[still]
|-fail|p1a: Amoonguss
|move|p2a: Tentacruel|Rapid Spin|p1a: Amoonguss
|-damage|p1a: Amoonguss|98/100
|
|-heal|p1a: Amoonguss|100/100|[from] item: Black Sludge
|upkeep
|turn|103
|
|t:|1719958969
|move|p1a: Amoonguss|Stun Spore||[still]
|-fail|p1a: Amoonguss
|move|p2a: Tentacruel|Rapid Spin|p1a: Amoonguss
|-damage|p1a: Amoonguss|98/100
|
|-heal|p1a: Amoonguss|100/100|[from] item: Black Sludge
|upkeep
|turn|104
|
|t:|1719958970
|move|p1a: Amoonguss|Stun Spore||[still]
|-fail|p1a: Amoonguss
|move|p2a: Tentacruel|Rapid Spin|p1a: Amoonguss
|-damage|p1a: Amoonguss|98/100
|
|-heal|p1a: Amoonguss|100/100|[from] item: Black Sludge
|upkeep
|turn|105
|
|t:|1719958972
|move|p1a: Amoonguss|Stun Spore||[still]
|-fail|p1a: Amoonguss
|move|p2a: Tentacruel|Rapid Spin|p1a: Amoonguss
|-damage|p1a: Amoonguss|99/100
|
|-heal|p1a: Amoonguss|100/100|[from] item: Black Sludge
|upkeep
|turn|106
|
|t:|1719958973
|move|p1a: Amoonguss|Stun Spore||[still]
|-fail|p1a: Amoonguss
|move|p2a: Tentacruel|Rapid Spin|p1a: Amoonguss
|-damage|p1a: Amoonguss|98/100
|
|-heal|p1a: Amoonguss|100/100|[from] item: Black Sludge
|upkeep
|turn|107
|
|t:|1719958975
|move|p1a: Amoonguss|Stun Spore||[still]
|-fail|p1a: Amoonguss
|move|p2a: Tentacruel|Rapid Spin|p1a: Amoonguss
|-damage|p1a: Amoonguss|98/100
|
|-heal|p1a: Amoonguss|100/100|[from] item: Black Sludge
|upkeep
|turn|108
|
|t:|1719958977
|move|p1a: Amoonguss|Stun Spore||[still]
|-fail|p1a: Amoonguss
|move|p2a: Tentacruel|Rapid Spin|p1a: Amoonguss
|-damage|p1a: Amoonguss|98/100
|
|-heal|p1a: Amoonguss|100/100|[from] item: Black Sludge
|upkeep
|turn|109
|
|t:|1719958979
|move|p1a: Amoonguss|Stun Spore||[still]
|-fail|p1a: Amoonguss
|move|p2a: Tentacruel|Rapid Spin|p1a: Amoonguss
|-damage|p1a: Amoonguss|99/100
|
|-heal|p1a: Amoonguss|100/100|[from] item: Black Sludge
|upkeep
|turn|110
|
|t:|1719958980
|move|p1a: Amoonguss|Stun Spore||[still]
|-fail|p1a: Amoonguss
|move|p2a: Tentacruel|Rapid Spin|p1a: Amoonguss
|-damage|p1a: Amoonguss|98/100
|
|-heal|p1a: Amoonguss|100/100|[from] item: Black Sludge
|upkeep
|turn|111
|
|t:|1719958982
|move|p1a: Amoonguss|Stun Spore||[still]
|-fail|p1a: Amoonguss
|move|p2a: Tentacruel|Rapid Spin|p1a: Amoonguss
|-damage|p1a: Amoonguss|99/100
|
|-heal|p1a: Amoonguss|100/100|[from] item: Black Sludge
|upkeep
|turn|112
|
|t:|1719958983
|move|p1a: Amoonguss|Stun Spore|p2a: Tentacruel|[miss]
|-miss|p1a: Amoonguss|p2a: Tentacruel
|cant|p2a: Tentacruel|par
|
|upkeep
|turn|113
|
|t:|1719958984
|move|p1a: Amoonguss|Stun Spore||[still]
|-fail|p1a: Amoonguss
|move|p2a: Tentacruel|Rapid Spin|p1a: Amoonguss
|-damage|p1a: Amoonguss|98/100
|
|-heal|p1a: Amoonguss|100/100|[from] item: Black Sludge
|upkeep
|turn|114
|
|t:|1719958986
|move|p1a: Amoonguss|Stun Spore||[still]
|-fail|p1a: Amoonguss
|cant|p2a: Tentacruel|par
|
|upkeep
|turn|115
|
|t:|1719958987
|move|p1a: Amoonguss|Stun Spore||[still]
|-fail|p1a: Amoonguss
|move|p2a: Tentacruel|Rapid Spin|p1a: Amoonguss
|-damage|p1a: Amoonguss|99/100
|
|-heal|p1a: Amoonguss|100/100|[from] item: Black Sludge
|upkeep
|turn|116
|
|t:|1719958989
|move|p1a: Amoonguss|Stun Spore||[still]
|-fail|p1a: Amoonguss
|move|p2a: Tentacruel|Rapid Spin|p1a: Amoonguss
|-damage|p1a: Amoonguss|98/100
|
|-heal|p1a: Amoonguss|100/100|[from] item: Black Sludge
|upkeep
|turn|117
|
|t:|1719958991
|move|p1a: Amoonguss|Stun Spore||[still]
|-fail|p1a: Amoonguss
|move|p2a: Tentacruel|Rapid Spin|p1a: Amoonguss
|-damage|p1a: Amoonguss|98/100
|
|-heal|p1a: Amoonguss|100/100|[from] item: Black Sludge
|upkeep
|turn|118
|
|t:|1719958993
|move|p1a: Amoonguss|Stun Spore||[still]
|-fail|p1a: Amoonguss
|move|p2a: Tentacruel|Rapid Spin|p1a: Amoonguss
|-damage|p1a: Amoonguss|98/100
|
|-heal|p1a: Amoonguss|100/100|[from] item: Black Sludge
|upkeep
|turn|119
|
|t:|1719958994
|move|p1a: Amoonguss|Sludge Bomb|p2a: Tentacruel
|-resisted|p2a: Tentacruel
|-end|p2a: Tentacruel|Substitute
|move|p2a: Tentacruel|Rapid Spin|p1a: Amoonguss
|-damage|p1a: Amoonguss|98/100
|
|-heal|p1a: Amoonguss|100/100|[from] item: Black Sludge
|upkeep
|turn|120
|
|t:|1719958998
|move|p1a: Amoonguss|Giga Drain|p2a: Tentacruel
|-damage|p2a: Tentacruel|84/100 par
|move|p2a: Tentacruel|Substitute|p2a: Tentacruel
|-start|p2a: Tentacruel|Substitute
|-damage|p2a: Tentacruel|59/100 par
|
|-heal|p2a: Tentacruel|65/100 par|[from] item: Black Sludge
|upkeep
|turn|121
|
|t:|1719959002
|move|p2a: Tentacruel|Protect|p2a: Tentacruel
|-singleturn|p2a: Tentacruel|Protect
|move|p1a: Amoonguss|Giga Drain|p2a: Tentacruel
|-activate|p2a: Tentacruel|move: Protect
|
|-heal|p2a: Tentacruel|71/100 par|[from] item: Black Sludge
|upkeep
|turn|122
|
|t:|1719959004
|move|p1a: Amoonguss|Giga Drain|p2a: Tentacruel
|-activate|p2a: Tentacruel|Substitute|[damage]
|move|p2a: Tentacruel|Rapid Spin|p1a: Amoonguss
|-damage|p1a: Amoonguss|98/100
|
|-heal|p1a: Amoonguss|100/100|[from] item: Black Sludge
|-heal|p2a: Tentacruel|77/100 par|[from] item: Black Sludge
|upkeep
|turn|123
|c|☆erauogenkl|gg
|
|t:|1719959013
|move|p1a: Amoonguss|Sludge Bomb|p2a: Tentacruel
|-resisted|p2a: Tentacruel
|-end|p2a: Tentacruel|Substitute
|move|p2a: Tentacruel|Rapid Spin|p1a: Amoonguss
|-damage|p1a: Amoonguss|98/100
|
|-heal|p1a: Amoonguss|100/100|[from] item: Black Sludge
|-heal|p2a: Tentacruel|83/100 par|[from] item: Black Sludge
|upkeep
|turn|124
|
|t:|1719959018
|move|p1a: Amoonguss|Sludge Bomb|p2a: Tentacruel
|-resisted|p2a: Tentacruel
|-damage|p2a: Tentacruel|73/100 par
|move|p2a: Tentacruel|Rapid Spin|p1a: Amoonguss
|-damage|p1a: Amoonguss|98/100
|
|-heal|p1a: Amoonguss|100/100|[from] item: Black Sludge
|-heal|p2a: Tentacruel|79/100 par|[from] item: Black Sludge
|upkeep
|turn|125
|
|t:|1719959021
|move|p1a: Amoonguss|Sunny Day|p1a: Amoonguss
|-weather|SunnyDay
|move|p2a: Tentacruel|Scald|p1a: Amoonguss
|-resisted|p1a: Amoonguss
|-damage|p1a: Amoonguss|95/100
|
|-weather|SunnyDay|[upkeep]
|-heal|p1a: Amoonguss|100/100|[from] item: Black Sludge
|-heal|p2a: Tentacruel|85/100 par|[from] item: Black Sludge
|upkeep
|turn|126
|
|t:|1719959024
|move|p1a: Amoonguss|Stun Spore|p2a: Tentacruel
|-fail|p2a: Tentacruel|par
|move|p2a: Tentacruel|Scald|p1a: Amoonguss
|-resisted|p1a: Amoonguss
|-damage|p1a: Amoonguss|95/100
|-status|p1a: Amoonguss|brn
|
|-weather|SunnyDay|[upkeep]
|-heal|p1a: Amoonguss|100/100 brn|[from] item: Black Sludge
|-heal|p2a: Tentacruel|91/100 par|[from] item: Black Sludge
|-damage|p1a: Amoonguss|88/100 brn|[from] brn
|upkeep
|turn|127
|
|t:|1719959030
|move|p1a: Amoonguss|Stun Spore|p2a: Tentacruel
|-fail|p2a: Tentacruel|par
|move|p2a: Tentacruel|Substitute|p2a: Tentacruel
|-start|p2a: Tentacruel|Substitute
|-damage|p2a: Tentacruel|66/100 par
|
|-weather|SunnyDay|[upkeep]
|-heal|p1a: Amoonguss|94/100 brn|[from] item: Black Sludge
|-heal|p2a: Tentacruel|72/100 par|[from] item: Black Sludge
|-damage|p1a: Amoonguss|82/100 brn|[from] brn
|upkeep
|turn|128
|
|t:|1719959034
|move|p1a: Amoonguss|Stun Spore||[still]
|-fail|p1a: Amoonguss
|cant|p2a: Tentacruel|par
|
|-weather|SunnyDay|[upkeep]
|-heal|p1a: Amoonguss|88/100 brn|[from] item: Black Sludge
|-heal|p2a: Tentacruel|78/100 par|[from] item: Black Sludge
|-damage|p1a: Amoonguss|75/100 brn|[from] brn
|upkeep
|turn|129
|
|t:|1719959035
|-activate|p1a: Amoonguss|move: Struggle
|move|p1a: Amoonguss|Struggle|p2a: Tentacruel
|-activate|p2a: Tentacruel|Substitute|[damage]
|-damage|p1a: Amoonguss|50/100 brn|[from] recoil
|cant|p2a: Tentacruel|par
|
|-weather|none
|-heal|p1a: Amoonguss|57/100 brn|[from] item: Black Sludge
|-heal|p2a: Tentacruel|84/100 par|[from] item: Black Sludge
|-damage|p1a: Amoonguss|44/100 brn|[from] brn
|upkeep
|turn|130
|
|t:|1719959040
|-activate|p1a: Amoonguss|move: Struggle
|move|p1a: Amoonguss|Struggle|p2a: Tentacruel
|-activate|p2a: Tentacruel|Substitute|[damage]
|-damage|p1a: Amoonguss|19/100 brn|[from] recoil
|move|p2a: Tentacruel|Rapid Spin|p1a: Amoonguss
|-damage|p1a: Amoonguss|17/100 brn
|
|-heal|p1a: Amoonguss|24/100 brn|[from] item: Black Sludge
|-heal|p2a: Tentacruel|90/100 par|[from] item: Black Sludge
|-damage|p1a: Amoonguss|11/100 brn|[from] brn
|upkeep
|turn|131
|
|t:|1719959043
|-activate|p1a: Amoonguss|move: Struggle
|move|p1a: Amoonguss|Struggle|p2a: Tentacruel
|-activate|p2a: Tentacruel|Substitute|[damage]
|-damage|p1a: Amoonguss|0 fnt|[from] recoil
|faint|p1a: Amoonguss
|
|win|erauogenkl
|raw|shadowtag980's rating: 1352 &rarr; <strong>1333</strong><br />(-19 for losing)
|raw|erauogenkl's rating: 1361 &rarr; <strong>1380</strong><br />(+19 for winning)
|l|☆shadowtag980
|player|p1|
