|j|☆yoloboy9000
|j|☆young snackz
|player|p1|yoloboy9000|170
|player|p2|young snackz|266
|teamsize|p1|6
|teamsize|p2|6
|gametype|singles
|gen|5
|tier|[Gen 5] OU
|rated|
|rule|Sleep Clause Mod: Limit one foe put to sleep
|rule|Species Clause: Limit one of each Pokémon
|rule|OHKO Clause: OHKO moves are banned
|rule|Moody Clause: Moody is banned
|rule|Evasion Moves Clause: Evasion moves are banned
|rule|Endless Battle Clause: Forcing endless battles is banned
|rule|HP Percentage Mod: HP is shown in percentages
|rule|Evasion Abilities Clause: Evasion abilities are banned
|rule|Baton Pass Clause: Limit one Baton Passer, can't pass Spe and other stats simultaneously
|rule|Swagger Clause: Swagger is banned
|clearpoke
|poke|p1|Tyranitar, M|item
|poke|p1|Magnezone|item
|poke|p1|Terrakion|item
|poke|p1|Latios, M|item
|poke|p1|Scizor, F|item
|poke|p1|Landorus-Therian, M|item
|poke|p2|Tyranitar, M|item
|poke|p2|Landorus-Therian, M|item
|poke|p2|Garchomp, M|item
|poke|p2|Rotom-Wash|item
|poke|p2|Jirachi|item
|poke|p2|Keldeo|item
|teampreview
|
|start
|switch|p1a: Bron Bron|Landorus-Therian, M|382/382
|switch|p2a: Keldeo|Keldeo|323/323
|-ability|p1a: Bron Bron|Intimidate|boost
|-unboost|p2a: Keldeo|atk|1
|turn|1
|
|switch|p1a: Miller|Scizor, F, shiny|343/343
|move|p2a: Keldeo|Hydro Pump|p1a: Miller|[miss]
|-miss|p2a: Keldeo|p1a: Miller
|
|upkeep
|turn|2
|
|switch|p1a: Bosh|Latios, M, shiny|301/301
|move|p2a: Keldeo|Secret Sword|p1a: Bosh
|-enditem|p2a: Keldeo|Fighting Gem|[from] gem|[move] Secret Sword
|-resisted|p1a: Bosh
|-damage|p1a: Bosh|177/301
|
|upkeep
|turn|3
|
|switch|p2a: Tyranitar|Tyranitar, M|341/341
|-weather|Sandstorm|[from] ability: Sand Stream|[of] p2a: Tyranitar
|move|p1a: Bosh|Energy Ball|p2a: Tyranitar
|-supereffective|p2a: Tyranitar
|-damage|p2a: Tyranitar|199/341
|
|-weather|Sandstorm|[upkeep]
|-damage|p1a: Bosh|159/301|[from] Sandstorm
|upkeep
|turn|4
|
|move|p2a: Tyranitar|Pursuit|p1a: Bosh
|-supereffective|p1a: Bosh
|-damage|p1a: Bosh|0 fnt
|faint|p1a: Bosh
|
|-weather|Sandstorm|[upkeep]
|upkeep
|
|switch|p1a: Pat Riely|Tyranitar, M|403/403
|turn|5
|
|switch|p2a: Landorus|Landorus-Therian, M|382/382
|-ability|p2a: Landorus|Intimidate|boost
|-unboost|p1a: Pat Riely|atk|1
|move|p1a: Pat Riely|Stealth Rock|p2a: Landorus
|-sidestart|p2: young snackz|move: Stealth Rock
|
|-weather|Sandstorm|[upkeep]
|upkeep
|turn|6
|
|move|p2a: Landorus|Stealth Rock|p1a: Pat Riely
|-sidestart|p1: yoloboy9000|move: Stealth Rock
|move|p1a: Pat Riely|Ice Beam|p2a: Landorus
|-supereffective|p2a: Landorus
|-damage|p2a: Landorus|2/382
|
|-weather|Sandstorm|[upkeep]
|-heal|p2a: Landorus|25/382|[from] item: Leftovers
|upkeep
|turn|7
|
|move|p2a: Landorus|Earthquake|p1a: Pat Riely
|-supereffective|p1a: Pat Riely
|-damage|p1a: Pat Riely|89/403
|move|p1a: Pat Riely|Pursuit|p2a: Landorus
|-damage|p2a: Landorus|0 fnt
|faint|p2a: Landorus
|
|-weather|Sandstorm|[upkeep]
|-heal|p1a: Pat Riely|114/403|[from] item: Leftovers
|upkeep
|
|switch|p2a: Jirachi|Jirachi|377/377
|-damage|p2a: Jirachi|354/377|[from] Stealth Rock
|turn|8
|
|switch|p1a: Bron Bron|Landorus-Therian, M|382/382
|-damage|p1a: Bron Bron|335/382|[from] Stealth Rock
|-ability|p1a: Bron Bron|Intimidate|boost
|-unboost|p2a: Jirachi|atk|1
|move|p2a: Jirachi|Calm Mind|p2a: Jirachi
|-boost|p2a: Jirachi|spa|1
|-boost|p2a: Jirachi|spd|1
|
|-weather|Sandstorm|[upkeep]
|-heal|p2a: Jirachi|377/377|[from] item: Leftovers
|upkeep
|turn|9
|
|switch|p2a: Rotom|Rotom-Wash|304/304
|-damage|p2a: Rotom|266/304|[from] Stealth Rock
|move|p1a: Bron Bron|Earthquake|p2a: Rotom
|-immune|p2a: Rotom|[from] ability: Levitate
|
|-weather|Sandstorm|[upkeep]
|-damage|p2a: Rotom|247/304|[from] Sandstorm
|-heal|p2a: Rotom|266/304|[from] item: Leftovers
|upkeep
|turn|10
|
|switch|p1a: Pat Riely|Tyranitar, M|114/403
|-damage|p1a: Pat Riely|64/403|[from] Stealth Rock
|move|p2a: Rotom|Will-O-Wisp|p1a: Pat Riely
|-status|p1a: Pat Riely|brn
|
|-weather|Sandstorm|[upkeep]
|-damage|p2a: Rotom|247/304|[from] Sandstorm
|-heal|p2a: Rotom|266/304|[from] item: Leftovers
|-heal|p1a: Pat Riely|89/403 brn|[from] item: Leftovers
|-damage|p1a: Pat Riely|39/403 brn|[from] brn
|upkeep
|turn|11
|
|move|p2a: Rotom|Volt Switch|p1a: Pat Riely
|-damage|p1a: Pat Riely|0 fnt
|faint|p1a: Pat Riely
|
|switch|p2a: Garchomp|Garchomp, M|361/361
|-damage|p2a: Garchomp|339/361|[from] Stealth Rock
|
|-weather|Sandstorm|[upkeep]
|upkeep
|
|switch|p1a: Bron Bron|Landorus-Therian, M|335/382
|-damage|p1a: Bron Bron|288/382|[from] Stealth Rock
|-ability|p1a: Bron Bron|Intimidate|boost
|-unboost|p2a: Garchomp|atk|1
|turn|12
|
|switch|p2a: Rotom|Rotom-Wash|266/304
|-damage|p2a: Rotom|228/304|[from] Stealth Rock
|move|p1a: Bron Bron|U-turn|p2a: Rotom
|-damage|p2a: Rotom|139/304
|
|switch|p1a: D.Wade|Terrakion|323/323
|-damage|p1a: D.Wade|303/323|[from] Stealth Rock
|
|-weather|Sandstorm|[upkeep]
|-damage|p2a: Rotom|120/304|[from] Sandstorm
|-heal|p2a: Rotom|139/304|[from] item: Leftovers
|upkeep
|turn|13
|
|switch|p2a: Keldeo|Keldeo|323/323
|-damage|p2a: Keldeo|303/323|[from] Stealth Rock
|move|p1a: D.Wade|Close Combat|p2a: Keldeo
|-damage|p2a: Keldeo|77/323
|-unboost|p1a: D.Wade|def|1
|-unboost|p1a: D.Wade|spd|1
|
|-weather|Sandstorm|[upkeep]
|-damage|p2a: Keldeo|57/323|[from] Sandstorm
|upkeep
|turn|14
|
|move|p1a: D.Wade|Close Combat|p2a: Keldeo
|-damage|p2a: Keldeo|0 fnt
|-unboost|p1a: D.Wade|def|1
|-unboost|p1a: D.Wade|spd|1
|faint|p2a: Keldeo
|
|-weather|Sandstorm|[upkeep]
|upkeep
|
|switch|p2a: Jirachi|Jirachi|377/377
|-damage|p2a: Jirachi|354/377|[from] Stealth Rock
|turn|15
|
|switch|p1a: Bron Bron|Landorus-Therian, M|288/382
|-damage|p1a: Bron Bron|241/382|[from] Stealth Rock
|-ability|p1a: Bron Bron|Intimidate|boost
|-unboost|p2a: Jirachi|atk|1
|move|p2a: Jirachi|Psychic|p1a: Bron Bron
|-damage|p1a: Bron Bron|31/382
|
|-weather|Sandstorm|[upkeep]
|-heal|p2a: Jirachi|377/377|[from] item: Leftovers
|upkeep
|turn|16
|
|switch|p2a: Garchomp|Garchomp, M|339/361
|-damage|p2a: Garchomp|317/361|[from] Stealth Rock
|move|p1a: Bron Bron|U-turn|p2a: Garchomp
|-damage|p2a: Garchomp|222/361
|-damage|p1a: Bron Bron|0 fnt|[from] ability: Rough Skin|[of] p2a: Garchomp
|faint|p1a: Bron Bron
|
|-weather|Sandstorm|[upkeep]
|upkeep
|
|switch|p1a: Miller|Scizor, F, shiny|343/343
|-damage|p1a: Miller|301/343|[from] Stealth Rock
|turn|17
|
|switch|p2a: Jirachi|Jirachi|377/377
|-damage|p2a: Jirachi|354/377|[from] Stealth Rock
|move|p1a: Miller|U-turn|p2a: Jirachi
|-damage|p2a: Jirachi|161/377
|
|switch|p1a: D.Wade|Terrakion|303/323
|-damage|p1a: D.Wade|283/323|[from] Stealth Rock
|
|-weather|Sandstorm|[upkeep]
|-heal|p2a: Jirachi|184/377|[from] item: Leftovers
|upkeep
|turn|18
|
|move|p1a: D.Wade|Close Combat|p2a: Jirachi
|-damage|p2a: Jirachi|0 fnt
|-unboost|p1a: D.Wade|def|1
|-unboost|p1a: D.Wade|spd|1
|faint|p2a: Jirachi
|
|-weather|Sandstorm|[upkeep]
|upkeep
|
|switch|p2a: Tyranitar|Tyranitar, M|199/341
|-damage|p2a: Tyranitar|157/341|[from] Stealth Rock
|turn|19
|
|move|p1a: D.Wade|Close Combat|p2a: Tyranitar
|-supereffective|p2a: Tyranitar
|-damage|p2a: Tyranitar|0 fnt
|-unboost|p1a: D.Wade|def|1
|-unboost|p1a: D.Wade|spd|1
|faint|p2a: Tyranitar
|
|-weather|Sandstorm|[upkeep]
|upkeep
|c|☆young snackz|rip scarf terk
|
|switch|p2a: Garchomp|Garchomp, M|222/361
|-damage|p2a: Garchomp|200/361|[from] Stealth Rock
|turn|20
|
|switch|p1a: Ray Allen|Magnezone|283/283
|-damage|p1a: Ray Allen|266/283|[from] Stealth Rock
|move|p2a: Garchomp|Earthquake|p1a: Ray Allen
|-supereffective|p1a: Ray Allen
|-damage|p1a: Ray Allen|0 fnt
|faint|p1a: Ray Allen
|
|-weather|Sandstorm|[upkeep]
|upkeep
|
|switch|p1a: Miller|Scizor, F, shiny|301/343
|-damage|p1a: Miller|259/343|[from] Stealth Rock
|turn|21
|
|switch|p2a: Rotom|Rotom-Wash|139/304
|-damage|p2a: Rotom|101/304|[from] Stealth Rock
|move|p1a: Miller|Bullet Punch|p2a: Rotom
|-resisted|p2a: Rotom
|-damage|p2a: Rotom|66/304
|
|-weather|Sandstorm|[upkeep]
|-damage|p2a: Rotom|47/304|[from] Sandstorm
|-heal|p2a: Rotom|66/304|[from] item: Leftovers
|upkeep
|turn|22
|
|move|p1a: Miller|Bullet Punch|p2a: Rotom
|-resisted|p2a: Rotom
|-damage|p2a: Rotom|26/304
|move|p2a: Rotom|Will-O-Wisp|p1a: Miller|[miss]
|-miss|p2a: Rotom|p1a: Miller
|
|-weather|Sandstorm|[upkeep]
|-damage|p2a: Rotom|7/304|[from] Sandstorm
|-heal|p2a: Rotom|26/304|[from] item: Leftovers
|upkeep
|turn|23
|
|move|p1a: Miller|Bullet Punch|p2a: Rotom
|-resisted|p2a: Rotom
|-damage|p2a: Rotom|0 fnt
|faint|p2a: Rotom
|
|-weather|Sandstorm|[upkeep]
|upkeep
|
|switch|p2a: Garchomp|Garchomp, M|200/361
|-damage|p2a: Garchomp|178/361|[from] Stealth Rock
|turn|24
|
|move|p1a: Miller|Bullet Punch|p2a: Garchomp
|-damage|p2a: Garchomp|0 fnt
|-damage|p1a: Miller|217/343|[from] ability: Rough Skin|[of] p2a: Garchomp
|faint|p2a: Garchomp
|
|win|yoloboy9000
|c|☆yoloboy9000|gg
|l|☆young snackz
|raw|yoloboy9000's rating: 1336 &rarr; <strong>1355</strong><br />(+19 for winning)
|raw|young snackz's rating: 1317 &rarr; <strong>1298</strong><br />(-19 for losing)
