|j|☆Coronet077
|j|☆E.V.A 008
|t:|1717086888
|gametype|singles
|player|p1|Coronet077|fisherman-gen4|1330
|player|p2|E.V.A 008|steven|1423
|teamsize|p1|6
|teamsize|p2|6
|gen|5
|tier|[Gen 5] OU
|rated|
|rule|Species Clause: Limit one of each Pokémon
|rule|OHKO Clause: OHKO moves are banned
|rule|Moody Clause: Moody is banned
|rule|Evasion Items Clause: Evasion items are banned
|rule|Evasion Moves Clause: Evasion moves are banned
|rule|Endless Battle Clause: Forcing endless battles is banned
|rule|HP Percentage Mod: HP is shown in percentages
|rule|Evasion Abilities Clause: Evasion abilities are banned
|rule|Sleep Moves Clause: Sleep-inducing moves are banned
|rule|Swagger Clause: Swagger is banned
|rule|Baton Pass Stat Clause: No Baton Passer may have a way to boost its stats
|clearpoke
|poke|p1|Magnezone|item
|poke|p1|Jirachi|item
|poke|p1|Kyurem-Black|item
|poke|p1|Latios, M|item
|poke|p1|Garchomp, M|item
|poke|p1|Dragonite, M|item
|poke|p2|Jirachi|item
|poke|p2|Magnezone|item
|poke|p2|Latios, M|item
|poke|p2|Garchomp, F|item
|poke|p2|Kyurem-Black|item
|poke|p2|Salamence, M|item
|teampreview
|
|t:|1717086903
|start
|switch|p1a: Jirachi|Jirachi|100/100
|switch|p2a: Jirachi|Jirachi|100/100
|turn|1
|
|t:|1717086906
|move|p1a: Jirachi|Stealth Rock|p2a: Jirachi
|-sidestart|p2: E.V.A 008|move: Stealth Rock
|move|p2a: Jirachi|Stealth Rock|p1a: Jirachi
|-sidestart|p1: Coronet077|move: Stealth Rock
|
|upkeep
|turn|2
|
|t:|1717086910
|move|p2a: Jirachi|Icy Wind|p1a: Jirachi
|-resisted|p1a: Jirachi
|-damage|p1a: Jirachi|97/100
|-unboost|p1a: Jirachi|spe|1
|move|p1a: Jirachi|Thunder|p2a: Jirachi
|-damage|p2a: Jirachi|84/100
|
|-heal|p2a: Jirachi|90/100|[from] item: Leftovers
|upkeep
|turn|3
|
|t:|1717086919
|move|p2a: Jirachi|Thunder|p1a: Jirachi|[miss]
|-miss|p2a: Jirachi|p1a: Jirachi
|move|p1a: Jirachi|Icy Wind|p2a: Jirachi
|-resisted|p2a: Jirachi
|-damage|p2a: Jirachi|86/100
|-unboost|p2a: Jirachi|spe|1
|
|-heal|p2a: Jirachi|92/100|[from] item: Leftovers
|upkeep
|turn|4
|
|t:|1717086929
|move|p2a: Jirachi|Thunder|p1a: Jirachi
|-damage|p1a: Jirachi|78/100
|-status|p1a: Jirachi|par
|move|p1a: Jirachi|Thunder|p2a: Jirachi
|-damage|p2a: Jirachi|76/100
|-status|p2a: Jirachi|par
|
|-heal|p2a: Jirachi|82/100 par|[from] item: Leftovers
|upkeep
|turn|5
|
|t:|1717086938
|cant|p1a: Jirachi|par
|cant|p2a: Jirachi|par
|
|-heal|p2a: Jirachi|88/100 par|[from] item: Leftovers
|upkeep
|turn|6
|
|t:|1717086947
|move|p2a: Jirachi|U-turn|p1a: Jirachi
|-damage|p1a: Jirachi|66/100 par
|
|t:|1717086949
|switch|p2a: Magnezone|Magnezone|100/100|[from] U-turn
|-damage|p2a: Magnezone|94/100|[from] Stealth Rock
|-item|p2a: Magnezone|Air Balloon
|cant|p1a: Jirachi|par
|
|upkeep
|turn|7
|
|t:|1717086953
|move|p2a: Magnezone|Hidden Power|p1a: Jirachi
|-supereffective|p1a: Jirachi
|-damage|p1a: Jirachi|31/100 par
|move|p1a: Jirachi|U-turn|p2a: Magnezone
|-resisted|p2a: Magnezone
|-crit|p2a: Magnezone
|-damage|p2a: Magnezone|78/100
|-enditem|p2a: Magnezone|Air Balloon
|
|t:|1717086964
|switch|p1a: Dragonite|Dragonite, M|100/100|[from] U-turn
|-damage|p1a: Dragonite|76/100|[from] Stealth Rock
|
|upkeep
|turn|8
|
|t:|1717086967
|move|p1a: Dragonite|Dragon Dance|p1a: Dragonite
|-boost|p1a: Dragonite|atk|1
|-boost|p1a: Dragonite|spe|1
|move|p2a: Magnezone|Thunderbolt|p1a: Dragonite
|-damage|p1a: Dragonite|17/100
|
|upkeep
|turn|9
|
|t:|1717086973
|move|p1a: Dragonite|Superpower|p2a: Magnezone
|-supereffective|p2a: Magnezone
|-damage|p2a: Magnezone|0 fnt
|-unboost|p1a: Dragonite|atk|1
|-unboost|p1a: Dragonite|def|1
|faint|p2a: Magnezone
|
|upkeep
|
|t:|1717086977
|switch|p2a: Garchomp|Garchomp, F|100/100
|-damage|p2a: Garchomp|94/100|[from] Stealth Rock
|turn|10
|
|t:|1717086981
|move|p1a: Dragonite|Extreme Speed|p2a: Garchomp
|-damage|p2a: Garchomp|64/100
|-damage|p1a: Dragonite|5/100|[from] ability: Rough Skin|[of] p2a: Garchomp
|move|p2a: Garchomp|Dual Chop|p1a: Dragonite
|-supereffective|p1a: Dragonite
|-damage|p1a: Dragonite|0 fnt
|faint|p1a: Dragonite
|-hitcount|p1: Dragonite|1
|
|upkeep
|
|t:|1717086993
|switch|p1a: Jirachi|Jirachi|31/100 par
|-damage|p1a: Jirachi|25/100 par|[from] Stealth Rock
|turn|11
|
|t:|1717086997
|switch|p2a: Jirachi|Jirachi|88/100 par
|-damage|p2a: Jirachi|82/100 par|[from] Stealth Rock
|move|p1a: Jirachi|U-turn|p2a: Jirachi
|-damage|p2a: Jirachi|68/100 par
|
|t:|1717087003
|switch|p1a: Magnezone|Magnezone|100/100|[from] U-turn
|-damage|p1a: Magnezone|94/100|[from] Stealth Rock
|-item|p1a: Magnezone|Air Balloon
|
|-heal|p2a: Jirachi|74/100 par|[from] item: Leftovers
|upkeep
|turn|12
|
|t:|1717087006
|move|p1a: Magnezone|Thunderbolt|p2a: Jirachi
|-damage|p2a: Jirachi|41/100 par
|move|p2a: Jirachi|U-turn|p1a: Magnezone
|-resisted|p1a: Magnezone
|-damage|p1a: Magnezone|86/100
|-enditem|p1a: Magnezone|Air Balloon
|
|t:|1717087012
|switch|p2a: Salamence|Salamence, M|100/100|[from] U-turn
|-damage|p2a: Salamence|76/100|[from] Stealth Rock
|-ability|p2a: Salamence|Intimidate|boost
|-unboost|p1a: Magnezone|atk|1
|
|upkeep
|turn|13
|
|t:|1717087021
|move|p2a: Salamence|Draco Meteor|p1a: Magnezone
|-resisted|p1a: Magnezone
|-damage|p1a: Magnezone|30/100
|-unboost|p2a: Salamence|spa|2
|-damage|p2a: Salamence|66/100|[from] item: Life Orb
|move|p1a: Magnezone|Thunderbolt|p2a: Salamence
|-damage|p2a: Salamence|0 fnt
|faint|p2a: Salamence
|
|upkeep
|
|t:|1717087033
|switch|p2a: Latios|Latios, M|100/100
|-damage|p2a: Latios|88/100|[from] Stealth Rock
|turn|14
|
|t:|1717087035
|move|p2a: Latios|Dragon Pulse|p1a: Magnezone
|-resisted|p1a: Magnezone
|-damage|p1a: Magnezone|0 fnt
|faint|p1a: Magnezone
|
|upkeep
|
|t:|1717087040
|switch|p1a: Latios|Latios, M|100/100
|-damage|p1a: Latios|88/100|[from] Stealth Rock
|turn|15
|
|t:|1717087049
|switch|p2a: Jirachi|Jirachi|41/100 par
|-damage|p2a: Jirachi|35/100 par|[from] Stealth Rock
|move|p1a: Latios|Dragon Pulse|p2a: Jirachi
|-resisted|p2a: Jirachi
|-damage|p2a: Jirachi|22/100 par
|
|-heal|p2a: Jirachi|28/100 par|[from] item: Leftovers
|upkeep
|turn|16
|
|t:|1717087057
|switch|p1a: Jirachi|Jirachi|25/100 par
|-damage|p1a: Jirachi|19/100 par|[from] Stealth Rock
|move|p2a: Jirachi|U-turn|p1a: Jirachi
|-damage|p1a: Jirachi|6/100 par
|
|t:|1717087065
|switch|p2a: Garchomp|Garchomp, F|64/100|[from] U-turn
|-damage|p2a: Garchomp|58/100|[from] Stealth Rock
|
|upkeep
|turn|17
|
|t:|1717087069
|move|p2a: Garchomp|Outrage|p1a: Jirachi
|-resisted|p1a: Jirachi
|-damage|p1a: Jirachi|0 fnt
|faint|p1a: Jirachi
|
|upkeep
|
|t:|1717087071
|switch|p1a: Latios|Latios, M|88/100
|-damage|p1a: Latios|76/100|[from] Stealth Rock
|turn|18
|
|t:|1717087075
|move|p1a: Latios|Dragon Pulse|p2a: Garchomp
|-supereffective|p2a: Garchomp
|-damage|p2a: Garchomp|0 fnt
|faint|p2a: Garchomp
|
|upkeep
|
|t:|1717087078
|switch|p2a: Jirachi|Jirachi|28/100 par
|-damage|p2a: Jirachi|22/100 par|[from] Stealth Rock
|turn|19
|
|t:|1717087084
|switch|p1a: Garchomp|Garchomp, M|100/100
|-damage|p1a: Garchomp|94/100|[from] Stealth Rock
|move|p2a: Jirachi|U-turn|p1a: Garchomp
|-damage|p1a: Garchomp|78/100
|-damage|p2a: Jirachi|9/100 par|[from] ability: Rough Skin|[of] p1a: Garchomp
|
|t:|1717087088
|switch|p2a: Kyurem|Kyurem-Black|100/100|[from] U-turn
|-damage|p2a: Kyurem|76/100|[from] Stealth Rock
|-ability|p2a: Kyurem|Teravolt
|
|upkeep
|turn|20
|
|t:|1717087096
|move|p1a: Garchomp|Outrage|p2a: Kyurem
|-supereffective|p2a: Kyurem
|-damage|p2a: Kyurem|0 fnt
|faint|p2a: Kyurem
|
|upkeep
|
|t:|1717087098
|switch|p2a: Latios|Latios, M|88/100
|-damage|p2a: Latios|76/100|[from] Stealth Rock
|turn|21
|
|t:|1717087101
|move|p1a: Garchomp|Outrage|p2a: Latios|[from]lockedmove
|-supereffective|p2a: Latios
|-damage|p2a: Latios|0 fnt
|faint|p2a: Latios
|-start|p1a: Garchomp|confusion|[fatigue]
|
|upkeep
|-message|E.V.A 008 forfeited.
|
|win|Coronet077
|raw|Coronet077's rating: 1330 &rarr; <strong>1355</strong><br />(+25 for winning)
|raw|E.V.A 008's rating: 1423 &rarr; <strong>1398</strong><br />(-25 for losing)
|l|☆E.V.A 008
|player|p2|
