|j|☆Attackingbruh
|j|☆daddy_days2
|t:|1741888952
|gametype|singles
|player|p1|Attackingbruh|linebacker|1434
|player|p2|daddy_days2|benga|1464
|teamsize|p1|6
|teamsize|p2|6
|gen|5
|tier|[Gen 5] OU
|rated|
|rule|Species Clause: Limit one of each Pokémon
|rule|OHKO Clause: OHKO moves are banned
|rule|Moody Clause: Moody is banned
|rule|Evasion Items Clause: Evasion items are banned
|rule|Evasion Moves Clause: Evasion moves are banned
|rule|Endless Battle Clause: Forcing endless battles is banned
|rule|HP Percentage Mod: HP is shown in percentages
|rule|Evasion Abilities Clause: Evasion abilities are banned
|rule|Sleep Moves Clause: Sleep-inducing moves are banned
|rule|Swagger Clause: Swagger is banned
|rule|Baton Pass Stat Clause: No Baton Passer may have a way to boost its stats
|clearpoke
|poke|p1|Garchomp, M|item
|poke|p1|Hippowdon, M|item
|poke|p1|Ferrothorn, F|item
|poke|p1|Jellicent, F|item
|poke|p1|Scizor, M|item
|poke|p1|Latios, M|item
|poke|p2|Kyurem-Black|item
|poke|p2|Garchomp, M|item
|poke|p2|Conkeldurr, F|item
|poke|p2|Starmie|item
|poke|p2|Bisharp, M|item
|poke|p2|Scyther, M|item
|teampreview
|
|t:|1741888967
|start
|switch|p1a: Hippowdon|Hippowdon, M|100/100
|switch|p2a: Starlight|Starmie|100/100
|-weather|Sandstorm|[from] ability: Sand Stream|[of] p1a: Hippowdon
|turn|1
|
|t:|1741888975
|switch|p1a: Jellicent|Jellicent, F|100/100
|move|p2a: Starlight|Hydro Pump|p1a: Jellicent
|-immune|p1a: Jellicent|[from] ability: Water Absorb
|
|-weather|Sandstorm|[upkeep]
|-damage|p2a: Starlight|94/100|[from] Sandstorm
|-damage|p1a: Jellicent|94/100|[from] Sandstorm
|-heal|p2a: Starlight|100/100|[from] item: Leftovers
|-heal|p1a: Jellicent|100/100|[from] item: Leftovers
|upkeep
|turn|2
|
|t:|1741888989
|move|p2a: Starlight|Thunder Wave|p1a: Jellicent
|-status|p1a: Jellicent|par
|cant|p1a: Jellicent|par
|
|-weather|Sandstorm|[upkeep]
|-damage|p2a: Starlight|94/100|[from] Sandstorm
|-damage|p1a: Jellicent|94/100 par|[from] Sandstorm
|-heal|p2a: Starlight|100/100|[from] item: Leftovers
|-heal|p1a: Jellicent|100/100 par|[from] item: Leftovers
|upkeep
|turn|3
|
|t:|1741889000
|move|p2a: Starlight|Psyshock|p1a: Jellicent
|-damage|p1a: Jellicent|70/100 par
|move|p1a: Jellicent|Will-O-Wisp|p2a: Starlight|[miss]
|-miss|p1a: Jellicent|p2a: Starlight
|
|-weather|Sandstorm|[upkeep]
|-damage|p2a: Starlight|94/100|[from] Sandstorm
|-damage|p1a: Jellicent|64/100 par|[from] Sandstorm
|-heal|p2a: Starlight|100/100|[from] item: Leftovers
|-heal|p1a: Jellicent|70/100 par|[from] item: Leftovers
|upkeep
|turn|4
|
|t:|1741889011
|move|p2a: Starlight|Psyshock|p1a: Jellicent
|-damage|p1a: Jellicent|43/100 par
|cant|p1a: Jellicent|par
|
|-weather|Sandstorm|[upkeep]
|-damage|p2a: Starlight|94/100|[from] Sandstorm
|-damage|p1a: Jellicent|37/100 par|[from] Sandstorm
|-heal|p2a: Starlight|100/100|[from] item: Leftovers
|-heal|p1a: Jellicent|43/100 par|[from] item: Leftovers
|upkeep
|turn|5
|
|t:|1741889022
|switch|p1a: Scizor|Scizor, M|100/100
|move|p2a: Starlight|Psyshock|p1a: Scizor
|-resisted|p1a: Scizor
|-damage|p1a: Scizor|86/100
|
|-weather|Sandstorm|[upkeep]
|-damage|p2a: Starlight|94/100|[from] Sandstorm
|-heal|p2a: Starlight|100/100|[from] item: Leftovers
|upkeep
|turn|6
|
|t:|1741889032
|-activate|p2a: Starlight|move: Pursuit
|move|p1a: Scizor|Pursuit|p2a: Starlight|[from] Pursuit
|-supereffective|p2a: Starlight
|-damage|p2a: Starlight|0 fnt
|faint|p2a: Starlight
|-hint|A Pokemon can't switch between when it runs out of HP and when it faints
|
|-weather|Sandstorm|[upkeep]
|upkeep
|inactive|Battle timer is ON: inactive players will automatically lose when time's up. (requested by Attackingbruh)
|
|t:|1741889092
|switch|p2a: Shrekster|Conkeldurr, F|100/100
|turn|7
|
|t:|1741889104
|switch|p1a: Jellicent|Jellicent, F|43/100 par
|move|p2a: Shrekster|Ice Punch|p1a: Jellicent
|-resisted|p1a: Jellicent
|-damage|p1a: Jellicent|25/100 par
|
|-weather|Sandstorm|[upkeep]
|-damage|p2a: Shrekster|94/100|[from] Sandstorm
|-damage|p1a: Jellicent|19/100 par|[from] Sandstorm
|-heal|p2a: Shrekster|100/100|[from] item: Leftovers
|-heal|p1a: Jellicent|25/100 par|[from] item: Leftovers
|upkeep
|turn|8
|
|t:|1741889116
|move|p2a: Shrekster|Thunder Punch|p1a: Jellicent
|-supereffective|p1a: Jellicent
|-damage|p1a: Jellicent|0 fnt
|faint|p1a: Jellicent
|
|-weather|Sandstorm|[upkeep]
|-damage|p2a: Shrekster|94/100|[from] Sandstorm
|-heal|p2a: Shrekster|100/100|[from] item: Leftovers
|upkeep
|
|t:|1741889124
|switch|p1a: Hippowdon|Hippowdon, M|100/100
|turn|9
|
|t:|1741889129
|switch|p2a: Insane Dwayne|Kyurem-Black|100/100
|-ability|p2a: Insane Dwayne|Teravolt
|move|p1a: Hippowdon|Stealth Rock|p2a: Insane Dwayne
|-sidestart|p2: daddy_days2|move: Stealth Rock
|
|-weather|Sandstorm|[upkeep]
|-damage|p2a: Insane Dwayne|94/100|[from] Sandstorm
|upkeep
|turn|10
|
|t:|1741889138
|move|p2a: Insane Dwayne|Outrage|p1a: Hippowdon
|-damage|p1a: Hippowdon|11/100
|move|p1a: Hippowdon|Earthquake|p2a: Insane Dwayne
|-damage|p2a: Insane Dwayne|59/100
|
|-weather|Sandstorm|[upkeep]
|-damage|p2a: Insane Dwayne|53/100|[from] Sandstorm
|-heal|p1a: Hippowdon|17/100|[from] item: Leftovers
|upkeep
|turn|11
|
|t:|1741889149
|switch|p1a: Ferrothorn|Ferrothorn, F|100/100
|move|p2a: Insane Dwayne|Outrage|p1a: Ferrothorn|[from] lockedmove
|-resisted|p1a: Ferrothorn
|-damage|p1a: Ferrothorn|58/100
|-damage|p2a: Insane Dwayne|40/100|[from] ability: Iron Barbs|[of] p1a: Ferrothorn
|
|-weather|Sandstorm|[upkeep]
|-damage|p2a: Insane Dwayne|34/100|[from] Sandstorm
|-heal|p1a: Ferrothorn|64/100|[from] item: Leftovers
|upkeep
|turn|12
|
|t:|1741889172
|move|p2a: Insane Dwayne|Outrage|p1a: Ferrothorn|[from] lockedmove
|-resisted|p1a: Ferrothorn
|-damage|p1a: Ferrothorn|22/100
|-damage|p2a: Insane Dwayne|22/100|[from] ability: Iron Barbs|[of] p1a: Ferrothorn
|-start|p2a: Insane Dwayne|confusion|[fatigue]
|move|p1a: Ferrothorn|Leech Seed|p2a: Insane Dwayne
|-start|p2a: Insane Dwayne|move: Leech Seed
|
|-weather|Sandstorm|[upkeep]
|-damage|p2a: Insane Dwayne|16/100|[from] Sandstorm
|-heal|p1a: Ferrothorn|28/100|[from] item: Leftovers
|-damage|p2a: Insane Dwayne|4/100|[from] Leech Seed|[of] p1a: Ferrothorn
|-heal|p1a: Ferrothorn|41/100|[silent]
|upkeep
|turn|13
|
|t:|1741889186
|switch|p1a: Hippowdon|Hippowdon, M|17/100
|-activate|p2a: Insane Dwayne|confusion
|-damage|p2a: Insane Dwayne|0 fnt|[from] confusion
|faint|p2a: Insane Dwayne
|
|-weather|Sandstorm|[upkeep]
|-heal|p1a: Hippowdon|23/100|[from] item: Leftovers
|upkeep
|
|t:|1741889207
|switch|p2a: Painkiller|Garchomp, M|100/100
|-damage|p2a: Painkiller|94/100|[from] Stealth Rock
|turn|14
|
|t:|1741889215
|move|p1a: Hippowdon|Earthquake|p2a: Painkiller
|-damage|p2a: Painkiller|72/100
|move|p2a: Painkiller|Dragon Tail|p1a: Hippowdon
|-damage|p1a: Hippowdon|5/100
|drag|p1a: Garchomp|Garchomp, M|100/100
|
|-weather|Sandstorm|[upkeep]
|upkeep
|turn|15
|
|t:|1741889224
|move|p1a: Garchomp|Dragon Claw|p2a: Painkiller
|-supereffective|p2a: Painkiller
|-damage|p2a: Painkiller|20/100
|-damage|p1a: Garchomp|88/100|[from] ability: Rough Skin|[of] p2a: Painkiller
|-damage|p1a: Garchomp|72/100|[from] item: Rocky Helmet|[of] p2a: Painkiller
|move|p2a: Painkiller|Stealth Rock|p1a: Garchomp
|-sidestart|p1: Attackingbruh|move: Stealth Rock
|
|-weather|Sandstorm|[upkeep]
|-heal|p1a: Garchomp|78/100|[from] item: Leftovers
|upkeep
|turn|16
|
|t:|1741889237
|move|p2a: Painkiller|Endure|p2a: Painkiller
|-singleturn|p2a: Painkiller|move: Endure
|move|p1a: Garchomp|Dragon Claw|p2a: Painkiller
|-supereffective|p2a: Painkiller
|-activate|p2a: Painkiller|move: Endure
|-damage|p2a: Painkiller|1/100
|-damage|p1a: Garchomp|66/100|[from] ability: Rough Skin|[of] p2a: Painkiller
|-damage|p1a: Garchomp|49/100|[from] item: Rocky Helmet|[of] p2a: Painkiller
|
|-weather|Sandstorm|[upkeep]
|-heal|p1a: Garchomp|55/100|[from] item: Leftovers
|upkeep
|turn|17
|
|t:|1741889251
|move|p1a: Garchomp|Dragon Claw|p2a: Painkiller
|-supereffective|p2a: Painkiller
|-damage|p2a: Painkiller|0 fnt
|-damage|p1a: Garchomp|43/100|[from] ability: Rough Skin|[of] p2a: Painkiller
|-damage|p1a: Garchomp|26/100|[from] item: Rocky Helmet|[of] p2a: Painkiller
|faint|p2a: Painkiller
|
|-weather|Sandstorm|[upkeep]
|-heal|p1a: Garchomp|33/100|[from] item: Leftovers
|upkeep
|
|t:|1741889261
|switch|p2a: Blade|Scyther, M|100/100
|-damage|p2a: Blade|51/100|[from] Stealth Rock
|turn|18
|
|t:|1741889269
|move|p2a: Blade|Aerial Ace|p1a: Garchomp
|-damage|p1a: Garchomp|0 fnt
|-damage|p2a: Blade|38/100|[from] ability: Rough Skin|[of] p1a: Garchomp
|faint|p1a: Garchomp
|
|-weather|Sandstorm|[upkeep]
|-damage|p2a: Blade|32/100|[from] Sandstorm
|upkeep
|
|t:|1741889286
|switch|p1a: Hippowdon|Hippowdon, M|5/100
|-damage|p1a: Hippowdon|0 fnt|[from] Stealth Rock
|faint|p1a: Hippowdon
|
|t:|1741889294
|switch|p1a: Scizor|Scizor, M|86/100
|-damage|p1a: Scizor|74/100|[from] Stealth Rock
|turn|19
|
|t:|1741889299
|move|p1a: Scizor|Bullet Punch|p2a: Blade
|-damage|p2a: Blade|0 fnt
|faint|p2a: Blade
|
|-weather|Sandstorm|[upkeep]
|upkeep
|
|t:|1741889308
|switch|p2a: Shrekster|Conkeldurr, F|100/100
|-damage|p2a: Shrekster|94/100|[from] Stealth Rock
|turn|20
|
|t:|1741889315
|move|p1a: Scizor|Bullet Punch|p2a: Shrekster
|-damage|p2a: Shrekster|52/100
|move|p2a: Shrekster|Drain Punch|p1a: Scizor
|-damage|p1a: Scizor|16/100
|-heal|p2a: Shrekster|80/100|[from] drain|[of] p1a: Scizor
|
|-weather|Sandstorm|[upkeep]
|-damage|p2a: Shrekster|74/100|[from] Sandstorm
|-heal|p2a: Shrekster|80/100|[from] item: Leftovers
|upkeep
|turn|21
|
|t:|1741889328
|move|p1a: Scizor|Bullet Punch|p2a: Shrekster
|-damage|p2a: Shrekster|38/100
|move|p2a: Shrekster|Drain Punch|p1a: Scizor
|-damage|p1a: Scizor|0 fnt
|-heal|p2a: Shrekster|46/100|[from] drain|[of] p1a: Scizor
|faint|p1a: Scizor
|
|-weather|Sandstorm|[upkeep]
|-damage|p2a: Shrekster|39/100|[from] Sandstorm
|-heal|p2a: Shrekster|46/100|[from] item: Leftovers
|upkeep
|
|t:|1741889343
|switch|p1a: Latios|Latios, M|100/100
|-damage|p1a: Latios|88/100|[from] Stealth Rock
|turn|22
|
|t:|1741889356
|move|p2a: Shrekster|Mach Punch|p1a: Latios
|-resisted|p1a: Latios
|-damage|p1a: Latios|68/100
|move|p1a: Latios|Surf|p2a: Shrekster
|-damage|p2a: Shrekster|0 fnt
|faint|p2a: Shrekster
|
|-weather|Sandstorm|[upkeep]
|-damage|p1a: Latios|62/100|[from] Sandstorm
|upkeep
|
|t:|1741889366
|switch|p2a: Adolf|Bisharp, M|100/100
|-damage|p2a: Adolf|94/100|[from] Stealth Rock
|-item|p2a: Adolf|Air Balloon
|turn|23
|
|t:|1741889384
|move|p2a: Adolf|Sucker Punch|p1a: Latios
|-supereffective|p1a: Latios
|-damage|p1a: Latios|0 fnt
|faint|p1a: Latios
|
|-weather|Sandstorm|[upkeep]
|upkeep
|
|t:|1741889390
|switch|p1a: Ferrothorn|Ferrothorn, F|41/100
|-damage|p1a: Ferrothorn|35/100|[from] Stealth Rock
|turn|24
|
|t:|1741889397
|move|p2a: Adolf|Brick Break|p1a: Ferrothorn
|-supereffective|p1a: Ferrothorn
|-damage|p1a: Ferrothorn|0 fnt
|-damage|p2a: Adolf|82/100|[from] ability: Iron Barbs|[of] p1a: Ferrothorn
|faint|p1a: Ferrothorn
|
|win|daddy_days2
|raw|Attackingbruh's rating: 1434 &rarr; <strong>1416</strong><br />(-18 for losing)
|raw|daddy_days2's rating: 1464 &rarr; <strong>1482</strong><br />(+18 for winning)
|c|☆daddy_days2|gg
|l|☆Attackingbruh
|player|p1|
