|j|☆magma_man85
|j|☆crimsonelf449
|t:|1724559318
|gametype|singles
|player|p1|magma_man85|170|1266
|player|p2|crimsonelf449|hiker-gen4|1332
|teamsize|p1|6
|teamsize|p2|6
|gen|5
|tier|[Gen 5] OU
|rated|
|rule|Species Clause: Limit one of each Pokémon
|rule|OHKO Clause: OHKO moves are banned
|rule|Moody Clause: Moody is banned
|rule|Evasion Items Clause: Evasion items are banned
|rule|Evasion Moves Clause: Evasion moves are banned
|rule|Endless Battle Clause: Forcing endless battles is banned
|rule|HP Percentage Mod: HP is shown in percentages
|rule|Evasion Abilities Clause: Evasion abilities are banned
|rule|Sleep Moves Clause: Sleep-inducing moves are banned
|rule|Swagger Clause: Swagger is banned
|rule|Baton Pass Stat Clause: No Baton Passer may have a way to boost its stats
|clearpoke
|poke|p1|Tyranitar, M|item
|poke|p1|Latias, F|item
|poke|p1|Excadrill, M|item
|poke|p1|Alakazam, M|item
|poke|p1|Rotom-Wash|item
|poke|p1|Landorus-Therian, M|item
|poke|p2|Porygon2|item
|poke|p2|Jellicent, F|item
|poke|p2|Scizor, F|item
|poke|p2|Gliscor, M|item
|poke|p2|Heracross, M|item
|poke|p2|Azelf|item
|teampreview
|inactive|Battle timer is ON: inactive players will automatically lose when time's up. (requested by crimsonelf449)
|c|☆crimsonelf449|glhf
|c|☆magma_man85|thanks you too
|inactive|magma_man85 has 120 seconds left.
|
|t:|1724559374
|start
|switch|p1a: Rotom|Rotom-Wash|100/100
|switch|p2a: Azelf|Azelf|100/100
|turn|1
|
|t:|1724559381
|move|p2a: Azelf|Stealth Rock|p1a: Rotom
|-sidestart|p1: magma_man85|move: Stealth Rock
|move|p1a: Rotom|Volt Switch|p2a: Azelf
|-damage|p2a: Azelf|64/100
|
|t:|1724559386
|switch|p1a: Tyranitar|Tyranitar, M|100/100|[from] Volt Switch
|-damage|p1a: Tyranitar|88/100|[from] Stealth Rock
|-weather|Sandstorm|[from] ability: Sand Stream|[of] p1a: Tyranitar
|
|-weather|Sandstorm|[upkeep]
|-damage|p2a: Azelf|58/100|[from] Sandstorm
|upkeep
|turn|2
|
|t:|1724559394
|move|p2a: Azelf|Thunder|p1a: Tyranitar
|-damage|p1a: Tyranitar|69/100
|-status|p1a: Tyranitar|par
|move|p1a: Tyranitar|Pursuit|p2a: Azelf
|-supereffective|p2a: Azelf
|-damage|p2a: Azelf|0 fnt
|faint|p2a: Azelf
|
|-weather|Sandstorm|[upkeep]
|upkeep
|
|t:|1724559417
|switch|p2a: Jellicent|Jellicent, F|100/100
|turn|3
|
|t:|1724559423
|move|p2a: Jellicent|Scald|p1a: Tyranitar
|-supereffective|p1a: Tyranitar
|-damage|p1a: Tyranitar|46/100 par
|move|p1a: Tyranitar|Stealth Rock|p2a: Jellicent
|-sidestart|p2: crimsonelf449|move: Stealth Rock
|
|-weather|Sandstorm|[upkeep]
|-damage|p2a: Jellicent|94/100|[from] Sandstorm
|-heal|p2a: Jellicent|100/100|[from] item: Leftovers
|upkeep
|turn|4
|
|t:|1724559432
|move|p2a: Jellicent|Scald|p1a: Tyranitar
|-supereffective|p1a: Tyranitar
|-damage|p1a: Tyranitar|23/100 par
|move|p1a: Tyranitar|Crunch|p2a: Jellicent
|-supereffective|p2a: Jellicent
|-damage|p2a: Jellicent|29/100
|
|-weather|Sandstorm|[upkeep]
|-damage|p2a: Jellicent|23/100|[from] Sandstorm
|-heal|p2a: Jellicent|29/100|[from] item: Leftovers
|upkeep
|turn|5
|
|t:|1724559442
|move|p2a: Jellicent|Scald|p1a: Tyranitar
|-supereffective|p1a: Tyranitar
|-damage|p1a: Tyranitar|2/100 par
|move|p1a: Tyranitar|Crunch|p2a: Jellicent
|-supereffective|p2a: Jellicent
|-damage|p2a: Jellicent|0 fnt
|faint|p2a: Jellicent
|
|-weather|Sandstorm|[upkeep]
|upkeep
|
|t:|1724559459
|switch|p2a: Scizor|Scizor, F|100/100
|-damage|p2a: Scizor|88/100|[from] Stealth Rock
|turn|6
|
|t:|1724559477
|switch|p1a: Rotom|Rotom-Wash|100/100
|-damage|p1a: Rotom|88/100|[from] Stealth Rock
|move|p2a: Scizor|Swords Dance|p2a: Scizor
|-boost|p2a: Scizor|atk|2
|
|-weather|Sandstorm|[upkeep]
|-damage|p1a: Rotom|82/100|[from] Sandstorm
|-heal|p1a: Rotom|88/100|[from] item: Leftovers
|upkeep
|turn|7
|
|t:|1724559489
|switch|p2a: Heracross|Heracross, M|100/100
|-damage|p2a: Heracross|88/100|[from] Stealth Rock
|move|p1a: Rotom|Will-O-Wisp|p2a: Heracross
|-status|p2a: Heracross|brn
|
|-weather|Sandstorm|[upkeep]
|-damage|p2a: Heracross|82/100 brn|[from] Sandstorm
|-damage|p1a: Rotom|82/100|[from] Sandstorm
|-heal|p1a: Rotom|88/100|[from] item: Leftovers
|-damage|p2a: Heracross|70/100 brn|[from] brn
|upkeep
|turn|8
|
|t:|1724559506
|move|p2a: Heracross|Close Combat|p1a: Rotom
|-damage|p1a: Rotom|0 fnt
|-unboost|p2a: Heracross|def|1
|-unboost|p2a: Heracross|spd|1
|faint|p1a: Rotom
|
|-weather|Sandstorm|[upkeep]
|-damage|p2a: Heracross|64/100 brn|[from] Sandstorm
|-damage|p2a: Heracross|52/100 brn|[from] brn
|upkeep
|
|t:|1724559519
|switch|p1a: Alakazam|Alakazam, M|100/100
|turn|9
|
|t:|1724559525
|move|p1a: Alakazam|Psychic|p2a: Heracross
|-supereffective|p2a: Heracross
|-damage|p2a: Heracross|0 fnt
|faint|p2a: Heracross
|
|-weather|Sandstorm|[upkeep]
|upkeep
|
|t:|1724559536
|switch|p2a: Scizor|Scizor, F|88/100
|-damage|p2a: Scizor|76/100|[from] Stealth Rock
|turn|10
|
|t:|1724559541
|switch|p1a: Tyranitar|Tyranitar, M|2/100 par
|-damage|p1a: Tyranitar|0 fnt|[from] Stealth Rock
|faint|p1a: Tyranitar
|move|p2a: Scizor|Bullet Punch|p1: Tyranitar|[notarget]
|-fail|p2a: Scizor
|
|-weather|Sandstorm|[upkeep]
|upkeep
|
|t:|1724559549
|switch|p1a: Landorus|Landorus-Therian, M|100/100
|-damage|p1a: Landorus|88/100|[from] Stealth Rock
|-ability|p1a: Landorus|Intimidate|boost
|-unboost|p2a: Scizor|atk|1
|turn|11
|
|t:|1724559557
|move|p1a: Landorus|Knock Off|p2a: Scizor
|-resisted|p2a: Scizor
|-damage|p2a: Scizor|73/100
|-enditem|p2a: Scizor|Expert Belt|[from] move: Knock Off|[of] p1a: Landorus
|move|p2a: Scizor|Swords Dance|p2a: Scizor
|-boost|p2a: Scizor|atk|2
|
|-weather|Sandstorm|[upkeep]
|-heal|p1a: Landorus|94/100|[from] item: Leftovers
|upkeep
|turn|12
|
|t:|1724559565
|move|p1a: Landorus|Earthquake|p2a: Scizor
|-damage|p2a: Scizor|30/100
|move|p2a: Scizor|Swords Dance|p2a: Scizor
|-boost|p2a: Scizor|atk|2
|
|-weather|Sandstorm|[upkeep]
|-heal|p1a: Landorus|99/100|[from] item: Leftovers
|upkeep
|turn|13
|
|t:|1724559576
|move|p2a: Scizor|Bullet Punch|p1a: Landorus
|-crit|p1a: Landorus
|-damage|p1a: Landorus|0 fnt
|faint|p1a: Landorus
|
|-weather|Sandstorm|[upkeep]
|upkeep
|
|t:|1724559582
|switch|p1a: Excadrill|Excadrill, M|100/100
|-damage|p1a: Excadrill|97/100|[from] Stealth Rock
|turn|14
|
|t:|1724559588
|move|p2a: Scizor|Bullet Punch|p1a: Excadrill
|-resisted|p1a: Excadrill
|-damage|p1a: Excadrill|38/100
|move|p1a: Excadrill|Earthquake|p2a: Scizor
|-damage|p2a: Scizor|0 fnt
|faint|p2a: Scizor
|
|-weather|Sandstorm|[upkeep]
|-heal|p1a: Excadrill|45/100|[from] item: Leftovers
|upkeep
|
|t:|1724559596
|switch|p2a: Gliscor|Gliscor, M|100/100
|-damage|p2a: Gliscor|88/100|[from] Stealth Rock
|turn|15
|
|t:|1724559604
|switch|p1a: Latias|Latias, F|100/100
|-damage|p1a: Latias|88/100|[from] Stealth Rock
|move|p2a: Gliscor|Swords Dance|p2a: Gliscor
|-boost|p2a: Gliscor|atk|2
|
|-weather|Sandstorm|[upkeep]
|-damage|p1a: Latias|82/100|[from] Sandstorm
|-status|p2a: Gliscor|tox|[from] item: Toxic Orb
|upkeep
|turn|16
|
|t:|1724559613
|move|p2a: Gliscor|Protect|p2a: Gliscor
|-singleturn|p2a: Gliscor|Protect
|move|p1a: Latias|Ice Beam|p2a: Gliscor
|-activate|p2a: Gliscor|move: Protect
|
|-weather|Sandstorm|[upkeep]
|-damage|p1a: Latias|76/100|[from] Sandstorm
|-heal|p2a: Gliscor|100/100 tox|[from] ability: Poison Heal
|upkeep
|turn|17
|
|t:|1724559633
|move|p1a: Latias|Ice Beam|p2a: Gliscor
|-supereffective|p2a: Gliscor
|-damage|p2a: Gliscor|0 fnt
|faint|p2a: Gliscor
|
|-weather|Sandstorm|[upkeep]
|-damage|p1a: Latias|70/100|[from] Sandstorm
|upkeep
|
|t:|1724559639
|switch|p2a: Porygon2|Porygon2|100/100
|-damage|p2a: Porygon2|88/100|[from] Stealth Rock
|-ability|p2a: Porygon2|Levitate|[from] ability: Trace|[of] p1a: Latias
|turn|18
|
|t:|1724559646
|move|p1a: Latias|Thunder Wave|p2a: Porygon2
|-status|p2a: Porygon2|par
|cant|p2a: Porygon2|par
|
|-weather|Sandstorm|[upkeep]
|-damage|p1a: Latias|64/100|[from] Sandstorm
|-damage|p2a: Porygon2|82/100 par|[from] Sandstorm
|upkeep
|turn|19
|
|t:|1724559657
|move|p1a: Latias|Recover|p1a: Latias
|-heal|p1a: Latias|100/100
|cant|p2a: Porygon2|par
|
|-weather|Sandstorm|[upkeep]
|-damage|p1a: Latias|94/100|[from] Sandstorm
|-damage|p2a: Porygon2|76/100 par|[from] Sandstorm
|upkeep
|turn|20
|
|t:|1724559664
|move|p1a: Latias|Ice Beam|p2a: Porygon2
|-crit|p2a: Porygon2
|-damage|p2a: Porygon2|48/100 par
|move|p2a: Porygon2|Ice Beam|p1a: Latias
|-supereffective|p1a: Latias
|-damage|p1a: Latias|44/100
|
|-weather|Sandstorm|[upkeep]
|-damage|p1a: Latias|38/100|[from] Sandstorm
|-damage|p2a: Porygon2|42/100 par|[from] Sandstorm
|upkeep
|turn|21
|
|t:|1724559673
|move|p1a: Latias|Ice Beam|p2a: Porygon2
|-damage|p2a: Porygon2|27/100 par
|move|p2a: Porygon2|Ice Beam|p1a: Latias
|-supereffective|p1a: Latias
|-damage|p1a: Latias|0 fnt
|faint|p1a: Latias
|
|-weather|Sandstorm|[upkeep]
|-damage|p2a: Porygon2|21/100 par|[from] Sandstorm
|upkeep
|
|t:|1724559680
|switch|p1a: Excadrill|Excadrill, M|45/100
|-damage|p1a: Excadrill|41/100|[from] Stealth Rock
|turn|22
|
|t:|1724559687
|move|p1a: Excadrill|Iron Head|p2a: Porygon2
|-damage|p2a: Porygon2|0 fnt
|faint|p2a: Porygon2
|
|win|magma_man85
|raw|magma_man85's rating: 1266 &rarr; <strong>1296</strong><br />(+30 for winning)
|raw|crimsonelf449's rating: 1332 &rarr; <strong>1308</strong><br />(-24 for losing)
|c|☆magma_man85|gg
|c|☆crimsonelf449|gg
|l|☆crimsonelf449
|player|p2|
