|join|Stunt
|join|marov
|player|p1|Stunt|292
|player|p2|marov|5
|gametype|singles
|gen|5
|tier|[Gen 5] OU
|rated
|rule|Evasion Abilities Clause: Evasion abilities are banned
|clearpoke
|poke|p1|Pikachu, F
|poke|p1|Zoroark, F
|poke|p1|Keldeo-Resolute
|poke|p1|Roserade, F
|poke|p1|Gliscor, M
|poke|p1|Mamoswine, M
|poke|p2|Garchomp, M
|poke|p2|Terrakion
|poke|p2|Latios, M
|poke|p2|Starmie
|poke|p2|Jirachi
|poke|p2|Dragonite, M
|rule|Sleep Clause Mod: Limit one foe put to sleep
|rule|Species Clause: Limit one of each Pokémon
|rule|OHKO Clause: OHKO moves are banned
|rule|Moody Clause: Moody is banned
|rule|Evasion Moves Clause: Evasion moves are banned
|rule|Endless Battle Clause: Forcing endless battles is banned
|rule|HP Percentage Mod: HP is reported as percentages
|teampreview
|
|start
|switch|p1a: Pikachu|Pikachu, F|261/261
|switch|p2a: Jirachi|Jirachi|341/341
|turn|1
|
|switch|p1a: Gliscor|Gliscor, M|354/354
|move|p2a: Jirachi|Stealth Rock|p1a: Gliscor
|-sidestart|p1: Stunt|move: Stealth Rock
|
|-status|p1a: Gliscor|tox|[from] item: Toxic Orb
|turn|2
|
|move|p2a: Jirachi|Icy Wind|p1a: Gliscor
|-supereffective|p1a: Gliscor
|-damage|p1a: Gliscor|102/354 tox
|-unboost|p1a: Gliscor|spe|1
|move|p1a: Gliscor|Stealth Rock|p2a: Jirachi
|-sidestart|p2: marov|move: Stealth Rock
|
|-heal|p1a: Gliscor|146/354 tox|[from] ability: Poison Heal
|turn|3
|
|move|p1a: Gliscor|Protect|p1a: Gliscor
|-singleturn|p1a: Gliscor|Protect
|move|p2a: Jirachi|Icy Wind|p1a: Gliscor
|-activate|p1a: Gliscor|Protect
|
|-heal|p1a: Gliscor|190/354 tox|[from] ability: Poison Heal
|turn|4
|
|switch|p1a: Keldeo-Resolute|Keldeo-Resolute|386/386
|-damage|p1a: Keldeo-Resolute|362/386|[from] Stealth Rock
|move|p2a: Jirachi|Icy Wind|p1a: Keldeo-Resolute
|-resisted|p1a: Keldeo-Resolute
|-damage|p1a: Keldeo-Resolute|331/386
|-unboost|p1a: Keldeo-Resolute|spe|1
|
|-heal|p1a: Keldeo-Resolute|355/386|[from] item: Leftovers
|turn|5
|
|move|p2a: Jirachi|Thunderbolt|p1a: Keldeo-Resolute
|-supereffective|p1a: Keldeo-Resolute
|-damage|p1a: Keldeo-Resolute|145/386
|move|p1a: Keldeo-Resolute|Calm Mind|p1a: Keldeo-Resolute
|-boost|p1a: Keldeo-Resolute|spa|1
|-boost|p1a: Keldeo-Resolute|spd|1
|
|-heal|p1a: Keldeo-Resolute|169/386|[from] item: Leftovers
|turn|6
|
|move|p2a: Jirachi|Iron Head|p1a: Keldeo-Resolute
|-resisted|p1a: Keldeo-Resolute
|-damage|p1a: Keldeo-Resolute|111/386
|move|p1a: Keldeo-Resolute|Scald|p2a: Jirachi
|-damage|p2a: Jirachi|154/341
|
|-heal|p1a: Keldeo-Resolute|135/386|[from] item: Leftovers
|turn|7
|
|move|p2a: Jirachi|Thunderbolt|p1a: Keldeo-Resolute
|-supereffective|p1a: Keldeo-Resolute
|-damage|p1a: Keldeo-Resolute|0 fnt
|faint|p1a: Keldeo-Resolute
|
|
|switch|p1a: Pikachu|Pikachu, F|261/261
|-damage|p1a: Pikachu|229/261|[from] Stealth Rock
|turn|8
|
|move|p1a: Pikachu|Flamethrower|p2a: Jirachi
|-supereffective|p2a: Jirachi
|-damage|p2a: Jirachi|0 fnt
|-damage|p1a: Pikachu|203/261|[from] item: Life Orb
|faint|p2a: Jirachi
|
|
|switch|p2a: Terrakion|Terrakion|323/323
|-damage|p2a: Terrakion|303/323|[from] Stealth Rock
|turn|9
|
|switch|p2a: Starmie|Starmie|261/261
|-damage|p2a: Starmie|229/261|[from] Stealth Rock
|move|p1a: Pikachu|Low Kick|p2a: Starmie
|-crit|p2a: Starmie
|-resisted|p2a: Starmie
|-damage|p2a: Starmie|91/261
|-damage|p1a: Pikachu|177/261|[from] item: Life Orb
|
|turn|10
|
|move|p1a: Pikachu|Sucker Punch|p2a: Starmie
|-supereffective|p2a: Starmie
|-damage|p2a: Starmie|0 fnt
|-damage|p1a: Pikachu|151/261|[from] item: Life Orb
|faint|p2a: Starmie
|
|
|switch|p2a: Terrakion|Terrakion|303/323
|-damage|p2a: Terrakion|283/323|[from] Stealth Rock
|turn|11
|
|switch|p1a: Gliscor|Gliscor, M|190/354 tox
|-damage|p1a: Gliscor|146/354 tox|[from] Stealth Rock
|move|p2a: Terrakion|Stone Edge|p1a: Gliscor
|-damage|p1a: Gliscor|0 fnt
|faint|p1a: Gliscor
|
|
|switch|p1a: Mamoswine|Mamoswine, M|376/376
|-damage|p1a: Mamoswine|329/376|[from] Stealth Rock
|turn|12
|
|switch|p2a: Latios|Latios, M|302/302
|-damage|p2a: Latios|265/302|[from] Stealth Rock
|move|p1a: Mamoswine|Icicle Crash|p2a: Latios
|-supereffective|p2a: Latios
|-damage|p2a: Latios|0 fnt
|faint|p2a: Latios
|
|
|switch|p2a: Terrakion|Terrakion|283/323
|-damage|p2a: Terrakion|263/323|[from] Stealth Rock
|turn|13
|
|switch|p1a: Pikachu|Pikachu, F|211/211
|-damage|p1a: Pikachu|185/211|[from] Stealth Rock
|move|p2a: Terrakion|Close Combat|p1a: Pikachu
|-damage|p1a: Pikachu|0 fnt
|-status|p2a: Terrakion|par
|-unboost|p2a: Terrakion|def|1
|-unboost|p2a: Terrakion|spd|1
|faint|p1a: Pikachu
|
|-message|marov forfeited.
|
|win|Stunt
|raw|Ladder updating...
|leave|marov
|player|p2
|raw|Stunt's rating: 1363 &rarr; <strong>1385</strong><br />(+22 for winning)
|raw|marov's rating: 1408 &rarr; <strong>1386</strong><br />(-22 for losing)