|j|☆krukz
|j|☆SattleBimulator
|t:|1737559465
|gametype|singles
|player|p1|krukz|169|1397
|player|p2|SattleBimulator|1|1293
|teamsize|p1|6
|teamsize|p2|6
|gen|5
|tier|[Gen 5] OU
|rated|
|rule|Species Clause: Limit one of each Pokémon
|rule|OHKO Clause: OHKO moves are banned
|rule|Moody Clause: Moody is banned
|rule|Evasion Items Clause: Evasion items are banned
|rule|Evasion Moves Clause: Evasion moves are banned
|rule|Endless Battle Clause: Forcing endless battles is banned
|rule|HP Percentage Mod: HP is shown in percentages
|rule|Evasion Abilities Clause: Evasion abilities are banned
|rule|Sleep Moves Clause: Sleep-inducing moves are banned
|rule|Swagger Clause: Swagger is banned
|rule|Baton Pass Stat Clause: No Baton Passer may have a way to boost its stats
|clearpoke
|poke|p1|Tyranitar, F|item
|poke|p1|Latios, M|item
|poke|p1|Landorus-Therian, M|item
|poke|p1|Reuniclus, M|item
|poke|p1|Ferrothorn, F|item
|poke|p1|Jellicent, F|item
|poke|p2|Excadrill, F|item
|poke|p2|Garchomp, F|item
|poke|p2|Tyranitar, M|item
|poke|p2|Scizor, M|item
|poke|p2|Skarmory, M|item
|poke|p2|Gengar, M|item
|teampreview
|inactive|Battle timer is ON: inactive players will automatically lose when time's up. (requested by SattleBimulator)
|
|t:|1737559485
|start
|switch|p1a: Landorus|Landorus-Therian, M|100/100
|switch|p2a: Tyranitar|Tyranitar, M|100/100
|-ability|p1a: Landorus|Intimidate|boost
|-unboost|p2a: Tyranitar|atk|1
|-weather|Sandstorm|[from] ability: Sand Stream|[of] p2a: Tyranitar
|turn|1
|
|t:|1737559491
|move|p1a: Landorus|U-turn|p2a: Tyranitar
|-supereffective|p2a: Tyranitar
|-damage|p2a: Tyranitar|67/100
|
|t:|1737559497
|switch|p1a: Ferrothorn|Ferrothorn, F|100/100|[from] U-turn
|move|p2a: Tyranitar|Ice Beam|p1a: Ferrothorn
|-damage|p1a: Ferrothorn|86/100
|
|-weather|Sandstorm|[upkeep]
|-heal|p1a: Ferrothorn|93/100|[from] item: Leftovers
|upkeep
|turn|2
|
|t:|1737559502
|switch|p1a: Landorus|Landorus-Therian, M|100/100
|-ability|p1a: Landorus|Intimidate|boost
|-unboost|p2a: Tyranitar|atk|1
|move|p2a: Tyranitar|Thunder Wave|p1a: Landorus
|-immune|p1a: Landorus
|
|-weather|Sandstorm|[upkeep]
|upkeep
|turn|3
|
|t:|1737559509
|move|p1a: Landorus|Earthquake|p2a: Tyranitar
|-supereffective|p2a: Tyranitar
|-damage|p2a: Tyranitar|0 fnt
|faint|p2a: Tyranitar
|
|-weather|Sandstorm|[upkeep]
|upkeep
|
|t:|1737559512
|switch|p2a: Skarmory|Skarmory, M|100/100
|turn|4
|
|t:|1737559515
|move|p1a: Landorus|Stealth Rock|p2a: Skarmory
|-sidestart|p2: SattleBimulator|move: Stealth Rock
|move|p2a: Skarmory|Stealth Rock|p1a: Landorus
|-sidestart|p1: krukz|move: Stealth Rock
|
|-weather|Sandstorm|[upkeep]
|upkeep
|turn|5
|
|t:|1737559521
|move|p1a: Landorus|Hidden Power|p2a: Skarmory
|-damage|p2a: Skarmory|77/100
|move|p2a: Skarmory|Whirlwind|p1a: Landorus
|drag|p1a: Ferrothorn|Ferrothorn, F|93/100
|-damage|p1a: Ferrothorn|86/100|[from] Stealth Rock
|
|-weather|Sandstorm|[upkeep]
|-heal|p1a: Ferrothorn|93/100|[from] item: Leftovers
|upkeep
|turn|6
|
|t:|1737559525
|move|p2a: Skarmory|Spikes|p1a: Ferrothorn
|-sidestart|p1: krukz|Spikes
|move|p1a: Ferrothorn|Power Whip|p2a: Skarmory|[miss]
|-miss|p1a: Ferrothorn|p2a: Skarmory
|
|-weather|Sandstorm|[upkeep]
|-heal|p1a: Ferrothorn|99/100|[from] item: Leftovers
|upkeep
|turn|7
|
|t:|1737559529
|move|p1a: Ferrothorn|Thunder Wave|p2a: Skarmory
|-status|p2a: Skarmory|par
|move|p2a: Skarmory|Whirlwind|p1a: Ferrothorn
|drag|p1a: Tyranitar|Tyranitar, F|100/100
|-damage|p1a: Tyranitar|88/100|[from] Stealth Rock
|-damage|p1a: Tyranitar|76/100|[from] Spikes
|
|-weather|Sandstorm|[upkeep]
|upkeep
|turn|8
|
|t:|1737559537
|move|p1a: Tyranitar|Superpower|p2a: Skarmory
|-damage|p2a: Skarmory|52/100 par
|-unboost|p1a: Tyranitar|atk|1
|-unboost|p1a: Tyranitar|def|1
|-damage|p1a: Tyranitar|59/100|[from] item: Rocky Helmet|[of] p2a: Skarmory
|move|p2a: Skarmory|Whirlwind|p1a: Tyranitar
|drag|p1a: Landorus|Landorus-Therian, M|100/100
|-damage|p1a: Landorus|88/100|[from] Stealth Rock
|-ability|p1a: Landorus|Intimidate|boost
|-unboost|p2a: Skarmory|atk|1
|
|-weather|Sandstorm|[upkeep]
|-heal|p1a: Landorus|94/100|[from] item: Leftovers
|upkeep
|turn|9
|
|t:|1737559542
|move|p1a: Landorus|Hidden Power|p2a: Skarmory
|-damage|p2a: Skarmory|28/100 par
|cant|p2a: Skarmory|par
|
|-weather|Sandstorm|[upkeep]
|-heal|p1a: Landorus|99/100|[from] item: Leftovers
|upkeep
|turn|10
|
|t:|1737559546
|move|p1a: Landorus|Hidden Power|p2a: Skarmory
|-damage|p2a: Skarmory|6/100 par
|move|p2a: Skarmory|Whirlwind|p1a: Landorus
|drag|p1a: Ferrothorn|Ferrothorn, F|99/100
|-damage|p1a: Ferrothorn|93/100|[from] Stealth Rock
|-damage|p1a: Ferrothorn|80/100|[from] Spikes
|
|-weather|Sandstorm|[upkeep]
|-heal|p1a: Ferrothorn|86/100|[from] item: Leftovers
|upkeep
|turn|11
|
|t:|1737559553
|move|p1a: Ferrothorn|Power Whip|p2a: Skarmory
|-resisted|p2a: Skarmory
|-damage|p2a: Skarmory|1/100 par
|-damage|p1a: Ferrothorn|70/100|[from] item: Rocky Helmet|[of] p2a: Skarmory
|move|p2a: Skarmory|Spikes|p1a: Ferrothorn
|-sidestart|p1: krukz|Spikes
|
|-weather|Sandstorm|[upkeep]
|-heal|p1a: Ferrothorn|76/100|[from] item: Leftovers
|upkeep
|turn|12
|
|t:|1737559561
|move|p1a: Ferrothorn|Spikes|p2a: Skarmory
|-sidestart|p2: SattleBimulator|Spikes
|move|p2a: Skarmory|Spikes|p1a: Ferrothorn
|-sidestart|p1: krukz|Spikes
|
|-weather|Sandstorm|[upkeep]
|-heal|p1a: Ferrothorn|82/100|[from] item: Leftovers
|upkeep
|turn|13
|
|t:|1737559563
|move|p1a: Ferrothorn|Spikes|p2a: Skarmory
|-sidestart|p2: SattleBimulator|Spikes
|move|p2a: Skarmory|Whirlwind|p1a: Ferrothorn
|drag|p1a: Tyranitar|Tyranitar, F|59/100
|-damage|p1a: Tyranitar|47/100|[from] Stealth Rock
|-damage|p1a: Tyranitar|22/100|[from] Spikes
|
|-weather|Sandstorm|[upkeep]
|upkeep
|turn|14
|
|t:|1737559569
|move|p1a: Tyranitar|Crunch|p2a: Skarmory
|-resisted|p2a: Skarmory
|-damage|p2a: Skarmory|0 fnt
|-damage|p1a: Tyranitar|5/100|[from] item: Rocky Helmet|[of] p2a: Skarmory
|faint|p2a: Skarmory
|
|-weather|Sandstorm|[upkeep]
|upkeep
|
|t:|1737559572
|switch|p2a: Excadrill|Excadrill, F|100/100
|-damage|p2a: Excadrill|97/100|[from] Stealth Rock
|-ability|p2a: Excadrill|Mold Breaker
|-item|p2a: Excadrill|Air Balloon
|turn|15
|
|t:|1737559579
|switch|p1a: Jellicent|Jellicent, F|100/100
|-damage|p1a: Jellicent|88/100|[from] Stealth Rock
|-item|p1a: Jellicent|Air Balloon
|move|p2a: Excadrill|Rapid Spin|p1a: Jellicent
|-immune|p1a: Jellicent
|
|-weather|Sandstorm|[upkeep]
|-damage|p1a: Jellicent|82/100|[from] Sandstorm
|upkeep
|turn|16
|
|t:|1737559583
|move|p2a: Excadrill|Iron Head|p1a: Jellicent
|-resisted|p1a: Jellicent
|-damage|p1a: Jellicent|66/100
|-enditem|p1a: Jellicent|Air Balloon
|move|p1a: Jellicent|Will-O-Wisp|p2a: Excadrill
|-status|p2a: Excadrill|brn
|
|-weather|Sandstorm|[upkeep]
|-damage|p1a: Jellicent|60/100|[from] Sandstorm
|-damage|p2a: Excadrill|85/100 brn|[from] brn
|upkeep
|turn|17
|
|t:|1737559588
|switch|p2a: Gengar|Gengar, M|100/100
|-damage|p2a: Gengar|88/100|[from] Stealth Rock
|move|p1a: Jellicent|Recover|p1a: Jellicent
|-heal|p1a: Jellicent|100/100
|
|-weather|Sandstorm|[upkeep]
|-damage|p2a: Gengar|82/100|[from] Sandstorm
|-damage|p1a: Jellicent|94/100|[from] Sandstorm
|upkeep
|turn|18
|
|t:|1737559593
|switch|p1a: Tyranitar|Tyranitar, F|5/100
|-damage|p1a: Tyranitar|0 fnt|[from] Stealth Rock
|faint|p1a: Tyranitar
|move|p2a: Gengar|Shadow Ball|p1: Tyranitar|[notarget]
|-fail|p2a: Gengar
|
|-weather|Sandstorm|[upkeep]
|-damage|p2a: Gengar|76/100|[from] Sandstorm
|upkeep
|
|t:|1737559614
|switch|p1a: Reuniclus|Reuniclus, M|100/100
|turn|19
|
|t:|1737559622
|move|p2a: Gengar|Shadow Ball|p1a: Reuniclus
|-supereffective|p1a: Reuniclus
|-damage|p1a: Reuniclus|0 fnt
|faint|p1a: Reuniclus
|-damage|p2a: Gengar|66/100|[from] item: Life Orb
|
|-weather|Sandstorm|[upkeep]
|-damage|p2a: Gengar|60/100|[from] Sandstorm
|upkeep
|
|t:|1737559632
|switch|p1a: Latios|Latios, M|100/100
|-damage|p1a: Latios|88/100|[from] Stealth Rock
|turn|20
|
|t:|1737559638
|switch|p2a: Excadrill|Excadrill, F|85/100 brn
|-damage|p2a: Excadrill|82/100 brn|[from] Stealth Rock
|-ability|p2a: Excadrill|Mold Breaker
|-item|p2a: Excadrill|Air Balloon
|move|p1a: Latios|Dragon Pulse|p2a: Excadrill
|-resisted|p2a: Excadrill
|-damage|p2a: Excadrill|35/100 brn
|-enditem|p2a: Excadrill|Air Balloon
|
|-weather|Sandstorm|[upkeep]
|-damage|p1a: Latios|82/100|[from] Sandstorm
|-damage|p2a: Excadrill|22/100 brn|[from] brn
|upkeep
|turn|21
|
|t:|1737559644
|move|p1a: Latios|Dragon Pulse|p2a: Excadrill
|-resisted|p2a: Excadrill
|-damage|p2a: Excadrill|0 fnt
|faint|p2a: Excadrill
|
|-weather|Sandstorm|[upkeep]
|-damage|p1a: Latios|76/100|[from] Sandstorm
|upkeep
|
|t:|1737559646
|switch|p2a: Scizor|Scizor, M|100/100
|-damage|p2a: Scizor|88/100|[from] Stealth Rock
|-damage|p2a: Scizor|72/100|[from] Spikes
|turn|22
|j| nb 41 st
|
|t:|1737559651
|switch|p1a: Landorus|Landorus-Therian, M|99/100
|-damage|p1a: Landorus|88/100|[from] Stealth Rock
|-ability|p1a: Landorus|Intimidate|boost
|-unboost|p2a: Scizor|atk|1
|move|p2a: Scizor|Swords Dance|p2a: Scizor
|-boost|p2a: Scizor|atk|2
|
|-weather|Sandstorm|[upkeep]
|-heal|p1a: Landorus|94/100|[from] item: Leftovers
|upkeep
|turn|23
|
|t:|1737559655
|switch|p2a: Gengar|Gengar, M|60/100
|-damage|p2a: Gengar|48/100|[from] Stealth Rock
|move|p1a: Landorus|Earthquake|p2a: Gengar
|-immune|p2a: Gengar|[from] ability: Levitate
|
|-weather|Sandstorm|[upkeep]
|-damage|p2a: Gengar|41/100|[from] Sandstorm
|-heal|p1a: Landorus|99/100|[from] item: Leftovers
|upkeep
|turn|24
|
|t:|1737559660
|move|p2a: Gengar|Shadow Ball|p1a: Landorus
|-damage|p1a: Landorus|38/100
|-damage|p2a: Gengar|32/100|[from] item: Life Orb
|move|p1a: Landorus|U-turn|p2a: Gengar
|-resisted|p2a: Gengar
|-damage|p2a: Gengar|21/100
|
|t:|1737559666
|switch|p1a: Ferrothorn|Ferrothorn, F|82/100|[from] U-turn
|-damage|p1a: Ferrothorn|76/100|[from] Stealth Rock
|-damage|p1a: Ferrothorn|51/100|[from] Spikes
|
|-weather|Sandstorm|[upkeep]
|-damage|p2a: Gengar|15/100|[from] Sandstorm
|-heal|p1a: Ferrothorn|57/100|[from] item: Leftovers
|upkeep
|turn|25
|
|t:|1737559670
|move|p2a: Gengar|Focus Blast|p1a: Ferrothorn
|-supereffective|p1a: Ferrothorn
|-damage|p1a: Ferrothorn|0 fnt
|faint|p1a: Ferrothorn
|-damage|p2a: Gengar|5/100|[from] item: Life Orb
|
|-weather|Sandstorm|[upkeep]
|-damage|p2a: Gengar|0 fnt|[from] Sandstorm
|faint|p2a: Gengar
|upkeep
|
|t:|1737559678
|switch|p2a: Garchomp|Garchomp, F|100/100
|switch|p1a: Jellicent|Jellicent, F|94/100
|-damage|p2a: Garchomp|94/100|[from] Stealth Rock
|-damage|p2a: Garchomp|78/100|[from] Spikes
|-damage|p1a: Jellicent|82/100|[from] Stealth Rock
|-damage|p1a: Jellicent|57/100|[from] Spikes
|turn|26
|
|t:|1737559683
|move|p2a: Garchomp|Outrage|p1a: Jellicent
|-damage|p1a: Jellicent|12/100
|move|p1a: Jellicent|Will-O-Wisp|p2a: Garchomp
|-status|p2a: Garchomp|brn
|
|-weather|Sandstorm|[upkeep]
|-damage|p1a: Jellicent|6/100|[from] Sandstorm
|-damage|p2a: Garchomp|65/100 brn|[from] brn
|upkeep
|turn|27
|
|t:|1737559686
|move|p2a: Garchomp|Outrage|p1a: Jellicent|[from] lockedmove
|-damage|p1a: Jellicent|0 fnt
|faint|p1a: Jellicent
|
|-weather|Sandstorm|[upkeep]
|-damage|p2a: Garchomp|53/100 brn|[from] brn
|upkeep
|
|t:|1737559689
|switch|p1a: Landorus|Landorus-Therian, M|38/100
|-damage|p1a: Landorus|26/100|[from] Stealth Rock
|-ability|p1a: Landorus|Intimidate|boost
|-unboost|p2a: Garchomp|atk|1
|turn|28
|
|t:|1737559692
|move|p2a: Garchomp|Outrage|p1a: Landorus|[from] lockedmove
|-damage|p1a: Landorus|4/100
|-start|p2a: Garchomp|confusion|[fatigue]
|move|p1a: Landorus|Earthquake|p2a: Garchomp
|-damage|p2a: Garchomp|9/100 brn
|
|-weather|Sandstorm|[upkeep]
|-heal|p1a: Landorus|10/100|[from] item: Leftovers
|-damage|p2a: Garchomp|0 fnt|[from] brn
|faint|p2a: Garchomp
|upkeep
|
|t:|1737559696
|switch|p2a: Scizor|Scizor, M|72/100
|-damage|p2a: Scizor|59/100|[from] Stealth Rock
|-damage|p2a: Scizor|43/100|[from] Spikes
|turn|29
|
|t:|1737559698
|move|p2a: Scizor|Bullet Punch|p1a: Landorus
|-damage|p1a: Landorus|0 fnt
|faint|p1a: Landorus
|-damage|p2a: Scizor|33/100|[from] item: Life Orb
|
|-weather|Sandstorm|[upkeep]
|upkeep
|
|t:|1737559701
|switch|p1a: Latios|Latios, M|76/100
|-damage|p1a: Latios|64/100|[from] Stealth Rock
|turn|30
|
|t:|1737559709
|move|p2a: Scizor|Bullet Punch|p1a: Latios
|-crit|p1a: Latios
|-damage|p1a: Latios|0 fnt
|faint|p1a: Latios
|-damage|p2a: Scizor|23/100|[from] item: Life Orb
|
|win|SattleBimulator
|raw|krukz's rating: 1397 &rarr; <strong>1371</strong><br />(-26 for losing)
|raw|SattleBimulator's rating: 1293 &rarr; <strong>1325</strong><br />(+32 for winning)
|l|☆SattleBimulator
|player|p2|
|c|☆krukz|shit
