|j|☆Laone.L.ous
|j|☆BlueClothesHanger
|t:|1716171559
|gametype|singles
|player|p1|Laone.L.ous|bellelba|1363
|player|p2|BlueClothesHanger|barry|1328
|teamsize|p1|6
|teamsize|p2|6
|gen|5
|tier|[Gen 5] OU
|rated|
|rule|Species Clause: Limit one of each Pokémon
|rule|OHKO Clause: OHKO moves are banned
|rule|Moody Clause: Moody is banned
|rule|Evasion Items Clause: Evasion items are banned
|rule|Evasion Moves Clause: Evasion moves are banned
|rule|Endless Battle Clause: Forcing endless battles is banned
|rule|HP Percentage Mod: HP is shown in percentages
|rule|Evasion Abilities Clause: Evasion abilities are banned
|rule|Sleep Moves Clause: Sleep-inducing moves are banned
|rule|Swagger Clause: Swagger is banned
|rule|Baton Pass Stat Clause: No Baton Passer may have a way to boost its stats
|clearpoke
|poke|p1|Azelf|item
|poke|p1|Volcarona, F|item
|poke|p1|Scizor, F|item
|poke|p1|Starmie|item
|poke|p1|Mamoswine, F|item
|poke|p1|Dragonite, F|item
|poke|p2|Jirachi|item
|poke|p2|Excadrill, F|item
|poke|p2|Garchomp, F|item
|poke|p2|Tyranitar, M|item
|poke|p2|Latios, M|item
|poke|p2|Skarmory, M|item
|teampreview
|inactive|Battle timer is ON: inactive players will automatically lose when time's up. (requested by Laone.L.ous)
|j| bwcbestbytest
|l|☆BlueClothesHanger
|inactive|BlueClothesHanger disconnected and has a minute to reconnect!
|player|p2|
|inactive|Laone.L.ous has 120 seconds left.
|j|☆BlueClothesHanger
|inactive|BlueClothesHanger reconnected.
|player|p2|BlueClothesHanger|barry|
|
|t:|1716171607
|start
|switch|p1a: Azelf|Azelf|100/100
|switch|p2a: Tyranitar|Tyranitar, M|100/100
|-weather|Sandstorm|[from] ability: Sand Stream|[of] p2a: Tyranitar
|turn|1
|
|t:|1716171610
|move|p2a: Tyranitar|Pursuit|p1a: Azelf
|-supereffective|p1a: Azelf
|-enditem|p1a: Azelf|Colbur Berry|[eat]
|-enditem|p1a: Azelf|Colbur Berry|[weaken]
|-damage|p1a: Azelf|70/100
|move|p1a: Azelf|Thunder Wave|p2a: Tyranitar
|-status|p2a: Tyranitar|par
|
|-weather|Sandstorm|[upkeep]
|-damage|p1a: Azelf|64/100|[from] Sandstorm
|upkeep
|turn|2
|c| bwcbestbytest|Lol moonmann
|
|t:|1716171617
|move|p1a: Azelf|Stealth Rock|p2a: Tyranitar
|-sidestart|p2: BlueClothesHanger|move: Stealth Rock
|move|p2a: Tyranitar|Pursuit|p1a: Azelf
|-supereffective|p1a: Azelf
|-damage|p1a: Azelf|8/100
|
|-weather|Sandstorm|[upkeep]
|-damage|p1a: Azelf|2/100|[from] Sandstorm
|upkeep
|turn|3
|
|t:|1716171621
|move|p1a: Azelf|Explosion|p2a: Tyranitar
|-resisted|p2a: Tyranitar
|-damage|p2a: Tyranitar|69/100 par
|faint|p1a: Azelf
|move|p2a: Tyranitar|Pursuit|p1: Azelf|[notarget]
|-fail|p2a: Tyranitar
|
|-weather|Sandstorm|[upkeep]
|upkeep
|
|t:|1716171628
|switch|p1a: Mamoswine|Mamoswine, F, shiny|100/100
|turn|4
|
|t:|1716171632
|switch|p2a: Skarmory|Skarmory, M|100/100
|-damage|p2a: Skarmory|88/100|[from] Stealth Rock
|move|p1a: Mamoswine|Substitute|p1a: Mamoswine
|-start|p1a: Mamoswine|Substitute
|-damage|p1a: Mamoswine|76/100
|
|-weather|Sandstorm|[upkeep]
|upkeep
|turn|5
|
|t:|1716171637
|move|p1a: Mamoswine|Icicle Crash|p2a: Skarmory
|-damage|p2a: Skarmory|41/100
|move|p2a: Skarmory|Whirlwind|p1a: Mamoswine
|drag|p1a: Dragonite|Dragonite, F|100/100
|
|-weather|Sandstorm|[upkeep]
|-damage|p1a: Dragonite|94/100|[from] Sandstorm
|upkeep
|turn|6
|
|t:|1716171648
|switch|p2a: Jirachi|Jirachi|100/100
|-damage|p2a: Jirachi|94/100|[from] Stealth Rock
|move|p1a: Dragonite|Fire Punch|p2a: Jirachi
|-supereffective|p2a: Jirachi
|-damage|p2a: Jirachi|56/100
|
|-weather|Sandstorm|[upkeep]
|-damage|p1a: Dragonite|88/100|[from] Sandstorm
|-heal|p2a: Jirachi|62/100|[from] item: Leftovers
|upkeep
|turn|7
|
|t:|1716171656
|move|p2a: Jirachi|Stealth Rock|p1a: Dragonite
|-sidestart|p1: Laone.L.ous|move: Stealth Rock
|move|p1a: Dragonite|Dragon Dance|p1a: Dragonite
|-boost|p1a: Dragonite|atk|1
|-boost|p1a: Dragonite|spe|1
|
|-weather|Sandstorm|[upkeep]
|-damage|p1a: Dragonite|82/100|[from] Sandstorm
|-heal|p2a: Jirachi|69/100|[from] item: Leftovers
|upkeep
|turn|8
|l| bwcbestbytest
|
|t:|1716171663
|move|p1a: Dragonite|Dragon Dance|p1a: Dragonite
|-boost|p1a: Dragonite|atk|1
|-boost|p1a: Dragonite|spe|1
|move|p2a: Jirachi|Thunder Wave|p1a: Dragonite
|-status|p1a: Dragonite|par
|-enditem|p1a: Dragonite|Lum Berry|[eat]
|-curestatus|p1a: Dragonite|par|[msg]
|
|-weather|Sandstorm|[upkeep]
|-damage|p1a: Dragonite|76/100|[from] Sandstorm
|-heal|p2a: Jirachi|75/100|[from] item: Leftovers
|upkeep
|turn|9
|
|t:|1716171671
|move|p1a: Dragonite|Fire Punch|p2a: Jirachi
|-supereffective|p2a: Jirachi
|-damage|p2a: Jirachi|2/100
|move|p2a: Jirachi|Thunder Wave|p1a: Dragonite
|-status|p1a: Dragonite|par
|
|-weather|Sandstorm|[upkeep]
|-damage|p1a: Dragonite|70/100 par|[from] Sandstorm
|-heal|p2a: Jirachi|8/100|[from] item: Leftovers
|upkeep
|turn|10
|j| bwcbestbytest
|j| THE Great Countrey
|
|t:|1716171684
|cant|p1a: Dragonite|par
|move|p2a: Jirachi|Iron Head|p1a: Dragonite
|-damage|p1a: Dragonite|43/100 par
|
|-weather|Sandstorm|[upkeep]
|-damage|p1a: Dragonite|37/100 par|[from] Sandstorm
|-heal|p2a: Jirachi|14/100|[from] item: Leftovers
|upkeep
|turn|11
|
|t:|1716171688
|move|p1a: Dragonite|Extreme Speed|p2a: Jirachi
|-resisted|p2a: Jirachi
|-damage|p2a: Jirachi|0 fnt
|faint|p2a: Jirachi
|
|-weather|Sandstorm|[upkeep]
|-damage|p1a: Dragonite|31/100 par|[from] Sandstorm
|upkeep
|
|t:|1716171712
|switch|p2a: Excadrill|Excadrill, F|100/100
|-damage|p2a: Excadrill|97/100|[from] Stealth Rock
|turn|12
|
|t:|1716171717
|move|p2a: Excadrill|Iron Head|p1a: Dragonite
|-damage|p1a: Dragonite|0 fnt
|faint|p1a: Dragonite
|
|-weather|Sandstorm|[upkeep]
|-heal|p2a: Excadrill|100/100|[from] item: Leftovers
|upkeep
|
|t:|1716171720
|switch|p1a: Starmie|Starmie, shiny|100/100
|-damage|p1a: Starmie|88/100|[from] Stealth Rock
|-item|p1a: Starmie|Air Balloon
|turn|13
|
|t:|1716171723
|switch|p2a: Tyranitar|Tyranitar, M|69/100 par
|-damage|p2a: Tyranitar|57/100 par|[from] Stealth Rock
|move|p1a: Starmie|Rapid Spin|p2a: Tyranitar
|-resisted|p2a: Tyranitar
|-damage|p2a: Tyranitar|55/100 par
|-sideend|p1: Laone.L.ous|Stealth Rock|[from] move: Rapid Spin|[of] p1a: Starmie
|
|-weather|Sandstorm|[upkeep]
|-damage|p1a: Starmie|82/100|[from] Sandstorm
|upkeep
|turn|14
|
|t:|1716171730
|move|p1a: Starmie|Hydro Pump|p2a: Tyranitar
|-supereffective|p2a: Tyranitar
|-damage|p2a: Tyranitar|0 fnt
|faint|p2a: Tyranitar
|
|-weather|Sandstorm|[upkeep]
|-damage|p1a: Starmie|76/100|[from] Sandstorm
|upkeep
|
|t:|1716171750
|switch|p2a: Latios|Latios, M|100/100
|-damage|p2a: Latios|88/100|[from] Stealth Rock
|turn|15
|
|t:|1716171760
|move|p2a: Latios|Draco Meteor|p1a: Starmie
|-damage|p1a: Starmie|0 fnt
|-unboost|p2a: Latios|spa|2
|-enditem|p1a: Starmie|Air Balloon
|faint|p1a: Starmie
|
|-weather|Sandstorm|[upkeep]
|-damage|p2a: Latios|82/100|[from] Sandstorm
|upkeep
|
|t:|1716171763
|switch|p1a: Scizor|Scizor, F|100/100
|turn|16
|
|t:|1716171772
|-activate|p2a: Latios|move: Pursuit
|move|p1a: Scizor|Pursuit|p2a: Latios|[from]Pursuit
|-supereffective|p2a: Latios
|-damage|p2a: Latios|0 fnt
|faint|p2a: Latios
|-damage|p1a: Scizor|91/100|[from] item: Life Orb
|-hint|A Pokemon can't switch between when it runs out of HP and when it faints
|
|-weather|Sandstorm|[upkeep]
|upkeep
|
|t:|1716171774
|switch|p2a: Garchomp|Garchomp, F|100/100
|-damage|p2a: Garchomp|94/100|[from] Stealth Rock
|turn|17
|
|t:|1716171777
|move|p2a: Garchomp|Substitute|p2a: Garchomp
|-start|p2a: Garchomp|Substitute
|-damage|p2a: Garchomp|69/100
|move|p1a: Scizor|Swords Dance|p1a: Scizor
|-boost|p1a: Scizor|atk|2
|
|-weather|Sandstorm|[upkeep]
|-heal|p2a: Garchomp|75/100|[from] item: Leftovers
|upkeep
|turn|18
|
|t:|1716171783
|move|p1a: Scizor|Bullet Punch|p2a: Garchomp
|-end|p2a: Garchomp|Substitute
|-damage|p1a: Scizor|81/100|[from] item: Life Orb
|move|p2a: Garchomp|Swords Dance|p2a: Garchomp
|-boost|p2a: Garchomp|atk|2
|
|-weather|Sandstorm|[upkeep]
|-heal|p2a: Garchomp|82/100|[from] item: Leftovers
|upkeep
|turn|19
|
|t:|1716171788
|move|p1a: Scizor|Bullet Punch|p2a: Garchomp
|-damage|p2a: Garchomp|5/100
|-damage|p1a: Scizor|69/100|[from] ability: Rough Skin|[of] p2a: Garchomp
|-damage|p1a: Scizor|59/100|[from] item: Life Orb
|move|p2a: Garchomp|Earthquake|p1a: Scizor
|-damage|p1a: Scizor|0 fnt
|faint|p1a: Scizor
|
|-weather|Sandstorm|[upkeep]
|-heal|p2a: Garchomp|12/100|[from] item: Leftovers
|upkeep
|
|t:|1716171793
|switch|p1a: Mamoswine|Mamoswine, F, shiny|76/100
|turn|20
|
|t:|1716171806
|switch|p2a: Skarmory|Skarmory, M|41/100
|-damage|p2a: Skarmory|29/100|[from] Stealth Rock
|move|p1a: Mamoswine|Ice Shard|p2a: Skarmory
|-damage|p2a: Skarmory|7/100
|
|-weather|Sandstorm|[upkeep]
|upkeep
|turn|21
|-enditem|p2a: Skarmory|Custap Berry|[eat]
|-activate|p2a: Skarmory|item: Custap Berry|[consumed]
|
|t:|1716171818
|move|p2a: Skarmory|Spikes|p1a: Mamoswine
|-sidestart|p1: Laone.L.ous|Spikes
|move|p1a: Mamoswine|Substitute|p1a: Mamoswine
|-start|p1a: Mamoswine|Substitute
|-damage|p1a: Mamoswine|51/100
|
|-weather|Sandstorm|[upkeep]
|upkeep
|turn|22
|
|t:|1716171824
|move|p1a: Mamoswine|Ice Shard|p2a: Skarmory
|-damage|p2a: Skarmory|0 fnt
|faint|p2a: Skarmory
|
|-weather|Sandstorm|[upkeep]
|upkeep
|
|t:|1716171826
|switch|p2a: Excadrill|Excadrill, F|100/100
|-damage|p2a: Excadrill|97/100|[from] Stealth Rock
|turn|23
|
|t:|1716171832
|move|p2a: Excadrill|Iron Head|p1a: Mamoswine
|-supereffective|p1a: Mamoswine
|-end|p1a: Mamoswine|Substitute
|move|p1a: Mamoswine|Earthquake|p2a: Excadrill
|-supereffective|p2a: Excadrill
|-damage|p2a: Excadrill|0 fnt
|faint|p2a: Excadrill
|
|-weather|Sandstorm|[upkeep]
|upkeep
|
|t:|1716171837
|switch|p2a: Garchomp|Garchomp, F|12/100
|-damage|p2a: Garchomp|5/100|[from] Stealth Rock
|turn|24
|
|t:|1716171840
|move|p1a: Mamoswine|Ice Shard|p2a: Garchomp
|-supereffective|p2a: Garchomp
|-damage|p2a: Garchomp|0 fnt
|faint|p2a: Garchomp
|
|win|Laone.L.ous
|raw|Laone.L.ous's rating: 1363 &rarr; <strong>1381</strong><br />(+18 for winning)
|raw|BlueClothesHanger's rating: 1328 &rarr; <strong>1310</strong><br />(-18 for losing)
|l|☆BlueClothesHanger
|player|p2|
