|j|☆phosphor
|j|☆HydreigonSpammer
|t:|1734615700
|gametype|singles
|player|p1|phosphor|#phosphor|1343
|player|p2|HydreigonSpammer|veteranf|1404
|teamsize|p1|6
|teamsize|p2|6
|gen|5
|tier|[Gen 5] OU
|rated|
|rule|Species Clause: Limit one of each Pokémon
|rule|OHKO Clause: OHKO moves are banned
|rule|Moody Clause: Moody is banned
|rule|Evasion Items Clause: Evasion items are banned
|rule|Evasion Moves Clause: Evasion moves are banned
|rule|Endless Battle Clause: Forcing endless battles is banned
|rule|HP Percentage Mod: HP is shown in percentages
|rule|Evasion Abilities Clause: Evasion abilities are banned
|rule|Sleep Moves Clause: Sleep-inducing moves are banned
|rule|Swagger Clause: Swagger is banned
|rule|Baton Pass Stat Clause: No Baton Passer may have a way to boost its stats
|clearpoke
|poke|p1|Politoed, F|item
|poke|p1|Landorus-Therian, M|item
|poke|p1|Celebi|item
|poke|p1|Jirachi|item
|poke|p1|Bronzong|item
|poke|p1|Tentacruel, M|item
|poke|p2|Conkeldurr, F|item
|poke|p2|Seismitoad, M|item
|poke|p2|Alakazam, F|item
|poke|p2|Hydreigon, F|item
|poke|p2|Amoonguss, F|item
|poke|p2|Tyranitar, M|item
|teampreview
|c|☆phosphor|Gl hf
|
|t:|1734615723
|start
|switch|p1a: Politoed|Politoed, F|100/100
|switch|p2a: Hydreigon|Hydreigon, F, shiny|100/100
|-weather|RainDance|[from] ability: Drizzle|[of] p1a: Politoed
|turn|1
|c|☆phosphor|Do you like hydreigon
|
|t:|1734615735
|move|p1a: Politoed|Protect|p1a: Politoed
|-singleturn|p1a: Politoed|Protect
|move|p2a: Hydreigon|Draco Meteor|p1a: Politoed
|-activate|p1a: Politoed|move: Protect
|
|-weather|RainDance|[upkeep]
|upkeep
|turn|2
|
|t:|1734615746
|switch|p2a: Seismitoad|Seismitoad, M|100/100
|switch|p1a: Bronzong|Bronzong|100/100
|
|-weather|RainDance|[upkeep]
|upkeep
|turn|3
|c|☆HydreigonSpammer|it's basically a latios that can't be pursuit-trapped
|
|t:|1734615778
|switch|p1a: Celebi|Celebi|100/100
|move|p2a: Seismitoad|Knock Off|p1a: Celebi
|-supereffective|p1a: Celebi
|-damage|p1a: Celebi|94/100
|-enditem|p1a: Celebi|Leftovers|[from] move: Knock Off|[of] p2a: Seismitoad
|
|-weather|RainDance|[upkeep]
|upkeep
|turn|4
|c|☆phosphor|A bit more than that
|
|t:|1734615827
|switch|p1a: Bronzong|Bronzong|100/100
|switch|p2a: Amoonguss|Amoonguss, F|100/100
|
|-weather|RainDance|[upkeep]
|upkeep
|turn|5
|
|t:|1734615846
|switch|p2a: Seismitoad|Seismitoad, M|100/100
|switch|p1a: Landorus|Landorus-Therian, M|100/100
|-ability|p1a: Landorus|Intimidate|boost
|-unboost|p2a: Seismitoad|atk|1
|
|-weather|RainDance|[upkeep]
|upkeep
|turn|6
|
|t:|1734615859
|move|p1a: Landorus|Stealth Rock|p2a: Seismitoad
|-sidestart|p2: HydreigonSpammer|move: Stealth Rock
|move|p2a: Seismitoad|Stealth Rock|p1a: Landorus
|-sidestart|p1: phosphor|move: Stealth Rock
|
|-weather|RainDance|[upkeep]
|upkeep
|turn|7
|
|t:|1734615876
|move|p1a: Landorus|Knock Off|p2a: Seismitoad
|-damage|p2a: Seismitoad|96/100
|-enditem|p2a: Seismitoad|Leftovers|[from] move: Knock Off|[of] p1a: Landorus
|move|p2a: Seismitoad|Scald|p1a: Landorus
|-supereffective|p1a: Landorus
|-damage|p1a: Landorus|6/100
|
|-weather|RainDance|[upkeep]
|-heal|p1a: Landorus|12/100|[from] item: Leftovers
|upkeep
|turn|8
|
|t:|1734615888
|switch|p1a: Celebi|Celebi|94/100
|-damage|p1a: Celebi|82/100|[from] Stealth Rock
|move|p2a: Seismitoad|Knock Off|p1a: Celebi
|-supereffective|p1a: Celebi
|-damage|p1a: Celebi|78/100
|
|-weather|RainDance|[upkeep]
|upkeep
|turn|9
|
|t:|1734615906
|switch|p2a: Amoonguss|Amoonguss, F|100/100
|-damage|p2a: Amoonguss|88/100|[from] Stealth Rock
|move|p1a: Celebi|Giga Drain|p2a: Amoonguss
|-resisted|p2a: Amoonguss
|-damage|p2a: Amoonguss|82/100
|-heal|p1a: Celebi|81/100|[from] drain|[of] p2a: Amoonguss
|
|-weather|RainDance|[upkeep]
|-heal|p2a: Amoonguss|88/100|[from] item: Black Sludge
|upkeep
|turn|10
|
|t:|1734615916
|move|p1a: Celebi|Psychic|p2a: Amoonguss
|-supereffective|p2a: Amoonguss
|-damage|p2a: Amoonguss|30/100
|move|p2a: Amoonguss|Sludge Bomb|p1a: Celebi
|-supereffective|p1a: Celebi
|-damage|p1a: Celebi|49/100
|-status|p1a: Celebi|psn
|
|-weather|RainDance|[upkeep]
|-heal|p2a: Amoonguss|36/100|[from] item: Black Sludge
|-damage|p1a: Celebi|37/100 psn|[from] psn
|upkeep
|turn|11
|
|t:|1734615928
|switch|p2a: Tyranitar|Tyranitar, M|100/100
|-damage|p2a: Tyranitar|88/100|[from] Stealth Rock
|-weather|Sandstorm|[from] ability: Sand Stream|[of] p2a: Tyranitar
|move|p1a: Celebi|Baton Pass|p1a: Celebi
|
|t:|1734615931
|-curestatus|p1a: Celebi|psn|[from] ability: Natural Cure
|switch|p1a: Politoed|Politoed, F|100/100|[from] Baton Pass
|-damage|p1a: Politoed|88/100|[from] Stealth Rock
|-weather|RainDance|[from] ability: Drizzle|[of] p1a: Politoed
|
|-weather|RainDance|[upkeep]
|-heal|p1a: Politoed|94/100|[from] item: Leftovers
|upkeep
|turn|12
|
|t:|1734615938
|switch|p2a: Seismitoad|Seismitoad, M|96/100
|-damage|p2a: Seismitoad|90/100|[from] Stealth Rock
|switch|p1a: Tentacruel|Tentacruel, M|100/100
|-damage|p1a: Tentacruel|88/100|[from] Stealth Rock
|
|-weather|RainDance|[upkeep]
|-heal|p1a: Tentacruel|94/100|[from] ability: Rain Dish
|-heal|p1a: Tentacruel|99/100|[from] item: Black Sludge
|upkeep
|turn|13
|
|t:|1734615956
|move|p1a: Tentacruel|Rapid Spin|p2a: Seismitoad
|-damage|p2a: Seismitoad|88/100
|-sideend|p1: phosphor|Stealth Rock|[from] move: Rapid Spin|[of] p1a: Tentacruel
|move|p2a: Seismitoad|Knock Off|p1a: Tentacruel
|-damage|p1a: Tentacruel|96/100
|-enditem|p1a: Tentacruel|Black Sludge|[from] move: Knock Off|[of] p2a: Seismitoad
|
|-weather|RainDance|[upkeep]
|-heal|p1a: Tentacruel|100/100|[from] ability: Rain Dish
|upkeep
|turn|14
|
|t:|1734615978
|move|p1a: Tentacruel|Toxic Spikes|p2a: Seismitoad
|-sidestart|p2: HydreigonSpammer|move: Toxic Spikes
|move|p2a: Seismitoad|Stealth Rock|p1a: Tentacruel
|-sidestart|p1: phosphor|move: Stealth Rock
|
|-weather|RainDance|[upkeep]
|upkeep
|turn|15
|
|t:|1734615982
|move|p1a: Tentacruel|Rapid Spin|p2a: Seismitoad
|-damage|p2a: Seismitoad|85/100
|-sideend|p1: phosphor|Stealth Rock|[from] move: Rapid Spin|[of] p1a: Tentacruel
|move|p2a: Seismitoad|Earth Power|p1a: Tentacruel
|-supereffective|p1a: Tentacruel
|-damage|p1a: Tentacruel|63/100
|
|-weather|RainDance|[upkeep]
|-heal|p1a: Tentacruel|69/100|[from] ability: Rain Dish
|upkeep
|turn|16
|
|t:|1734615990
|switch|p1a: Celebi|Celebi|37/100
|move|p2a: Seismitoad|Stealth Rock|p1a: Celebi
|-sidestart|p1: phosphor|move: Stealth Rock
|
|-weather|RainDance|[upkeep]
|upkeep
|turn|17
|
|t:|1734615996
|switch|p2a: Amoonguss|Amoonguss, F|69/100
|-damage|p2a: Amoonguss|57/100|[from] Stealth Rock
|-sideend|p2: HydreigonSpammer|move: Toxic Spikes|[of] p2a: Amoonguss
|move|p1a: Celebi|Recover|p1a: Celebi
|-heal|p1a: Celebi|87/100
|
|-weather|RainDance|[upkeep]
|-heal|p2a: Amoonguss|63/100|[from] item: Black Sludge
|upkeep
|turn|18
|
|t:|1734616000
|switch|p2a: Tyranitar|Tyranitar, M|88/100
|-damage|p2a: Tyranitar|76/100|[from] Stealth Rock
|-weather|Sandstorm|[from] ability: Sand Stream|[of] p2a: Tyranitar
|move|p1a: Celebi|Baton Pass|p1a: Celebi
|
|t:|1734616002
|switch|p1a: Politoed|Politoed, F|94/100|[from] Baton Pass
|-damage|p1a: Politoed|82/100|[from] Stealth Rock
|-weather|RainDance|[from] ability: Drizzle|[of] p1a: Politoed
|
|-weather|RainDance|[upkeep]
|-heal|p1a: Politoed|88/100|[from] item: Leftovers
|upkeep
|turn|19
|
|t:|1734616019
|switch|p2a: Conkeldurr|Conkeldurr, F|100/100
|-damage|p2a: Conkeldurr|94/100|[from] Stealth Rock
|move|p1a: Politoed|Ice Beam|p2a: Conkeldurr
|-damage|p2a: Conkeldurr|80/100
|
|-weather|RainDance|[upkeep]
|-heal|p1a: Politoed|94/100|[from] item: Leftovers
|-heal|p2a: Conkeldurr|86/100|[from] item: Leftovers
|upkeep
|turn|20
|
|t:|1734616037
|move|p1a: Politoed|Scald|p2a: Conkeldurr
|-damage|p2a: Conkeldurr|55/100
|move|p2a: Conkeldurr|Drain Punch|p1a: Politoed
|-damage|p1a: Politoed|65/100
|-heal|p2a: Conkeldurr|69/100|[from] drain|[of] p1a: Politoed
|
|-weather|RainDance|[upkeep]
|-heal|p1a: Politoed|72/100|[from] item: Leftovers
|-heal|p2a: Conkeldurr|75/100|[from] item: Leftovers
|upkeep
|turn|21
|
|t:|1734616049
|move|p1a: Politoed|Protect|p1a: Politoed
|-singleturn|p1a: Politoed|Protect
|move|p2a: Conkeldurr|Drain Punch|p1a: Politoed
|-activate|p1a: Politoed|move: Protect
|
|-weather|RainDance|[upkeep]
|-heal|p1a: Politoed|78/100|[from] item: Leftovers
|-heal|p2a: Conkeldurr|81/100|[from] item: Leftovers
|upkeep
|turn|22
|
|t:|1734616058
|switch|p1a: Tentacruel|Tentacruel, M|69/100
|-damage|p1a: Tentacruel|57/100|[from] Stealth Rock
|move|p2a: Conkeldurr|Drain Punch|p1a: Tentacruel
|-resisted|p1a: Tentacruel
|-damage|p1a: Tentacruel|35/100
|-heal|p2a: Conkeldurr|90/100|[from] drain|[of] p1a: Tentacruel
|
|-weather|RainDance|[upkeep]
|-heal|p1a: Tentacruel|41/100|[from] ability: Rain Dish
|-heal|p2a: Conkeldurr|96/100|[from] item: Leftovers
|upkeep
|turn|23
|
|t:|1734616076
|move|p1a: Tentacruel|Rapid Spin|p2a: Conkeldurr
|-damage|p2a: Conkeldurr|94/100
|-sideend|p1: phosphor|Stealth Rock|[from] move: Rapid Spin|[of] p1a: Tentacruel
|move|p2a: Conkeldurr|Rock Slide|p1a: Tentacruel|[miss]
|-miss|p2a: Conkeldurr|p1a: Tentacruel
|
|-weather|RainDance|[upkeep]
|-heal|p1a: Tentacruel|48/100|[from] ability: Rain Dish
|-heal|p2a: Conkeldurr|99/100|[from] item: Leftovers
|upkeep
|turn|24
|
|t:|1734616094
|switch|p1a: Celebi|Celebi|87/100
|switch|p2a: Hydreigon|Hydreigon, F, shiny|100/100
|-damage|p2a: Hydreigon|88/100|[from] Stealth Rock
|
|-weather|RainDance|[upkeep]
|upkeep
|turn|25
|
|t:|1734616103
|switch|p1a: Bronzong|Bronzong|100/100
|move|p2a: Hydreigon|Draco Meteor|p1a: Bronzong
|-resisted|p1a: Bronzong
|-damage|p1a: Bronzong|63/100
|-unboost|p2a: Hydreigon|spa|2
|
|-weather|RainDance|[upkeep]
|-heal|p1a: Bronzong|69/100|[from] item: Leftovers
|upkeep
|turn|26
|
|t:|1734616111
|switch|p2a: Seismitoad|Seismitoad, M|85/100
|-damage|p2a: Seismitoad|79/100|[from] Stealth Rock
|move|p1a: Bronzong|Toxic|p2a: Seismitoad
|-status|p2a: Seismitoad|tox
|
|-weather|RainDance|[upkeep]
|-heal|p1a: Bronzong|76/100|[from] item: Leftovers
|-damage|p2a: Seismitoad|73/100 tox|[from] psn
|upkeep
|turn|27
|
|t:|1734616125
|switch|p1a: Tentacruel|Tentacruel, M|48/100
|move|p2a: Seismitoad|Stealth Rock|p1a: Tentacruel
|-sidestart|p1: phosphor|move: Stealth Rock
|
|-weather|RainDance|[upkeep]
|-heal|p1a: Tentacruel|54/100|[from] ability: Rain Dish
|-damage|p2a: Seismitoad|61/100 tox|[from] psn
|upkeep
|turn|28
|
|t:|1734616134
|switch|p1a: Celebi|Celebi|87/100
|-damage|p1a: Celebi|75/100|[from] Stealth Rock
|switch|p2a: Tyranitar|Tyranitar, M|76/100
|-damage|p2a: Tyranitar|64/100|[from] Stealth Rock
|-weather|Sandstorm|[from] ability: Sand Stream|[of] p2a: Tyranitar
|
|-weather|Sandstorm|[upkeep]
|-damage|p1a: Celebi|68/100|[from] Sandstorm
|upkeep
|turn|29
|
|t:|1734616144
|move|p2a: Tyranitar|Crunch|p1a: Celebi
|-supereffective|p1a: Celebi
|-damage|p1a: Celebi|0 fnt
|faint|p1a: Celebi
|
|-weather|Sandstorm|[upkeep]
|upkeep
|
|t:|1734616150
|switch|p1a: Politoed|Politoed, F|78/100
|-damage|p1a: Politoed|65/100|[from] Stealth Rock
|-weather|RainDance|[from] ability: Drizzle|[of] p1a: Politoed
|turn|30
|
|t:|1734616160
|switch|p2a: Amoonguss|Amoonguss, F|96/100
|-damage|p2a: Amoonguss|84/100|[from] Stealth Rock
|move|p1a: Politoed|Ice Beam|p2a: Amoonguss
|-supereffective|p2a: Amoonguss
|-damage|p2a: Amoonguss|46/100
|
|-weather|RainDance|[upkeep]
|-heal|p1a: Politoed|72/100|[from] item: Leftovers
|-heal|p2a: Amoonguss|52/100|[from] item: Black Sludge
|upkeep
|turn|31
|
|t:|1734616173
|switch|p1a: Landorus|Landorus-Therian, M|12/100
|-damage|p1a: Landorus|0 fnt|[from] Stealth Rock
|faint|p1a: Landorus
|move|p2a: Amoonguss|Stun Spore|p1: Landorus|[notarget]
|-fail|p2a: Amoonguss
|
|-weather|RainDance|[upkeep]
|-heal|p2a: Amoonguss|58/100|[from] item: Black Sludge
|upkeep
|
|t:|1734616175
|switch|p1a: Tentacruel|Tentacruel, M|54/100
|-damage|p1a: Tentacruel|41/100|[from] Stealth Rock
|turn|32
|
|t:|1734616187
|move|p1a: Tentacruel|Rapid Spin|p2a: Amoonguss
|-damage|p2a: Amoonguss|56/100
|-sideend|p1: phosphor|Stealth Rock|[from] move: Rapid Spin|[of] p1a: Tentacruel
|move|p2a: Amoonguss|Stun Spore|p1a: Tentacruel|[miss]
|-miss|p2a: Amoonguss|p1a: Tentacruel
|
|-weather|RainDance|[upkeep]
|-heal|p1a: Tentacruel|47/100|[from] ability: Rain Dish
|-heal|p2a: Amoonguss|62/100|[from] item: Black Sludge
|upkeep
|turn|33
|
|t:|1734616195
|move|p1a: Tentacruel|Scald|p2a: Amoonguss
|-resisted|p2a: Amoonguss
|-damage|p2a: Amoonguss|46/100
|move|p2a: Amoonguss|Stun Spore|p1a: Tentacruel
|-status|p1a: Tentacruel|par
|
|-weather|RainDance|[upkeep]
|-heal|p1a: Tentacruel|53/100 par|[from] ability: Rain Dish
|-heal|p2a: Amoonguss|52/100|[from] item: Black Sludge
|upkeep
|turn|34
|
|t:|1734616202
|switch|p2a: Seismitoad|Seismitoad, M|61/100 tox
|-damage|p2a: Seismitoad|55/100 tox|[from] Stealth Rock
|move|p1a: Tentacruel|Toxic Spikes|p2a: Seismitoad
|-sidestart|p2: HydreigonSpammer|move: Toxic Spikes
|
|-weather|RainDance|[upkeep]
|-heal|p1a: Tentacruel|60/100 par|[from] ability: Rain Dish
|-damage|p2a: Seismitoad|49/100 tox|[from] psn
|upkeep
|turn|35
|
|t:|1734616212
|cant|p1a: Tentacruel|par
|move|p2a: Seismitoad|Earth Power|p1a: Tentacruel
|-supereffective|p1a: Tentacruel
|-damage|p1a: Tentacruel|17/100 par
|-unboost|p1a: Tentacruel|spd|1
|
|-weather|RainDance|[upkeep]
|-heal|p1a: Tentacruel|23/100 par|[from] ability: Rain Dish
|-damage|p2a: Seismitoad|37/100 tox|[from] psn
|upkeep
|turn|36
|
|t:|1734616226
|move|p1a: Tentacruel|Protect|p1a: Tentacruel
|-singleturn|p1a: Tentacruel|Protect
|move|p2a: Seismitoad|Earth Power|p1a: Tentacruel
|-activate|p1a: Tentacruel|move: Protect
|
|-weather|RainDance|[upkeep]
|-heal|p1a: Tentacruel|30/100 par|[from] ability: Rain Dish
|-damage|p2a: Seismitoad|19/100 tox|[from] psn
|upkeep
|turn|37
|
|t:|1734616234
|switch|p1a: Bronzong|Bronzong|76/100
|move|p2a: Seismitoad|Earth Power|p1a: Bronzong
|-immune|p1a: Bronzong|[from] ability: Levitate
|
|-weather|RainDance|[upkeep]
|-heal|p1a: Bronzong|82/100|[from] item: Leftovers
|-damage|p2a: Seismitoad|0 fnt|[from] psn
|faint|p2a: Seismitoad
|upkeep
|
|t:|1734616245
|switch|p2a: Conkeldurr|Conkeldurr, F|99/100
|-damage|p2a: Conkeldurr|94/100|[from] Stealth Rock
|-status|p2a: Conkeldurr|psn
|turn|38
|
|t:|1734616261
|move|p2a: Conkeldurr|Bulk Up|p2a: Conkeldurr
|-boost|p2a: Conkeldurr|atk|1
|-boost|p2a: Conkeldurr|def|1
|move|p1a: Bronzong|Gyro Ball|p2a: Conkeldurr
|-damage|p2a: Conkeldurr|85/100 psn
|
|-weather|RainDance|[upkeep]
|-heal|p2a: Conkeldurr|91/100 psn|[from] item: Leftovers
|-heal|p1a: Bronzong|88/100|[from] item: Leftovers
|-damage|p2a: Conkeldurr|78/100 psn|[from] psn
|upkeep
|turn|39
|
|t:|1734616271
|switch|p1a: Tentacruel|Tentacruel, M|30/100 par
|move|p2a: Conkeldurr|Drain Punch|p1a: Tentacruel
|-resisted|p1a: Tentacruel
|-damage|p1a: Tentacruel|0 fnt
|-heal|p2a: Conkeldurr|91/100 psn|[from] drain|[of] p1a: Tentacruel
|faint|p1a: Tentacruel
|
|-weather|RainDance|[upkeep]
|-heal|p2a: Conkeldurr|97/100 psn|[from] item: Leftovers
|-damage|p2a: Conkeldurr|85/100 psn|[from] psn
|upkeep
|
|t:|1734616291
|switch|p1a: Politoed|Politoed, F|72/100
|turn|40
|
|t:|1734616295
|move|p1a: Politoed|Protect|p1a: Politoed
|-singleturn|p1a: Politoed|Protect
|move|p2a: Conkeldurr|Drain Punch|p1a: Politoed
|-activate|p1a: Politoed|move: Protect
|
|-weather|RainDance|[upkeep]
|-heal|p1a: Politoed|78/100|[from] item: Leftovers
|-heal|p2a: Conkeldurr|91/100 psn|[from] item: Leftovers
|-damage|p2a: Conkeldurr|78/100 psn|[from] psn
|upkeep
|turn|41
|
|t:|1734616301
|move|p1a: Politoed|Scald|p2a: Conkeldurr
|-damage|p2a: Conkeldurr|48/100 psn
|move|p2a: Conkeldurr|Drain Punch|p1a: Politoed
|-crit|p1a: Politoed
|-damage|p1a: Politoed|0 fnt
|-heal|p2a: Conkeldurr|84/100 psn|[from] drain|[of] p1a: Politoed
|faint|p1a: Politoed
|
|-weather|RainDance|[upkeep]
|-heal|p2a: Conkeldurr|90/100 psn|[from] item: Leftovers
|-damage|p2a: Conkeldurr|77/100 psn|[from] psn
|upkeep
|
|t:|1734616306
|switch|p1a: Jirachi|Jirachi|100/100
|turn|42
|
|t:|1734616324
|switch|p2a: Amoonguss|Amoonguss, F|86/100
|-damage|p2a: Amoonguss|73/100|[from] Stealth Rock
|-sideend|p2: HydreigonSpammer|move: Toxic Spikes|[of] p2a: Amoonguss
|move|p1a: Jirachi|Calm Mind|p1a: Jirachi
|-boost|p1a: Jirachi|spa|1
|-boost|p1a: Jirachi|spd|1
|
|-weather|RainDance|[upkeep]
|-heal|p2a: Amoonguss|79/100|[from] item: Black Sludge
|upkeep
|turn|43
|
|t:|1734616327
|move|p1a: Jirachi|Substitute|p1a: Jirachi
|-start|p1a: Jirachi|Substitute
|-damage|p1a: Jirachi|75/100
|move|p2a: Amoonguss|Stun Spore|p1a: Jirachi|[miss]
|-miss|p2a: Amoonguss|p1a: Jirachi
|
|-weather|RainDance|[upkeep]
|-heal|p1a: Jirachi|82/100|[from] item: Leftovers
|-heal|p2a: Amoonguss|85/100|[from] item: Black Sludge
|upkeep
|turn|44
|
|t:|1734616335
|switch|p2a: Tyranitar|Tyranitar, M|64/100
|-damage|p2a: Tyranitar|51/100|[from] Stealth Rock
|-weather|Sandstorm|[from] ability: Sand Stream|[of] p2a: Tyranitar
|move|p1a: Jirachi|Calm Mind|p1a: Jirachi
|-boost|p1a: Jirachi|spa|1
|-boost|p1a: Jirachi|spd|1
|
|-weather|Sandstorm|[upkeep]
|-heal|p1a: Jirachi|88/100|[from] item: Leftovers
|upkeep
|turn|45
|
|t:|1734616347
|move|p2a: Tyranitar|Crunch|p1a: Jirachi
|-end|p1a: Jirachi|Substitute
|move|p1a: Jirachi|Water Pulse|p2a: Tyranitar
|-supereffective|p2a: Tyranitar
|-damage|p2a: Tyranitar|11/100
|-start|p2a: Tyranitar|confusion
|
|-weather|Sandstorm|[upkeep]
|-heal|p1a: Jirachi|94/100|[from] item: Leftovers
|upkeep
|turn|46
|
|t:|1734616378
|-activate|p2a: Tyranitar|confusion
|-damage|p2a: Tyranitar|0 fnt|[from] confusion
|faint|p2a: Tyranitar
|move|p1a: Jirachi|Water Pulse|p2: Tyranitar|[notarget]
|-fail|p1a: Jirachi
|
|-weather|Sandstorm|[upkeep]
|-heal|p1a: Jirachi|99/100|[from] item: Leftovers
|upkeep
|
|t:|1734616393
|switch|p2a: Hydreigon|Hydreigon, F, shiny|88/100
|-damage|p2a: Hydreigon|76/100|[from] Stealth Rock
|turn|47
|
|t:|1734616402
|move|p2a: Hydreigon|Flamethrower|p1a: Jirachi
|-supereffective|p1a: Jirachi
|-crit|p1a: Jirachi
|-damage|p1a: Jirachi|0 fnt
|faint|p1a: Jirachi
|
|-weather|Sandstorm|[upkeep]
|-damage|p2a: Hydreigon|70/100|[from] Sandstorm
|upkeep
|c|☆phosphor|Gg
|c|☆HydreigonSpammer|gg
|-message|phosphor forfeited.
|
|win|HydreigonSpammer
|raw|phosphor's rating: 1343 &rarr; <strong>1326</strong><br />(-17 for losing)
|raw|HydreigonSpammer's rating: 1404 &rarr; <strong>1421</strong><br />(+17 for winning)
|l|☆phosphor
|player|p1|
