|j|☆daddy_days
|j|☆the alchemist 67
|t:|1736430552
|gametype|singles
|player|p1|daddy_days|hugh|1315
|player|p2|the alchemist 67|rood|1341
|teamsize|p1|6
|teamsize|p2|6
|gen|5
|tier|[Gen 5] OU
|rated|
|rule|Species Clause: Limit one of each Pokémon
|rule|OHKO Clause: OHKO moves are banned
|rule|Moody Clause: Moody is banned
|rule|Evasion Items Clause: Evasion items are banned
|rule|Evasion Moves Clause: Evasion moves are banned
|rule|Endless Battle Clause: Forcing endless battles is banned
|rule|HP Percentage Mod: HP is shown in percentages
|rule|Evasion Abilities Clause: Evasion abilities are banned
|rule|Sleep Moves Clause: Sleep-inducing moves are banned
|rule|Swagger Clause: Swagger is banned
|rule|Baton Pass Stat Clause: No Baton Passer may have a way to boost its stats
|clearpoke
|poke|p1|Scyther, M|item
|poke|p1|Alakazam, F|item
|poke|p1|Starmie|item
|poke|p1|Garchomp, F|item
|poke|p1|Kyurem-Black|item
|poke|p1|Gyarados, M|item
|poke|p2|Lucario, F|item
|poke|p2|Azelf|item
|poke|p2|Dragonite, M|item
|poke|p2|Garchomp, F|item
|poke|p2|Starmie|item
|poke|p2|Volcarona, F|item
|teampreview
|inactive|Battle timer is ON: inactive players will automatically lose when time's up. (requested by the alchemist 67)
|
|t:|1736430566
|start
|switch|p1a: Blade|Scyther, M|100/100
|switch|p2a: Azelf|Azelf|100/100
|turn|1
|inactive|the alchemist 67 has 120 seconds left.
|
|t:|1736430612
|move|p1a: Blade|U-turn|p2a: Azelf
|-supereffective|p2a: Azelf
|-enditem|p2a: Azelf|Focus Sash
|-damage|p2a: Azelf|1/100
|
|t:|1736430617
|switch|p1a: Painful|Garchomp, F|100/100|[from] U-turn
|move|p2a: Azelf|Stealth Rock|p1a: Painful
|-sidestart|p1: daddy_days|move: Stealth Rock
|
|upkeep
|turn|2
|
|t:|1736430624
|move|p2a: Azelf|Explosion|p1a: Painful
|-damage|p1a: Painful|51/100
|faint|p2a: Azelf
|move|p1a: Painful|Stealth Rock|p2: Azelf
|-sidestart|p2: the alchemist 67|move: Stealth Rock
|
|upkeep
|inactive|the alchemist 67 has 120 seconds left.
|
|t:|1736430630
|switch|p2a: Starmie|Starmie|100/100
|-damage|p2a: Starmie|88/100|[from] Stealth Rock
|-item|p2a: Starmie|Air Balloon
|turn|3
|inactive|the alchemist 67 has 120 seconds left.
|
|t:|1736430641
|switch|p1a: Starmie|Starmie|100/100
|-damage|p1a: Starmie|88/100|[from] Stealth Rock
|move|p2a: Starmie|Ice Beam|p1a: Starmie
|-resisted|p1a: Starmie
|-damage|p1a: Starmie|67/100
|
|-heal|p1a: Starmie|73/100|[from] item: Leftovers
|upkeep
|turn|4
|
|t:|1736430651
|move|p2a: Starmie|Rapid Spin|p1a: Starmie
|-damage|p1a: Starmie|70/100
|-sideend|p2: the alchemist 67|Stealth Rock|[from] move: Rapid Spin|[of] p2a: Starmie
|move|p1a: Starmie|Rapid Spin|p2a: Starmie
|-crit|p2a: Starmie
|-damage|p2a: Starmie|79/100
|-enditem|p2a: Starmie|Air Balloon
|-sideend|p1: daddy_days|Stealth Rock|[from] move: Rapid Spin|[of] p1a: Starmie
|
|-heal|p1a: Starmie|76/100|[from] item: Leftovers
|upkeep
|turn|5
|
|t:|1736430668
|move|p1a: Starmie|Thunderbolt|p2a: Starmie
|-supereffective|p2a: Starmie
|-damage|p2a: Starmie|17/100
|move|p2a: Starmie|Thunderbolt|p1a: Starmie
|-supereffective|p1a: Starmie
|-damage|p1a: Starmie|0 fnt
|faint|p1a: Starmie
|
|upkeep
|
|t:|1736430679
|switch|p1a: Blade|Scyther, M|100/100
|turn|6
|
|t:|1736430684
|switch|p2a: Dragonite|Dragonite, M|100/100
|move|p1a: Blade|U-turn|p2a: Dragonite
|-resisted|p2a: Dragonite
|-damage|p2a: Dragonite|92/100
|
|t:|1736430692
|switch|p1a: Gyarados|Gyarados, M|100/100|[from] U-turn
|-ability|p1a: Gyarados|Intimidate|boost
|-unboost|p2a: Dragonite|atk|1
|
|upkeep
|turn|7
|
|t:|1736430709
|switch|p2a: Garchomp|Garchomp, F|100/100
|move|p1a: Gyarados|Ice Fang|p2a: Garchomp
|-supereffective|p2a: Garchomp
|-damage|p2a: Garchomp|8/100
|-status|p2a: Garchomp|frz
|-damage|p1a: Gyarados|88/100|[from] ability: Rough Skin|[of] p2a: Garchomp
|
|upkeep
|turn|8
|
|t:|1736430720
|-curestatus|p2a: Garchomp|frz|[msg]
|move|p2a: Garchomp|Outrage|p1a: Gyarados
|-damage|p1a: Gyarados|4/100
|move|p1a: Gyarados|Dragon Dance|p1a: Gyarados
|-boost|p1a: Gyarados|atk|1
|-boost|p1a: Gyarados|spe|1
|
|upkeep
|turn|9
|
|t:|1736430731
|move|p1a: Gyarados|Waterfall|p2a: Garchomp
|-damage|p2a: Garchomp|0 fnt
|-damage|p1a: Gyarados|0 fnt|[from] ability: Rough Skin|[of] p2a: Garchomp
|faint|p1a: Gyarados
|faint|p2a: Garchomp
|
|upkeep
|
|t:|1736430743
|switch|p2a: Dragonite|Dragonite, M|92/100
|switch|p1a: Blade|Scyther, M|100/100
|turn|10
|
|t:|1736430748
|move|p1a: Blade|Aerial Ace|p2a: Dragonite
|-damage|p2a: Dragonite|38/100
|move|p2a: Dragonite|Dragon Dance|p2a: Dragonite
|-boost|p2a: Dragonite|atk|1
|-boost|p2a: Dragonite|spe|1
|
|upkeep
|turn|11
|
|t:|1736430759
|move|p1a: Blade|Aerial Ace|p2a: Dragonite
|-damage|p2a: Dragonite|0 fnt
|faint|p2a: Dragonite
|
|upkeep
|
|t:|1736430767
|switch|p2a: Lucario|Lucario, F|100/100
|turn|12
|
|t:|1736430772
|move|p1a: Blade|Aerial Ace|p2a: Lucario
|-damage|p2a: Lucario|21/100
|move|p2a: Lucario|Ice Punch|p1a: Blade
|-supereffective|p1a: Blade
|-damage|p1a: Blade|9/100
|-damage|p2a: Lucario|11/100|[from] item: Life Orb
|
|upkeep
|turn|13
|
|t:|1736430780
|switch|p1a: Painful|Garchomp, F|51/100
|move|p2a: Lucario|Extreme Speed|p1a: Painful
|-crit|p1a: Painful
|-damage|p1a: Painful|12/100
|-damage|p2a: Lucario|0 fnt|[from] ability: Rough Skin|[of] p1a: Painful
|faint|p2a: Lucario
|
|upkeep
|
|t:|1736430788
|switch|p2a: Starmie|Starmie|17/100
|turn|14
|
|t:|1736430795
|move|p2a: Starmie|Surf|p1a: Painful
|-damage|p1a: Painful|0 fnt
|faint|p1a: Painful
|
|upkeep
|
|t:|1736430800
|switch|p1a: Blade|Scyther, M|9/100
|turn|15
|
|t:|1736430804
|move|p1a: Blade|Aerial Ace|p2a: Starmie
|-damage|p2a: Starmie|0 fnt
|faint|p2a: Starmie
|
|upkeep
|
|t:|1736430805
|switch|p2a: Volcarona|Volcarona, F|100/100
|turn|16
|
|t:|1736430812
|move|p1a: Blade|Aerial Ace|p2a: Volcarona
|-supereffective|p2a: Volcarona
|-damage|p2a: Volcarona|0 fnt
|-status|p1a: Blade|brn|[from] ability: Flame Body|[of] p2a: Volcarona
|faint|p2a: Volcarona
|
|win|daddy_days
|raw|daddy_days's rating: 1315 &rarr; <strong>1336</strong><br />(+21 for winning)
|raw|the alchemist 67's rating: 1341 &rarr; <strong>1320</strong><br />(-21 for losing)
|c|☆the alchemist 67|gg
|c|☆daddy_days|gg
|l|☆the alchemist 67
|player|p2|
