|j|☆minutemaid13
|j|☆seanb143
|t:|1706681498
|gametype|singles
|player|p1|minutemaid13|170|1275
|player|p2|seanb143|emmet|1477
|teamsize|p1|6
|teamsize|p2|6
|gen|5
|tier|[Gen 5] OU
|rated|
|rule|Species Clause: Limit one of each Pokémon
|rule|OHKO Clause: OHKO moves are banned
|rule|Moody Clause: Moody is banned
|rule|Evasion Items Clause: Evasion items are banned
|rule|Evasion Moves Clause: Evasion moves are banned
|rule|Endless Battle Clause: Forcing endless battles is banned
|rule|HP Percentage Mod: HP is shown in percentages
|rule|Evasion Abilities Clause: Evasion abilities are banned
|rule|Sleep Moves Clause: Sleep-inducing moves are banned
|rule|Swagger Clause: Swagger is banned
|rule|Baton Pass Stat Clause: No Baton Passer may have a way to boost its stats
|clearpoke
|poke|p1|Breloom, F|item
|poke|p1|Thundurus-Therian, M|item
|poke|p1|Landorus-Therian, M|item
|poke|p1|Scizor, F|item
|poke|p1|Latios, M|item
|poke|p1|Cloyster, M|item
|poke|p2|Ninetales, F|item
|poke|p2|Dragonite, M|item
|poke|p2|Conkeldurr, M|item
|poke|p2|Scizor, M|item
|poke|p2|Starmie|item
|poke|p2|Landorus-Therian, M|item
|teampreview
|inactive|Battle timer is ON: inactive players will automatically lose when time's up. (requested by seanb143)
|inactive|minutemaid13 has 120 seconds left.
|inactive|minutemaid13 has 90 seconds left.
|
|t:|1706681580
|start
|switch|p1a: Cloyster|Cloyster, M|100/100
|switch|p2a: Landorus|Landorus-Therian, M, shiny|100/100
|-ability|p2a: Landorus|Intimidate|boost
|-unboost|p1a: Cloyster|atk|1
|turn|1
|
|t:|1706681593
|switch|p1a: Landorus|Landorus-Therian, M|100/100
|-ability|p1a: Landorus|Intimidate|boost
|-unboost|p2a: Landorus|atk|1
|move|p2a: Landorus|U-turn|p1a: Landorus
|-resisted|p1a: Landorus
|-damage|p1a: Landorus|89/100
|
|t:|1706681601
|switch|p2a: Starmie|Starmie, shiny|100/100|[from] U-turn
|
|upkeep
|turn|2
|
|t:|1706681619
|switch|p2a: Landorus|Landorus-Therian, M, shiny|100/100
|-ability|p2a: Landorus|Intimidate|boost
|-unboost|p1a: Landorus|atk|1
|switch|p1a: Latios|Latios, M|100/100
|
|upkeep
|turn|3
|
|t:|1706681627
|switch|p2a: Scizor|Scizor, M, shiny|100/100
|move|p1a: Latios|Surf|p2a: Scizor
|-damage|p2a: Scizor|49/100
|
|-heal|p2a: Scizor|55/100|[from] item: Leftovers
|upkeep
|turn|4
|
|t:|1706681638
|switch|p1a: Landorus|Landorus-Therian, M|89/100
|-ability|p1a: Landorus|Intimidate|boost
|-unboost|p2a: Scizor|atk|1
|switch|p2a: Ninetales|Ninetales, F, shiny|100/100
|-weather|SunnyDay|[from] ability: Drought|[of] p2a: Ninetales
|
|-weather|SunnyDay|[upkeep]
|upkeep
|turn|5
|
|t:|1706681648
|move|p2a: Ninetales|Hidden Power|p1a: Landorus
|-supereffective|p1a: Landorus
|-damage|p1a: Landorus|3/100
|move|p1a: Landorus|Earthquake|p2a: Ninetales
|-supereffective|p2a: Ninetales
|-damage|p2a: Ninetales|0 fnt
|faint|p2a: Ninetales
|
|-weather|SunnyDay|[upkeep]
|upkeep
|
|t:|1706681652
|switch|p2a: Landorus|Landorus-Therian, M, shiny|100/100
|-ability|p2a: Landorus|Intimidate|boost
|-unboost|p1a: Landorus|atk|1
|turn|6
|inactive|minutemaid13 has 120 seconds left.
|
|t:|1706681682
|move|p2a: Landorus|Stealth Rock|p1a: Landorus
|-sidestart|p1: minutemaid13|move: Stealth Rock
|move|p1a: Landorus|Toxic|p2a: Landorus
|-status|p2a: Landorus|tox
|
|-weather|SunnyDay|[upkeep]
|-damage|p2a: Landorus|95/100 tox|[from] psn
|upkeep
|turn|7
|
|t:|1706681693
|switch|p2a: Scizor|Scizor, M, shiny|55/100
|move|p1a: Landorus|Earthquake|p2a: Scizor
|-damage|p2a: Scizor|3/100
|
|-weather|SunnyDay|[upkeep]
|-heal|p2a: Scizor|9/100|[from] item: Leftovers
|upkeep
|turn|8
|
|t:|1706681704
|switch|p1a: Scizor|Scizor, F|100/100
|-damage|p1a: Scizor|88/100|[from] Stealth Rock
|move|p2a: Scizor|Bullet Punch|p1a: Scizor
|-resisted|p1a: Scizor
|-damage|p1a: Scizor|71/100
|
|-weather|SunnyDay|[upkeep]
|-heal|p2a: Scizor|15/100|[from] item: Leftovers
|upkeep
|turn|9
|
|t:|1706681712
|move|p1a: Scizor|Bullet Punch|p2a: Scizor
|-resisted|p2a: Scizor
|-damage|p2a: Scizor|0 fnt
|faint|p2a: Scizor
|
|-weather|SunnyDay|[upkeep]
|upkeep
|
|t:|1706681721
|switch|p2a: Starmie|Starmie, shiny|100/100
|turn|10
|
|t:|1706681725
|move|p2a: Starmie|Ice Beam|p1a: Scizor
|-resisted|p1a: Scizor
|-damage|p1a: Scizor|56/100
|move|p1a: Scizor|U-turn|p2a: Starmie
|-supereffective|p2a: Starmie
|-damage|p2a: Starmie|0 fnt
|faint|p2a: Starmie
|
|t:|1706681738
|switch|p1a: Latios|Latios, M|100/100|[from] U-turn
|-damage|p1a: Latios|88/100|[from] Stealth Rock
|
|-weather|SunnyDay|[upkeep]
|upkeep
|
|t:|1706681743
|switch|p2a: Dragonite|Dragonite, M, shiny|100/100
|turn|11
|
|t:|1706681748
|move|p1a: Latios|Draco Meteor|p2a: Dragonite
|-supereffective|p2a: Dragonite
|-damage|p2a: Dragonite|11/100
|-unboost|p1a: Latios|spa|2
|move|p2a: Dragonite|Outrage|p1a: Latios
|-supereffective|p1a: Latios
|-damage|p1a: Latios|0 fnt
|faint|p1a: Latios
|
|-weather|SunnyDay|[upkeep]
|upkeep
|
|t:|1706681761
|switch|p1a: Scizor|Scizor, F|56/100
|-damage|p1a: Scizor|44/100|[from] Stealth Rock
|turn|12
|
|t:|1706681764
|move|p1a: Scizor|Bullet Punch|p2a: Dragonite
|-damage|p2a: Dragonite|0 fnt
|faint|p2a: Dragonite
|
|-weather|SunnyDay|[upkeep]
|upkeep
|
|t:|1706681766
|switch|p2a: Conkeldurr|Conkeldurr, M, shiny|100/100
|turn|13
|
|t:|1706681771
|move|p1a: Scizor|Aerial Ace|p2a: Conkeldurr
|-supereffective|p2a: Conkeldurr
|-damage|p2a: Conkeldurr|32/100
|move|p2a: Conkeldurr|Bulk Up|p2a: Conkeldurr
|-boost|p2a: Conkeldurr|atk|1
|-boost|p2a: Conkeldurr|def|1
|
|-weather|SunnyDay|[upkeep]
|-heal|p2a: Conkeldurr|38/100|[from] item: Leftovers
|upkeep
|turn|14
|
|t:|1706681779
|move|p1a: Scizor|Bullet Punch|p2a: Conkeldurr
|-damage|p2a: Conkeldurr|19/100
|move|p2a: Conkeldurr|Drain Punch|p1a: Scizor
|-damage|p1a: Scizor|0 fnt
|-heal|p2a: Conkeldurr|37/100|[from] drain|[of] p1a: Scizor
|faint|p1a: Scizor
|
|-weather|SunnyDay|[upkeep]
|-heal|p2a: Conkeldurr|43/100|[from] item: Leftovers
|upkeep
|
|t:|1706681801
|switch|p1a: Breloom|Breloom, F|100/100
|-damage|p1a: Breloom|94/100|[from] Stealth Rock
|turn|15
|
|t:|1706681807
|move|p1a: Breloom|Superpower|p2a: Conkeldurr
|-damage|p2a: Conkeldurr|0 fnt
|-unboost|p1a: Breloom|atk|1
|-unboost|p1a: Breloom|def|1
|faint|p2a: Conkeldurr
|-damage|p1a: Breloom|84/100|[from] item: Life Orb
|
|-weather|SunnyDay|[upkeep]
|upkeep
|
|t:|1706681810
|switch|p2a: Landorus|Landorus-Therian, M, shiny|95/100 tox
|-ability|p2a: Landorus|Intimidate|boost
|-unboost|p1a: Breloom|atk|1
|turn|16
|
|t:|1706681817
|switch|p1a: Landorus|Landorus-Therian, M|3/100
|-damage|p1a: Landorus|0 fnt|[from] Stealth Rock
|faint|p1a: Landorus
|move|p2a: Landorus|Stone Edge|p1: Landorus|[notarget]
|-fail|p2a: Landorus
|
|-weather|SunnyDay|[upkeep]
|-damage|p2a: Landorus|89/100 tox|[from] psn
|upkeep
|
|t:|1706681825
|switch|p1a: Thundurus|Thundurus-Therian, M|100/100
|-damage|p1a: Thundurus|76/100|[from] Stealth Rock
|turn|17
|
|t:|1706681828
|move|p2a: Landorus|Stone Edge|p1a: Thundurus
|-supereffective|p1a: Thundurus
|-crit|p1a: Thundurus
|-damage|p1a: Thundurus|0 fnt
|faint|p1a: Thundurus
|
|-weather|SunnyDay|[upkeep]
|-damage|p2a: Landorus|77/100 tox|[from] psn
|upkeep
|
|t:|1706681842
|switch|p1a: Cloyster|Cloyster, M|100/100
|-damage|p1a: Cloyster|76/100|[from] Stealth Rock
|turn|18
|
|t:|1706681847
|move|p2a: Landorus|Stone Edge|p1a: Cloyster|[miss]
|-miss|p2a: Landorus|p1a: Cloyster
|move|p1a: Cloyster|Icicle Spear|p2a: Landorus
|-supereffective|p2a: Landorus
|-damage|p2a: Landorus|19/100 tox
|-supereffective|p2a: Landorus
|-damage|p2a: Landorus|0 fnt
|faint|p2a: Landorus
|-hitcount|p2: Landorus|2
|
|win|minutemaid13
|raw|minutemaid13's rating: 1275 &rarr; <strong>1313</strong><br />(+38 for winning)
|raw|seanb143's rating: 1477 &rarr; <strong>1447</strong><br />(-30 for losing)
|l|☆seanb143
|player|p2|
