|j|☆LeoShakur
|j|☆The Daisuke
|player|p1|LeoShakur|171
|player|p2|The Daisuke|152
|teamsize|p1|6
|teamsize|p2|6
|gametype|singles
|gen|5
|tier|[Gen 5] OU
|rated|
|rule|Sleep Clause Mod: Limit one foe put to sleep
|rule|Species Clause: Limit one of each Pokémon
|rule|OHKO Clause: OHKO moves are banned
|rule|Moody Clause: Moody is banned
|rule|Evasion Moves Clause: Evasion moves are banned
|rule|Endless Battle Clause: Forcing endless battles is banned
|rule|HP Percentage Mod: HP is shown in percentages
|rule|Evasion Abilities Clause: Evasion abilities are banned
|rule|Baton Pass Clause: Limit one Baton Passer, can't pass Spe and other stats simultaneously
|rule|Swagger Clause: Swagger is banned
|clearpoke
|poke|p1|Politoed, M|item
|poke|p1|Ferrothorn, M|item
|poke|p1|Tornadus, M|item
|poke|p1|Kyurem|item
|poke|p1|Excadrill, M|item
|poke|p1|Latios, M|item
|poke|p2|Landorus-Therian, M|item
|poke|p2|Alakazam, M|item
|poke|p2|Rotom-Wash|item
|poke|p2|Tyranitar, M|item
|poke|p2|Keldeo-Resolute|item
|poke|p2|Ferrothorn, F|item
|teampreview
|inactive|Battle timer is ON: inactive players will automatically lose when time's up. (requested by The Daisuke)
|
|start
|switch|p1a: Politoed|Politoed, M|100/100
|switch|p2a: Rotom|Rotom-Wash|100/100
|-weather|RainDance|[from] ability: Drizzle|[of] p1a: Politoed
|turn|1
|
|switch|p1a: Ferrothorn|Ferrothorn, M|100/100
|move|p2a: Rotom|Will-O-Wisp|p1a: Ferrothorn|[miss]
|-miss|p2a: Rotom|p1a: Ferrothorn
|
|-weather|RainDance|[upkeep]
|upkeep
|turn|2
|
|move|p2a: Rotom|Will-O-Wisp|p1a: Ferrothorn
|-status|p1a: Ferrothorn|brn
|move|p1a: Ferrothorn|Stealth Rock|p2a: Rotom
|-sidestart|p2: The Daisuke|move: Stealth Rock
|
|-weather|RainDance|[upkeep]
|-damage|p1a: Ferrothorn|88/100 brn|[from] brn
|upkeep
|turn|3
|
|move|p2a: Rotom|Volt Switch|p1a: Ferrothorn
|-resisted|p1a: Ferrothorn
|-damage|p1a: Ferrothorn|79/100 brn
|
|switch|p2a: Ferrothorn|Ferrothorn, F|100/100
|-damage|p2a: Ferrothorn|94/100|[from] Stealth Rock
|move|p1a: Ferrothorn|Spikes|p2a: Ferrothorn
|-sidestart|p2: The Daisuke|Spikes
|
|-weather|RainDance|[upkeep]
|-heal|p2a: Ferrothorn|100/100|[from] item: Leftovers
|-heal|p1a: Ferrothorn|85/100 brn|[from] item: Leftovers
|-damage|p1a: Ferrothorn|73/100 brn|[from] brn
|upkeep
|turn|4
|
|move|p2a: Ferrothorn|Spikes|p1a: Ferrothorn
|-sidestart|p1: LeoShakur|Spikes
|move|p1a: Ferrothorn|Knock Off|p2a: Ferrothorn
|-resisted|p2a: Ferrothorn
|-damage|p2a: Ferrothorn|99/100
|-damage|p1a: Ferrothorn|61/100 brn|[from] ability: Iron Barbs|[of] p2a: Ferrothorn
|-enditem|p2a: Ferrothorn|Leftovers|[from] move: Knock Off|[of] p1a: Ferrothorn
|
|-weather|RainDance|[upkeep]
|-heal|p1a: Ferrothorn|67/100 brn|[from] item: Leftovers
|-damage|p1a: Ferrothorn|54/100 brn|[from] brn
|upkeep
|turn|5
|
|move|p2a: Ferrothorn|Spikes|p1a: Ferrothorn
|-sidestart|p1: LeoShakur|Spikes
|move|p1a: Ferrothorn|Spikes|p2a: Ferrothorn
|-sidestart|p2: The Daisuke|Spikes
|
|-weather|RainDance|[upkeep]
|-heal|p1a: Ferrothorn|60/100 brn|[from] item: Leftovers
|-damage|p1a: Ferrothorn|48/100 brn|[from] brn
|upkeep
|turn|6
|
|move|p2a: Ferrothorn|Spikes|p1a: Ferrothorn
|-sidestart|p1: LeoShakur|Spikes
|move|p1a: Ferrothorn|Spikes|p2a: Ferrothorn
|-sidestart|p2: The Daisuke|Spikes
|
|-weather|RainDance|[upkeep]
|-heal|p1a: Ferrothorn|54/100 brn|[from] item: Leftovers
|-damage|p1a: Ferrothorn|42/100 brn|[from] brn
|upkeep
|turn|7
|
|switch|p1a: Tornadus|Tornadus, M|100/100
|move|p2a: Ferrothorn|Leech Seed|p1a: Tornadus
|-start|p1a: Tornadus|move: Leech Seed
|
|-weather|RainDance|[upkeep]
|-damage|p1a: Tornadus|88/100|[from] Leech Seed|[of] p2a: Ferrothorn
|-heal|p2a: Ferrothorn|100/100|[silent]
|upkeep
|turn|8
|
|move|p1a: Tornadus|Focus Blast|p2a: Ferrothorn
|-supereffective|p2a: Ferrothorn
|-damage|p2a: Ferrothorn|7/100
|-unboost|p2a: Ferrothorn|spd|1
|move|p2a: Ferrothorn|Gyro Ball|p1a: Tornadus
|-damage|p1a: Tornadus|13/100
|
|-weather|RainDance|[upkeep]
|-damage|p1a: Tornadus|0 fnt|[from] Leech Seed|[of] p2a: Ferrothorn
|-heal|p2a: Ferrothorn|17/100|[silent]
|upkeep
|faint|p1a: Tornadus
|
|switch|p1a: Excadrill|Excadrill, M|100/100
|-item|p1a: Excadrill|Air Balloon
|turn|9
|
|move|p1a: Excadrill|Rapid Spin|p2a: Ferrothorn
|-resisted|p2a: Ferrothorn
|-damage|p2a: Ferrothorn|14/100
|-damage|p1a: Excadrill|88/100|[from] ability: Iron Barbs|[of] p2a: Ferrothorn
|-sideend|p1: LeoShakur|Spikes|[from] move: Rapid Spin|[of] p1a: Excadrill
|move|p2a: Ferrothorn|Gyro Ball|p1a: Excadrill
|-resisted|p1a: Excadrill
|-damage|p1a: Excadrill|53/100
|-enditem|p1a: Excadrill|Air Balloon
|
|-weather|RainDance|[upkeep]
|upkeep
|turn|10
|
|move|p1a: Excadrill|Earthquake|p2a: Ferrothorn
|-damage|p2a: Ferrothorn|0 fnt
|faint|p2a: Ferrothorn
|
|-weather|RainDance|[upkeep]
|upkeep
|
|switch|p2a: Alakazam|Alakazam, M|100/100
|turn|11
|
|switch|p1a: Ferrothorn|Ferrothorn, M|42/100 brn
|move|p2a: Alakazam|Focus Blast|p1a: Ferrothorn|[miss]
|-miss|p2a: Alakazam|p1a: Ferrothorn
|
|-weather|RainDance|[upkeep]
|-heal|p1a: Ferrothorn|48/100 brn|[from] item: Leftovers
|-damage|p1a: Ferrothorn|36/100 brn|[from] brn
|upkeep
|turn|12
|
|move|p2a: Alakazam|Focus Blast|p1a: Ferrothorn|[miss]
|-miss|p2a: Alakazam|p1a: Ferrothorn
|move|p1a: Ferrothorn|Gyro Ball|p2a: Alakazam
|-damage|p2a: Alakazam|43/100
|
|-weather|RainDance|[upkeep]
|-heal|p1a: Ferrothorn|42/100 brn|[from] item: Leftovers
|-damage|p1a: Ferrothorn|29/100 brn|[from] brn
|upkeep
|turn|13
|
|move|p2a: Alakazam|Focus Blast|p1a: Ferrothorn
|-supereffective|p1a: Ferrothorn
|-damage|p1a: Ferrothorn|0 fnt
|faint|p1a: Ferrothorn
|
|-weather|RainDance|[upkeep]
|upkeep
|
|switch|p1a: Latios|Latios, M|100/100
|turn|14
|inactive|LeoShakur has 120 seconds left.
|
|move|p1a: Latios|Surf|p2a: Alakazam
|-damage|p2a: Alakazam|0 fnt
|faint|p2a: Alakazam
|
|-weather|RainDance|[upkeep]
|upkeep
|
|switch|p2a: Tyranitar|Tyranitar, M|100/100
|-damage|p2a: Tyranitar|75/100|[from] Spikes
|-damage|p2a: Tyranitar|63/100|[from] Stealth Rock
|-weather|Sandstorm|[from] ability: Sand Stream|[of] p2a: Tyranitar
|turn|15
|
|switch|p1a: Politoed|Politoed, M|100/100
|-weather|RainDance|[from] ability: Drizzle|[of] p1a: Politoed
|move|p2a: Tyranitar|Crunch|p1a: Politoed
|-damage|p1a: Politoed|70/100
|
|-weather|RainDance|[upkeep]
|-heal|p1a: Politoed|76/100|[from] item: Leftovers
|-heal|p2a: Tyranitar|69/100|[from] item: Leftovers
|upkeep
|turn|16
|
|switch|p2a: Rotom|Rotom-Wash|100/100
|-damage|p2a: Rotom|88/100|[from] Stealth Rock
|move|p1a: Politoed|Toxic|p2a: Rotom
|-status|p2a: Rotom|tox
|
|-weather|RainDance|[upkeep]
|-heal|p2a: Rotom|94/100 tox|[from] item: Leftovers
|-heal|p1a: Politoed|82/100|[from] item: Leftovers
|-damage|p2a: Rotom|88/100 tox|[from] psn
|upkeep
|turn|17
|
|move|p1a: Politoed|Protect|p1a: Politoed
|-singleturn|p1a: Politoed|Protect
|move|p2a: Rotom|Volt Switch|p1a: Politoed
|-activate|p1a: Politoed|move: Protect
|
|-weather|RainDance|[upkeep]
|-heal|p2a: Rotom|94/100 tox|[from] item: Leftovers
|-heal|p1a: Politoed|88/100|[from] item: Leftovers
|-damage|p2a: Rotom|82/100 tox|[from] psn
|upkeep
|turn|18
|
|move|p2a: Rotom|Will-O-Wisp|p1a: Politoed
|-status|p1a: Politoed|brn
|move|p1a: Politoed|Scald|p2a: Rotom
|-resisted|p2a: Rotom
|-damage|p2a: Rotom|60/100 tox
|
|-weather|RainDance|[upkeep]
|-heal|p2a: Rotom|66/100 tox|[from] item: Leftovers
|-heal|p1a: Politoed|94/100 brn|[from] item: Leftovers
|-damage|p2a: Rotom|47/100 tox|[from] psn
|-damage|p1a: Politoed|82/100 brn|[from] brn
|upkeep
|turn|19
|
|switch|p2a: Tyranitar|Tyranitar, M|69/100
|-damage|p2a: Tyranitar|44/100|[from] Spikes
|-damage|p2a: Tyranitar|32/100|[from] Stealth Rock
|-weather|Sandstorm|[from] ability: Sand Stream|[of] p2a: Tyranitar
|move|p1a: Politoed|Protect|p1a: Politoed
|-fail|p1a: Politoed
|
|-weather|Sandstorm|[upkeep]
|-damage|p1a: Politoed|76/100 brn|[from] Sandstorm
|-heal|p1a: Politoed|82/100 brn|[from] item: Leftovers
|-heal|p2a: Tyranitar|38/100|[from] item: Leftovers
|-damage|p1a: Politoed|69/100 brn|[from] brn
|upkeep
|turn|20
|
|switch|p1a: Excadrill|Excadrill, M|53/100
|move|p2a: Tyranitar|Stealth Rock|p1a: Excadrill
|-sidestart|p1: LeoShakur|move: Stealth Rock
|
|-weather|Sandstorm|[upkeep]
|-heal|p2a: Tyranitar|44/100|[from] item: Leftovers
|upkeep
|turn|21
|
|move|p1a: Excadrill|Iron Head|p2a: Tyranitar
|-supereffective|p2a: Tyranitar
|-damage|p2a: Tyranitar|0 fnt
|faint|p2a: Tyranitar
|
|-weather|Sandstorm|[upkeep]
|upkeep
|
|switch|p2a: Landorus|Landorus-Therian, M|100/100
|-damage|p2a: Landorus|88/100|[from] Stealth Rock
|-ability|p2a: Landorus|Intimidate|boost
|-unboost|p1a: Excadrill|atk|1
|turn|22
|
|move|p1a: Excadrill|Iron Head|p2a: Landorus
|-damage|p2a: Landorus|55/100
|cant|p2a: Landorus|flinch
|
|-weather|Sandstorm|[upkeep]
|upkeep
|turn|23
|
|move|p1a: Excadrill|Iron Head|p2a: Landorus
|-damage|p2a: Landorus|19/100
|move|p2a: Landorus|Earthquake|p1a: Excadrill
|-supereffective|p1a: Excadrill
|-crit|p1a: Excadrill
|-damage|p1a: Excadrill|0 fnt
|faint|p1a: Excadrill
|
|-weather|Sandstorm|[upkeep]
|upkeep
|
|switch|p1a: Kyurem|Kyurem|100/100
|-damage|p1a: Kyurem|76/100|[from] Stealth Rock
|-ability|p1a: Kyurem|Pressure
|turn|24
|
|move|p2a: Landorus|Earthquake|p1a: Kyurem
|-damage|p1a: Kyurem|23/100
|move|p1a: Kyurem|Ice Beam|p2a: Landorus
|-supereffective|p2a: Landorus
|-damage|p2a: Landorus|0 fnt
|faint|p2a: Landorus
|
|-weather|Sandstorm|[upkeep]
|-damage|p1a: Kyurem|17/100|[from] Sandstorm
|upkeep
|
|switch|p2a: Keldeo|Keldeo-Resolute|100/100
|-damage|p2a: Keldeo|76/100|[from] Spikes
|-damage|p2a: Keldeo|70/100|[from] Stealth Rock
|turn|25
|
|move|p2a: Keldeo|Secret Sword|p1a: Kyurem
|-supereffective|p1a: Kyurem
|-damage|p1a: Kyurem|0 fnt
|faint|p1a: Kyurem
|
|-weather|Sandstorm|[upkeep]
|-damage|p2a: Keldeo|63/100|[from] Sandstorm
|upkeep
|
|switch|p1a: Latios|Latios, M|100/100
|-damage|p1a: Latios|88/100|[from] Stealth Rock
|turn|26
|
|switch|p2a: Rotom|Rotom-Wash|47/100 tox
|-damage|p2a: Rotom|35/100 tox|[from] Stealth Rock
|move|p1a: Latios|Psyshock|p2a: Rotom
|-damage|p2a: Rotom|3/100 tox
|
|-weather|Sandstorm|[upkeep]
|-damage|p1a: Latios|82/100|[from] Sandstorm
|-damage|p2a: Rotom|0 fnt|[from] Sandstorm
|upkeep
|faint|p2a: Rotom
|
|switch|p2a: Keldeo|Keldeo-Resolute|63/100
|-damage|p2a: Keldeo|39/100|[from] Spikes
|-damage|p2a: Keldeo|32/100|[from] Stealth Rock
|turn|27
|
|move|p1a: Latios|Psyshock|p2a: Keldeo
|-supereffective|p2a: Keldeo
|-damage|p2a: Keldeo|0 fnt
|faint|p2a: Keldeo
|
|win|LeoShakur
|raw|LeoShakur's rating: 1379 &rarr; <strong>1403</strong><br />(+24 for winning)
|raw|The Daisuke's rating: 1443 &rarr; <strong>1419</strong><br />(-24 for losing)
|l|☆The Daisuke
