|j|☆Shinrai12
|j|☆the great gazump
|t:|1706745390
|gametype|singles
|player|p1|Shinrai12|wallace|1401
|player|p2|the great gazump|102|1568
|teamsize|p1|6
|teamsize|p2|6
|gen|5
|tier|[Gen 5] OU
|rated|
|rule|Species Clause: Limit one of each Pokémon
|rule|OHKO Clause: OHKO moves are banned
|rule|Moody Clause: Moody is banned
|rule|Evasion Items Clause: Evasion items are banned
|rule|Evasion Moves Clause: Evasion moves are banned
|rule|Endless Battle Clause: Forcing endless battles is banned
|rule|HP Percentage Mod: HP is shown in percentages
|rule|Evasion Abilities Clause: Evasion abilities are banned
|rule|Sleep Moves Clause: Sleep-inducing moves are banned
|rule|Swagger Clause: Swagger is banned
|rule|Baton Pass Stat Clause: No Baton Passer may have a way to boost its stats
|clearpoke
|poke|p1|Magnezone|item
|poke|p1|Jirachi|item
|poke|p1|Kyurem-Black|item
|poke|p1|Latios, M|item
|poke|p1|Salamence, M|item
|poke|p1|Garchomp, F|item
|poke|p2|Abomasnow, F|item
|poke|p2|Gliscor, F|item
|poke|p2|Forretress, F|item
|poke|p2|Blissey, F|item
|poke|p2|Latios, M|item
|poke|p2|Reuniclus, M|item
|teampreview
|c|☆Shinrai12|glhf
|inactive|Battle timer is ON: inactive players will automatically lose when time's up. (requested by the great gazump)
|
|t:|1706745397
|start
|switch|p1a: Jirachi|Jirachi|100/100
|switch|p2a: Abomasnow|Abomasnow, F|100/100
|-weather|Hail|[from] ability: Snow Warning|[of] p2a: Abomasnow
|turn|1
|
|t:|1706745400
|move|p1a: Jirachi|Stealth Rock|p2a: Abomasnow
|-sidestart|p2: the great gazump|move: Stealth Rock
|move|p2a: Abomasnow|Leech Seed|p1a: Jirachi
|-start|p1a: Jirachi|move: Leech Seed
|
|-weather|Hail|[upkeep]
|-damage|p1a: Jirachi|94/100|[from] Hail
|-heal|p1a: Jirachi|100/100|[from] item: Leftovers
|-damage|p1a: Jirachi|88/100|[from] Leech Seed|[of] p2a: Abomasnow
|upkeep
|turn|2
|
|t:|1706745403
|move|p2a: Abomasnow|Protect|p2a: Abomasnow
|-singleturn|p2a: Abomasnow|Protect
|move|p1a: Jirachi|U-turn|p2a: Abomasnow
|-activate|p2a: Abomasnow|move: Protect
|
|-weather|Hail|[upkeep]
|-damage|p1a: Jirachi|82/100|[from] Hail
|-heal|p1a: Jirachi|88/100|[from] item: Leftovers
|-damage|p1a: Jirachi|76/100|[from] Leech Seed|[of] p2a: Abomasnow
|upkeep
|turn|3
|
|t:|1706745407
|move|p1a: Jirachi|U-turn|p2a: Abomasnow
|-supereffective|p2a: Abomasnow
|-damage|p2a: Abomasnow|62/100
|
|t:|1706745408
|switch|p1a: Magnezone|Magnezone|100/100|[from] U-turn
|-item|p1a: Magnezone|Air Balloon
|move|p2a: Abomasnow|Leech Seed|p1a: Magnezone|[miss]
|-miss|p2a: Abomasnow|p1a: Magnezone
|
|-weather|Hail|[upkeep]
|-damage|p1a: Magnezone|94/100|[from] Hail
|-heal|p2a: Abomasnow|69/100|[from] item: Leftovers
|upkeep
|turn|4
|
|t:|1706745414
|switch|p2a: Gliscor|Gliscor, F|100/100
|-damage|p2a: Gliscor|88/100|[from] Stealth Rock
|move|p1a: Magnezone|Hidden Power|p2a: Gliscor
|-damage|p2a: Gliscor|64/100
|
|-weather|Hail|[upkeep]
|-damage|p2a: Gliscor|58/100|[from] Hail
|-damage|p1a: Magnezone|88/100|[from] Hail
|-status|p2a: Gliscor|tox|[from] item: Toxic Orb
|upkeep
|turn|5
|
|t:|1706745418
|move|p2a: Gliscor|Stealth Rock|p1a: Magnezone
|-sidestart|p1: Shinrai12|move: Stealth Rock
|move|p1a: Magnezone|Sunny Day|p1a: Magnezone
|-weather|SunnyDay
|
|-weather|SunnyDay|[upkeep]
|-heal|p2a: Gliscor|70/100 tox|[from] ability: Poison Heal
|upkeep
|turn|6
|
|t:|1706745425
|switch|p1a: Kyurem|Kyurem-Black|100/100
|-damage|p1a: Kyurem|76/100|[from] Stealth Rock
|-ability|p1a: Kyurem|Teravolt
|move|p2a: Gliscor|Ice Fang|p1a: Kyurem
|-damage|p1a: Kyurem|65/100
|
|-weather|SunnyDay|[upkeep]
|-heal|p2a: Gliscor|82/100 tox|[from] ability: Poison Heal
|upkeep
|turn|7
|
|t:|1706745435
|move|p2a: Gliscor|Protect|p2a: Gliscor
|-singleturn|p2a: Gliscor|Protect
|move|p1a: Kyurem|Outrage|p2a: Gliscor
|-activate|p2a: Gliscor|move: Protect
|
|-weather|SunnyDay|[upkeep]
|-heal|p2a: Gliscor|95/100 tox|[from] ability: Poison Heal
|upkeep
|turn|8
|
|t:|1706745438
|switch|p2a: Forretress|Forretress, F|100/100
|-damage|p2a: Forretress|88/100|[from] Stealth Rock
|move|p1a: Kyurem|Outrage|p2a: Forretress
|-resisted|p2a: Forretress
|-damage|p2a: Forretress|56/100
|
|-weather|SunnyDay|[upkeep]
|-heal|p2a: Forretress|62/100|[from] item: Leftovers
|upkeep
|turn|9
|
|t:|1706745447
|move|p1a: Kyurem|Outrage|p2a: Forretress|[from]lockedmove
|-resisted|p2a: Forretress
|-damage|p2a: Forretress|26/100
|move|p2a: Forretress|Gyro Ball|p1a: Kyurem
|-supereffective|p1a: Kyurem
|-damage|p1a: Kyurem|20/100
|
|-weather|none
|-heal|p2a: Forretress|32/100|[from] item: Leftovers
|upkeep
|turn|10
|
|t:|1706745454
|move|p1a: Kyurem|Outrage|p2a: Forretress|[from]lockedmove
|-resisted|p2a: Forretress
|-damage|p2a: Forretress|0 fnt
|faint|p2a: Forretress
|-start|p1a: Kyurem|confusion|[fatigue]
|
|upkeep
|inactive|the great gazump has 120 seconds left.
|
|t:|1706745487
|switch|p2a: Latios|Latios, M|100/100
|-damage|p2a: Latios|88/100|[from] Stealth Rock
|turn|11
|
|t:|1706745493
|switch|p1a: Jirachi|Jirachi|76/100
|-damage|p1a: Jirachi|69/100|[from] Stealth Rock
|move|p2a: Latios|Draco Meteor|p1a: Jirachi
|-resisted|p1a: Jirachi
|-damage|p1a: Jirachi|45/100
|-unboost|p2a: Latios|spa|2
|
|-heal|p1a: Jirachi|51/100|[from] item: Leftovers
|upkeep
|turn|12
|
|t:|1706745497
|move|p2a: Latios|Thunder Wave|p1a: Jirachi
|-status|p1a: Jirachi|par
|move|p1a: Jirachi|U-turn|p2a: Latios
|-supereffective|p2a: Latios
|-damage|p2a: Latios|45/100
|
|t:|1706745505
|switch|p1a: Latios|Latios, M|100/100|[from] U-turn
|-damage|p1a: Latios|88/100|[from] Stealth Rock
|
|upkeep
|turn|13
|
|t:|1706745510
|switch|p2a: Blissey|Blissey, F|100/100
|-damage|p2a: Blissey|88/100|[from] Stealth Rock
|move|p1a: Latios|Dragon Pulse|p2a: Blissey
|-damage|p2a: Blissey|70/100
|
|-heal|p2a: Blissey|76/100|[from] item: Leftovers
|upkeep
|turn|14
|
|t:|1706745521
|switch|p1a: Jirachi|Jirachi|51/100 par
|-damage|p1a: Jirachi|45/100 par|[from] Stealth Rock
|move|p2a: Blissey|Ice Beam|p1a: Jirachi
|-resisted|p1a: Jirachi
|-damage|p1a: Jirachi|39/100 par
|
|-heal|p2a: Blissey|82/100|[from] item: Leftovers
|-heal|p1a: Jirachi|45/100 par|[from] item: Leftovers
|upkeep
|turn|15
|
|t:|1706745527
|move|p2a: Blissey|Seismic Toss|p1a: Jirachi
|-damage|p1a: Jirachi|21/100 par
|move|p1a: Jirachi|U-turn|p2a: Blissey
|-damage|p2a: Blissey|68/100
|j| el janitor
|
|t:|1706745550
|switch|p1a: Salamence|Salamence, M|100/100|[from] U-turn
|-damage|p1a: Salamence|76/100|[from] Stealth Rock
|
|-heal|p2a: Blissey|75/100|[from] item: Leftovers
|upkeep
|turn|16
|
|t:|1706745555
|move|p1a: Salamence|Outrage|p2a: Blissey
|-damage|p2a: Blissey|24/100
|move|p2a: Blissey|Ice Beam|p1a: Salamence
|-supereffective|p1a: Salamence
|-damage|p1a: Salamence|0 fnt
|faint|p1a: Salamence
|
|-heal|p2a: Blissey|30/100|[from] item: Leftovers
|upkeep
|
|t:|1706745560
|switch|p1a: Garchomp|Garchomp, F|100/100
|-damage|p1a: Garchomp|94/100|[from] Stealth Rock
|turn|17
|
|t:|1706745570
|switch|p2a: Gliscor|Gliscor, F|95/100 tox
|-damage|p2a: Gliscor|82/100 tox|[from] Stealth Rock
|move|p1a: Garchomp|Earthquake|p2a: Gliscor
|-immune|p2a: Gliscor
|
|-heal|p2a: Gliscor|95/100 tox|[from] ability: Poison Heal
|upkeep
|turn|18
|
|t:|1706745580
|switch|p1a: Kyurem|Kyurem-Black|20/100
|-damage|p1a: Kyurem|0 fnt|[from] Stealth Rock
|faint|p1a: Kyurem
|move|p2a: Gliscor|Ice Fang|p1: Kyurem|[notarget]
|-fail|p2a: Gliscor
|
|-heal|p2a: Gliscor|100/100 tox|[from] ability: Poison Heal
|upkeep
|
|t:|1706745588
|switch|p1a: Latios|Latios, M|88/100
|-damage|p1a: Latios|76/100|[from] Stealth Rock
|turn|19
|
|t:|1706745597
|move|p2a: Gliscor|Protect|p2a: Gliscor
|-singleturn|p2a: Gliscor|Protect
|move|p1a: Latios|Dragon Pulse|p2a: Gliscor
|-activate|p2a: Gliscor|move: Protect
|
|upkeep
|turn|20
|
|t:|1706745618
|move|p1a: Latios|Dragon Pulse|p2a: Gliscor
|-damage|p2a: Gliscor|62/100 tox
|move|p2a: Gliscor|Ice Fang|p1a: Latios
|-supereffective|p1a: Latios
|-damage|p1a: Latios|34/100
|
|-heal|p2a: Gliscor|74/100 tox|[from] ability: Poison Heal
|upkeep
|turn|21
|
|t:|1706745629
|switch|p1a: Magnezone|Magnezone|88/100
|-damage|p1a: Magnezone|82/100|[from] Stealth Rock
|-item|p1a: Magnezone|Air Balloon
|move|p2a: Gliscor|Protect||[still]
|-fail|p2a: Gliscor
|
|-heal|p2a: Gliscor|86/100 tox|[from] ability: Poison Heal
|upkeep
|turn|22
|
|t:|1706745634
|move|p2a: Gliscor|Ice Fang|p1a: Magnezone
|-resisted|p1a: Magnezone
|-damage|p1a: Magnezone|75/100
|-enditem|p1a: Magnezone|Air Balloon
|move|p1a: Magnezone|Magnet Rise|p1a: Magnezone
|-start|p1a: Magnezone|Magnet Rise
|
|-heal|p2a: Gliscor|99/100 tox|[from] ability: Poison Heal
|upkeep
|turn|23
|
|t:|1706745640
|move|p2a: Gliscor|Protect|p2a: Gliscor
|-singleturn|p2a: Gliscor|Protect
|move|p1a: Magnezone|Sunny Day|p1a: Magnezone
|-weather|SunnyDay
|
|-weather|SunnyDay|[upkeep]
|-heal|p2a: Gliscor|100/100 tox|[from] ability: Poison Heal
|upkeep
|turn|24
|
|t:|1706745643
|move|p2a: Gliscor|Ice Fang|p1a: Magnezone
|-resisted|p1a: Magnezone
|-damage|p1a: Magnezone|67/100
|move|p1a: Magnezone|Hidden Power|p2a: Gliscor
|-damage|p2a: Gliscor|62/100 tox
|
|-weather|SunnyDay|[upkeep]
|-heal|p2a: Gliscor|74/100 tox|[from] ability: Poison Heal
|upkeep
|turn|25
|
|t:|1706745647
|move|p2a: Gliscor|Protect|p2a: Gliscor
|-singleturn|p2a: Gliscor|Protect
|move|p1a: Magnezone|Hidden Power|p2a: Gliscor
|-activate|p2a: Gliscor|move: Protect
|
|-weather|SunnyDay|[upkeep]
|-heal|p2a: Gliscor|87/100 tox|[from] ability: Poison Heal
|upkeep
|turn|26
|
|t:|1706745650
|move|p2a: Gliscor|Ice Fang|p1a: Magnezone
|-resisted|p1a: Magnezone
|-damage|p1a: Magnezone|60/100
|move|p1a: Magnezone|Hidden Power|p2a: Gliscor
|-damage|p2a: Gliscor|52/100 tox
|
|-weather|SunnyDay|[upkeep]
|-heal|p2a: Gliscor|65/100 tox|[from] ability: Poison Heal
|-end|p1a: Magnezone|Magnet Rise
|upkeep
|turn|27
|
|t:|1706745662
|switch|p1a: Jirachi|Jirachi|21/100 par
|-damage|p1a: Jirachi|14/100 par|[from] Stealth Rock
|move|p2a: Gliscor|Earthquake|p1a: Jirachi
|-supereffective|p1a: Jirachi
|-damage|p1a: Jirachi|0 fnt
|faint|p1a: Jirachi
|
|-weather|none
|-heal|p2a: Gliscor|77/100 tox|[from] ability: Poison Heal
|upkeep
|
|t:|1706745664
|switch|p1a: Latios|Latios, M|34/100
|-damage|p1a: Latios|22/100|[from] Stealth Rock
|turn|28
|
|t:|1706745666
|move|p2a: Gliscor|Protect|p2a: Gliscor
|-singleturn|p2a: Gliscor|Protect
|move|p1a: Latios|Draco Meteor|p2a: Gliscor
|-activate|p2a: Gliscor|move: Protect
|
|-heal|p2a: Gliscor|89/100 tox|[from] ability: Poison Heal
|upkeep
|turn|29
|inactive|the great gazump has 120 seconds left.
|
|t:|1706745714
|switch|p2a: Blissey|Blissey, F|30/100
|-damage|p2a: Blissey|17/100|[from] Stealth Rock
|move|p1a: Latios|Draco Meteor|p2a: Blissey
|-damage|p2a: Blissey|0 fnt
|-unboost|p1a: Latios|spa|2
|faint|p2a: Blissey
|
|upkeep
|
|t:|1706745715
|switch|p2a: Reuniclus|Reuniclus, M|100/100
|turn|30
|
|t:|1706745719
|switch|p1a: Magnezone|Magnezone|60/100
|-damage|p1a: Magnezone|54/100|[from] Stealth Rock
|move|p2a: Reuniclus|Calm Mind|p2a: Reuniclus
|-boost|p2a: Reuniclus|spa|1
|-boost|p2a: Reuniclus|spd|1
|
|upkeep
|turn|31
|
|t:|1706745725
|move|p1a: Magnezone|Thunderbolt|p2a: Reuniclus
|-damage|p2a: Reuniclus|66/100
|move|p2a: Reuniclus|Focus Blast|p1a: Magnezone
|-supereffective|p1a: Magnezone
|-damage|p1a: Magnezone|0 fnt
|faint|p1a: Magnezone
|
|-heal|p2a: Reuniclus|72/100|[from] item: Leftovers
|upkeep
|
|t:|1706745727
|switch|p1a: Latios|Latios, M|22/100
|-damage|p1a: Latios|9/100|[from] Stealth Rock
|turn|32
|
|t:|1706745729
|move|p1a: Latios|Trick|p2a: Reuniclus
|-activate|p1a: Latios|move: Trick|[of] p2a: Reuniclus
|-item|p2a: Reuniclus|Choice Scarf|[from] move: Trick
|-item|p1a: Latios|Leftovers|[from] move: Trick
|move|p2a: Reuniclus|Psyshock|p1a: Latios
|-resisted|p1a: Latios
|-damage|p1a: Latios|0 fnt
|faint|p1a: Latios
|
|upkeep
|
|t:|1706745732
|switch|p1a: Garchomp|Garchomp, F|94/100
|-damage|p1a: Garchomp|88/100|[from] Stealth Rock
|turn|33
|
|t:|1706745733
|move|p1a: Garchomp|Swords Dance|p1a: Garchomp
|-boost|p1a: Garchomp|atk|2
|move|p2a: Reuniclus|Psyshock|p1a: Garchomp
|-damage|p1a: Garchomp|38/100
|
|upkeep
|turn|34
|
|t:|1706745746
|move|p1a: Garchomp|Substitute|p1a: Garchomp
|-start|p1a: Garchomp|Substitute
|-damage|p1a: Garchomp|13/100
|-enditem|p1a: Garchomp|Salac Berry|[eat]
|-boost|p1a: Garchomp|spe|1|[from] item: Salac Berry
|move|p2a: Reuniclus|Psyshock|p1a: Garchomp
|-end|p1a: Garchomp|Substitute
|
|upkeep
|turn|35
|
|t:|1706745748
|move|p1a: Garchomp|Outrage|p2a: Reuniclus
|-damage|p2a: Reuniclus|0 fnt
|faint|p2a: Reuniclus
|
|upkeep
|
|t:|1706745749
|switch|p2a: Abomasnow|Abomasnow, F|69/100
|-damage|p2a: Abomasnow|44/100|[from] Stealth Rock
|-weather|Hail|[from] ability: Snow Warning|[of] p2a: Abomasnow
|turn|36
|
|t:|1706745751
|move|p2a: Abomasnow|Ice Shard|p1a: Garchomp
|-supereffective|p1a: Garchomp
|-damage|p1a: Garchomp|0 fnt
|faint|p1a: Garchomp
|
|win|the great gazump
|raw|Shinrai12's rating: 1401 &rarr; <strong>1390</strong><br />(-11 for losing)
|raw|the great gazump's rating: 1568 &rarr; <strong>1579</strong><br />(+11 for winning)
|c|☆Shinrai12|gg
|l|☆Shinrai12
|player|p1|
|c|☆the great gazump|gg
