|j|☆happy_hitbox
|j|☆Blaise BWOU
|t:|1730480524
|gametype|singles
|player|p1|happy_hitbox|266|1434
|player|p2|Blaise BWOU|101|1418
|teamsize|p1|6
|teamsize|p2|6
|gen|5
|tier|[Gen 5] OU
|rated|
|rule|Species Clause: Limit one of each Pokémon
|rule|OHKO Clause: OHKO moves are banned
|rule|Moody Clause: Moody is banned
|rule|Evasion Items Clause: Evasion items are banned
|rule|Evasion Moves Clause: Evasion moves are banned
|rule|Endless Battle Clause: Forcing endless battles is banned
|rule|HP Percentage Mod: HP is shown in percentages
|rule|Evasion Abilities Clause: Evasion abilities are banned
|rule|Sleep Moves Clause: Sleep-inducing moves are banned
|rule|Swagger Clause: Swagger is banned
|rule|Baton Pass Stat Clause: No Baton Passer may have a way to boost its stats
|clearpoke
|poke|p1|Jirachi|item
|poke|p1|Seismitoad, M|item
|poke|p1|Politoed, M|item
|poke|p1|Forretress, F|item
|poke|p1|Breloom, M|item
|poke|p1|Volcarona, M|item
|poke|p2|Dragonite, F|item
|poke|p2|Breloom, F|item
|poke|p2|Latios, M|item
|poke|p2|Volcarona, F|item
|poke|p2|Scizor, M|item
|poke|p2|Keldeo|item
|teampreview
|inactive|Battle timer is ON: inactive players will automatically lose when time's up. (requested by happy_hitbox)
|
|t:|1730480547
|start
|switch|p1a: Volcarona|Volcarona, M|100/100
|switch|p2a: Volcarona|Volcarona, F|100/100
|turn|1
|c|☆happy_hitbox|Same braincell
|
|t:|1730480570
|move|p2a: Volcarona|Quiver Dance|p2a: Volcarona
|-boost|p2a: Volcarona|spa|1
|-boost|p2a: Volcarona|spd|1
|-boost|p2a: Volcarona|spe|1
|move|p1a: Volcarona|Hurricane|p2a: Volcarona
|-supereffective|p2a: Volcarona
|-damage|p2a: Volcarona|36/100
|
|upkeep
|turn|2
|
|t:|1730480586
|move|p2a: Volcarona|Fiery Dance|p1a: Volcarona
|-damage|p1a: Volcarona|33/100
|-boost|p2a: Volcarona|spa|1
|move|p1a: Volcarona|Quiver Dance|p1a: Volcarona
|-boost|p1a: Volcarona|spa|1
|-boost|p1a: Volcarona|spd|1
|-boost|p1a: Volcarona|spe|1
|
|upkeep
|turn|3
|
|t:|1730480596
|move|p2a: Volcarona|Fiery Dance|p1a: Volcarona
|-damage|p1a: Volcarona|0 fnt
|faint|p1a: Volcarona
|
|upkeep
|
|t:|1730480600
|switch|p1a: Politoed|Politoed, M|100/100
|-weather|RainDance|[from] ability: Drizzle|[of] p1a: Politoed
|turn|4
|
|t:|1730480605
|move|p2a: Volcarona|Giga Drain|p1a: Politoed
|-supereffective|p1a: Politoed
|-damage|p1a: Politoed|6/100
|-heal|p2a: Volcarona|94/100|[from] drain|[of] p1a: Politoed
|move|p1a: Politoed|Hydro Pump|p2a: Volcarona
|-supereffective|p2a: Volcarona
|-damage|p2a: Volcarona|0 fnt
|faint|p2a: Volcarona
|
|-weather|RainDance|[upkeep]
|upkeep
|
|t:|1730480625
|switch|p2a: Latios|Latios, M|100/100
|turn|5
|
|t:|1730480629
|switch|p1a: Jirachi|Jirachi|100/100
|move|p2a: Latios|Calm Mind|p2a: Latios
|-boost|p2a: Latios|spa|1
|-boost|p2a: Latios|spd|1
|
|-weather|RainDance|[upkeep]
|upkeep
|turn|6
|
|t:|1730480633
|move|p2a: Latios|Surf|p1a: Jirachi
|-damage|p1a: Jirachi|53/100
|move|p1a: Jirachi|Thunder|p2a: Latios
|-resisted|p2a: Latios
|-crit|p2a: Latios
|-damage|p2a: Latios|76/100
|-status|p2a: Latios|par
|
|-weather|RainDance|[upkeep]
|-heal|p1a: Jirachi|59/100|[from] item: Leftovers
|upkeep
|turn|7
|
|t:|1730480638
|move|p1a: Jirachi|Wish|p1a: Jirachi
|move|p2a: Latios|Surf|p1a: Jirachi
|-damage|p1a: Jirachi|13/100
|
|-weather|RainDance|[upkeep]
|-heal|p1a: Jirachi|19/100|[from] item: Leftovers
|upkeep
|turn|8
|
|t:|1730480642
|move|p1a: Jirachi|Iron Head|p2a: Latios
|-damage|p2a: Latios|38/100 par
|move|p2a: Latios|Calm Mind|p2a: Latios
|-boost|p2a: Latios|spa|1
|-boost|p2a: Latios|spd|1
|
|-weather|RainDance|[upkeep]
|-heal|p1a: Jirachi|69/100|[from] move: Wish|[wisher] Jirachi
|-heal|p1a: Jirachi|75/100|[from] item: Leftovers
|upkeep
|turn|9
|
|t:|1730480652
|move|p1a: Jirachi|Iron Head|p2a: Latios
|-damage|p2a: Latios|0 fnt
|faint|p2a: Latios
|
|-weather|RainDance|[upkeep]
|-heal|p1a: Jirachi|81/100|[from] item: Leftovers
|upkeep
|
|t:|1730480673
|switch|p2a: Keldeo|Keldeo|100/100
|turn|10
|
|t:|1730480676
|switch|p1a: Seismitoad|Seismitoad, M|100/100
|move|p2a: Keldeo|Surf|p1a: Seismitoad
|-immune|p1a: Seismitoad|[from] ability: Water Absorb
|
|-weather|RainDance|[upkeep]
|upkeep
|turn|11
|
|t:|1730480682
|switch|p2a: Dragonite|Dragonite, F|100/100
|move|p1a: Seismitoad|Stealth Rock|p2a: Dragonite
|-sidestart|p2: Blaise BWOU|move: Stealth Rock
|
|-weather|RainDance|[upkeep]
|upkeep
|turn|12
|
|t:|1730480687
|switch|p1a: Forretress|Forretress, F|100/100
|move|p2a: Dragonite|Substitute|p2a: Dragonite
|-start|p2a: Dragonite|Substitute
|-damage|p2a: Dragonite|76/100
|
|-weather|RainDance|[upkeep]
|-heal|p2a: Dragonite|82/100|[from] item: Leftovers
|upkeep
|turn|13
|
|t:|1730480691
|move|p2a: Dragonite|Dragon Dance|p2a: Dragonite
|-boost|p2a: Dragonite|atk|1
|-boost|p2a: Dragonite|spe|1
|move|p1a: Forretress|Hidden Power|p2a: Dragonite
|-supereffective|p2a: Dragonite
|-end|p2a: Dragonite|Substitute
|
|-weather|RainDance|[upkeep]
|-heal|p2a: Dragonite|88/100|[from] item: Leftovers
|upkeep
|turn|14
|
|t:|1730480696
|move|p2a: Dragonite|Substitute|p2a: Dragonite
|-start|p2a: Dragonite|Substitute
|-damage|p2a: Dragonite|63/100
|move|p1a: Forretress|Hidden Power|p2a: Dragonite
|-supereffective|p2a: Dragonite
|-end|p2a: Dragonite|Substitute
|
|-weather|RainDance|[upkeep]
|-heal|p2a: Dragonite|69/100|[from] item: Leftovers
|upkeep
|turn|15
|
|t:|1730480702
|move|p2a: Dragonite|Substitute|p2a: Dragonite
|-start|p2a: Dragonite|Substitute
|-damage|p2a: Dragonite|45/100
|move|p1a: Forretress|Hidden Power|p2a: Dragonite
|-supereffective|p2a: Dragonite
|-end|p2a: Dragonite|Substitute
|
|-weather|RainDance|[upkeep]
|-heal|p2a: Dragonite|51/100|[from] item: Leftovers
|upkeep
|turn|16
|
|t:|1730480706
|move|p2a: Dragonite|Roost|p2a: Dragonite
|-heal|p2a: Dragonite|100/100
|-singleturn|p2a: Dragonite|move: Roost
|move|p1a: Forretress|Hidden Power|p2a: Dragonite
|-supereffective|p2a: Dragonite
|-damage|p2a: Dragonite|92/100
|
|-weather|RainDance|[upkeep]
|-heal|p2a: Dragonite|98/100|[from] item: Leftovers
|upkeep
|turn|17
|
|t:|1730480709
|move|p2a: Dragonite|Substitute|p2a: Dragonite
|-start|p2a: Dragonite|Substitute
|-damage|p2a: Dragonite|74/100
|move|p1a: Forretress|Hidden Power|p2a: Dragonite
|-supereffective|p2a: Dragonite
|-end|p2a: Dragonite|Substitute
|
|-weather|RainDance|[upkeep]
|-heal|p2a: Dragonite|80/100|[from] item: Leftovers
|upkeep
|turn|18
|
|t:|1730480712
|move|p2a: Dragonite|Substitute|p2a: Dragonite
|-start|p2a: Dragonite|Substitute
|-damage|p2a: Dragonite|55/100
|move|p1a: Forretress|Hidden Power|p2a: Dragonite
|-supereffective|p2a: Dragonite
|-end|p2a: Dragonite|Substitute
|
|-weather|RainDance|[upkeep]
|-heal|p2a: Dragonite|61/100|[from] item: Leftovers
|upkeep
|turn|19
|
|t:|1730480716
|move|p2a: Dragonite|Substitute|p2a: Dragonite
|-start|p2a: Dragonite|Substitute
|-damage|p2a: Dragonite|36/100
|move|p1a: Forretress|Hidden Power|p2a: Dragonite
|-supereffective|p2a: Dragonite
|-end|p2a: Dragonite|Substitute
|
|-weather|RainDance|[upkeep]
|-heal|p2a: Dragonite|42/100|[from] item: Leftovers
|upkeep
|turn|20
|
|t:|1730480719
|move|p2a: Dragonite|Roost|p2a: Dragonite
|-heal|p2a: Dragonite|92/100
|-singleturn|p2a: Dragonite|move: Roost
|move|p1a: Forretress|Hidden Power|p2a: Dragonite
|-supereffective|p2a: Dragonite
|-damage|p2a: Dragonite|74/100
|
|-weather|RainDance|[upkeep]
|-heal|p2a: Dragonite|80/100|[from] item: Leftovers
|upkeep
|turn|21
|
|t:|1730480731
|move|p2a: Dragonite|Substitute|p2a: Dragonite
|-start|p2a: Dragonite|Substitute
|-damage|p2a: Dragonite|55/100
|move|p1a: Forretress|Hidden Power|p2a: Dragonite
|-supereffective|p2a: Dragonite
|-end|p2a: Dragonite|Substitute
|
|-weather|RainDance|[upkeep]
|-heal|p2a: Dragonite|61/100|[from] item: Leftovers
|upkeep
|turn|22
|
|t:|1730480735
|move|p2a: Dragonite|Substitute|p2a: Dragonite
|-start|p2a: Dragonite|Substitute
|-damage|p2a: Dragonite|37/100
|move|p1a: Forretress|Hidden Power|p2a: Dragonite
|-supereffective|p2a: Dragonite
|-end|p2a: Dragonite|Substitute
|
|-weather|RainDance|[upkeep]
|-heal|p2a: Dragonite|43/100|[from] item: Leftovers
|upkeep
|turn|23
|
|t:|1730480739
|move|p2a: Dragonite|Roost|p2a: Dragonite
|-heal|p2a: Dragonite|93/100
|-singleturn|p2a: Dragonite|move: Roost
|move|p1a: Forretress|Volt Switch|p2a: Dragonite
|-resisted|p2a: Dragonite
|-damage|p2a: Dragonite|88/100
|
|t:|1730480752
|switch|p1a: Politoed|Politoed, M|6/100|[from] Volt Switch
|
|-weather|RainDance|[upkeep]
|-heal|p2a: Dragonite|94/100|[from] item: Leftovers
|upkeep
|turn|24
|
|t:|1730480758
|move|p2a: Dragonite|Dragon Claw|p1a: Politoed
|-damage|p1a: Politoed|0 fnt
|faint|p1a: Politoed
|
|-weather|RainDance|[upkeep]
|-heal|p2a: Dragonite|99/100|[from] item: Leftovers
|upkeep
|
|t:|1730480763
|switch|p1a: Jirachi|Jirachi|81/100
|turn|25
|
|t:|1730480767
|move|p2a: Dragonite|Substitute|p2a: Dragonite
|-start|p2a: Dragonite|Substitute
|-damage|p2a: Dragonite|75/100
|move|p1a: Jirachi|Thunder|p2a: Dragonite
|-activate|p2a: Dragonite|Substitute|[damage]
|
|-weather|RainDance|[upkeep]
|-heal|p2a: Dragonite|82/100|[from] item: Leftovers
|-heal|p1a: Jirachi|87/100|[from] item: Leftovers
|upkeep
|turn|26
|
|t:|1730480777
|move|p2a: Dragonite|Dragon Dance|p2a: Dragonite
|-boost|p2a: Dragonite|atk|1
|-boost|p2a: Dragonite|spe|1
|move|p1a: Jirachi|Iron Head|p2a: Dragonite
|-end|p2a: Dragonite|Substitute
|
|-weather|RainDance|[upkeep]
|-heal|p2a: Dragonite|88/100|[from] item: Leftovers
|-heal|p1a: Jirachi|94/100|[from] item: Leftovers
|upkeep
|turn|27
|
|t:|1730480780
|move|p2a: Dragonite|Substitute|p2a: Dragonite
|-start|p2a: Dragonite|Substitute
|-damage|p2a: Dragonite|63/100
|move|p1a: Jirachi|Iron Head|p2a: Dragonite
|-activate|p2a: Dragonite|Substitute|[damage]
|
|-weather|RainDance|[upkeep]
|-heal|p2a: Dragonite|69/100|[from] item: Leftovers
|-heal|p1a: Jirachi|99/100|[from] item: Leftovers
|upkeep
|turn|28
|
|t:|1730480789
|move|p2a: Dragonite|Dragon Dance|p2a: Dragonite
|-boost|p2a: Dragonite|atk|1
|-boost|p2a: Dragonite|spe|1
|move|p1a: Jirachi|U-turn|p2a: Dragonite
|-resisted|p2a: Dragonite
|-crit|p2a: Dragonite
|-end|p2a: Dragonite|Substitute
|
|t:|1730480797
|switch|p1a: Forretress|Forretress, F|100/100|[from] U-turn
|
|-weather|RainDance|[upkeep]
|-heal|p2a: Dragonite|75/100|[from] item: Leftovers
|upkeep
|turn|29
|
|t:|1730480803
|move|p2a: Dragonite|Substitute|p2a: Dragonite
|-start|p2a: Dragonite|Substitute
|-damage|p2a: Dragonite|50/100
|move|p1a: Forretress|Hidden Power|p2a: Dragonite
|-supereffective|p2a: Dragonite
|-end|p2a: Dragonite|Substitute
|
|-weather|RainDance|[upkeep]
|-heal|p2a: Dragonite|57/100|[from] item: Leftovers
|upkeep
|turn|30
|
|t:|1730480808
|move|p2a: Dragonite|Roost|p2a: Dragonite
|-heal|p2a: Dragonite|100/100
|-singleturn|p2a: Dragonite|move: Roost
|move|p1a: Forretress|Hidden Power|p2a: Dragonite
|-supereffective|p2a: Dragonite
|-damage|p2a: Dragonite|91/100
|
|-weather|RainDance|[upkeep]
|-heal|p2a: Dragonite|97/100|[from] item: Leftovers
|upkeep
|turn|31
|
|t:|1730480824
|move|p2a: Dragonite|Dragon Dance|p2a: Dragonite
|-boost|p2a: Dragonite|atk|1
|-boost|p2a: Dragonite|spe|1
|move|p1a: Forretress|Hidden Power|p2a: Dragonite
|-supereffective|p2a: Dragonite
|-damage|p2a: Dragonite|61/100
|
|-weather|RainDance|[upkeep]
|-heal|p2a: Dragonite|67/100|[from] item: Leftovers
|upkeep
|turn|32
|
|t:|1730480831
|move|p2a: Dragonite|Roost|p2a: Dragonite
|-heal|p2a: Dragonite|100/100
|-singleturn|p2a: Dragonite|move: Roost
|move|p1a: Forretress|Hidden Power|p2a: Dragonite
|-supereffective|p2a: Dragonite
|-damage|p2a: Dragonite|92/100
|
|-weather|RainDance|[upkeep]
|-heal|p2a: Dragonite|98/100|[from] item: Leftovers
|upkeep
|turn|33
|
|t:|1730480843
|move|p2a: Dragonite|Substitute|p2a: Dragonite
|-start|p2a: Dragonite|Substitute
|-damage|p2a: Dragonite|73/100
|move|p1a: Forretress|Hidden Power|p2a: Dragonite
|-supereffective|p2a: Dragonite
|-end|p2a: Dragonite|Substitute
|
|-weather|RainDance|[upkeep]
|-heal|p2a: Dragonite|80/100|[from] item: Leftovers
|upkeep
|turn|34
|
|t:|1730480858
|move|p2a: Dragonite|Substitute|p2a: Dragonite
|-start|p2a: Dragonite|Substitute
|-damage|p2a: Dragonite|55/100
|move|p1a: Forretress|Hidden Power|p2a: Dragonite
|-supereffective|p2a: Dragonite
|-end|p2a: Dragonite|Substitute
|
|-weather|RainDance|[upkeep]
|-heal|p2a: Dragonite|61/100|[from] item: Leftovers
|upkeep
|turn|35
|
|t:|1730480862
|move|p2a: Dragonite|Roost|p2a: Dragonite
|-heal|p2a: Dragonite|100/100
|-singleturn|p2a: Dragonite|move: Roost
|move|p1a: Forretress|Hidden Power|p2a: Dragonite
|-supereffective|p2a: Dragonite
|-damage|p2a: Dragonite|91/100
|
|-weather|RainDance|[upkeep]
|-heal|p2a: Dragonite|98/100|[from] item: Leftovers
|upkeep
|turn|36
|
|t:|1730480869
|move|p2a: Dragonite|Dragon Claw|p1a: Forretress
|-resisted|p1a: Forretress
|-damage|p1a: Forretress|73/100
|move|p1a: Forretress|Hidden Power|p2a: Dragonite
|-supereffective|p2a: Dragonite
|-damage|p2a: Dragonite|64/100
|
|-weather|RainDance|[upkeep]
|-heal|p2a: Dragonite|71/100|[from] item: Leftovers
|-heal|p1a: Forretress|80/100|[from] item: Leftovers
|upkeep
|turn|37
|
|t:|1730480874
|move|p2a: Dragonite|Dragon Claw|p1a: Forretress
|-resisted|p1a: Forretress
|-damage|p1a: Forretress|50/100
|move|p1a: Forretress|Rapid Spin|p2a: Dragonite
|-damage|p2a: Dragonite|67/100
|
|-weather|RainDance|[upkeep]
|-heal|p2a: Dragonite|74/100|[from] item: Leftovers
|-heal|p1a: Forretress|56/100|[from] item: Leftovers
|upkeep
|turn|38
|
|t:|1730480881
|move|p2a: Dragonite|Dragon Claw|p1a: Forretress
|-resisted|p1a: Forretress
|-damage|p1a: Forretress|26/100
|move|p1a: Forretress|Pain Split|p2a: Dragonite
|-sethp|p2a: Dragonite|48/100|[from] move: Pain Split|[silent]
|-sethp|p1a: Forretress|53/100|[from] move: Pain Split
|
|-weather|RainDance|[upkeep]
|-heal|p2a: Dragonite|55/100|[from] item: Leftovers
|-heal|p1a: Forretress|59/100|[from] item: Leftovers
|upkeep
|turn|39
|
|t:|1730480889
|move|p2a: Dragonite|Dragon Dance|p2a: Dragonite
|-boost|p2a: Dragonite|atk|1
|-boost|p2a: Dragonite|spe|1
|move|p1a: Forretress|Pain Split|p2a: Dragonite
|-sethp|p2a: Dragonite|54/100|[from] move: Pain Split|[silent]
|-sethp|p1a: Forretress|59/100|[from] move: Pain Split
|
|-weather|RainDance|[upkeep]
|-heal|p2a: Dragonite|61/100|[from] item: Leftovers
|-heal|p1a: Forretress|65/100|[from] item: Leftovers
|upkeep
|turn|40
|
|t:|1730480897
|move|p2a: Dragonite|Dragon Dance|p2a: Dragonite
|-boost|p2a: Dragonite|atk|1
|-boost|p2a: Dragonite|spe|1
|move|p1a: Forretress|Hidden Power|p2a: Dragonite
|-supereffective|p2a: Dragonite
|-damage|p2a: Dragonite|27/100
|
|-weather|RainDance|[upkeep]
|-heal|p2a: Dragonite|34/100|[from] item: Leftovers
|-heal|p1a: Forretress|72/100|[from] item: Leftovers
|upkeep
|turn|41
|
|t:|1730480901
|move|p2a: Dragonite|Roost|p2a: Dragonite
|-heal|p2a: Dragonite|84/100
|-singleturn|p2a: Dragonite|move: Roost
|move|p1a: Forretress|Hidden Power|p2a: Dragonite
|-supereffective|p2a: Dragonite
|-damage|p2a: Dragonite|64/100
|
|-weather|RainDance|[upkeep]
|-heal|p2a: Dragonite|70/100|[from] item: Leftovers
|-heal|p1a: Forretress|78/100|[from] item: Leftovers
|upkeep
|turn|42
|
|t:|1730480911
|move|p2a: Dragonite|Dragon Claw|p1a: Forretress
|-resisted|p1a: Forretress
|-damage|p1a: Forretress|40/100
|move|p1a: Forretress|Hidden Power|p2a: Dragonite
|-supereffective|p2a: Dragonite
|-damage|p2a: Dragonite|32/100
|
|-weather|RainDance|[upkeep]
|-heal|p2a: Dragonite|38/100|[from] item: Leftovers
|-heal|p1a: Forretress|47/100|[from] item: Leftovers
|upkeep
|turn|43
|
|t:|1730480918
|move|p2a: Dragonite|Roost|p2a: Dragonite
|-heal|p2a: Dragonite|88/100
|-singleturn|p2a: Dragonite|move: Roost
|move|p1a: Forretress|Pain Split|p2a: Dragonite
|-sethp|p2a: Dragonite|65/100|[from] move: Pain Split|[silent]
|-sethp|p1a: Forretress|71/100|[from] move: Pain Split
|
|-weather|RainDance|[upkeep]
|-heal|p2a: Dragonite|71/100|[from] item: Leftovers
|-heal|p1a: Forretress|77/100|[from] item: Leftovers
|upkeep
|turn|44
|
|t:|1730480924
|move|p2a: Dragonite|Dragon Claw|p1a: Forretress
|-resisted|p1a: Forretress
|-crit|p1a: Forretress
|-damage|p1a: Forretress|6/100
|move|p1a: Forretress|Hidden Power|p2a: Dragonite
|-supereffective|p2a: Dragonite
|-damage|p2a: Dragonite|34/100
|
|-weather|RainDance|[upkeep]
|-heal|p2a: Dragonite|40/100|[from] item: Leftovers
|-heal|p1a: Forretress|12/100|[from] item: Leftovers
|upkeep
|turn|45
|
|t:|1730480935
|move|p2a: Dragonite|Substitute|p2a: Dragonite
|-start|p2a: Dragonite|Substitute
|-damage|p2a: Dragonite|16/100
|move|p1a: Forretress|Hidden Power|p2a: Dragonite
|-supereffective|p2a: Dragonite
|-end|p2a: Dragonite|Substitute
|
|-weather|RainDance|[upkeep]
|-heal|p2a: Dragonite|22/100|[from] item: Leftovers
|-heal|p1a: Forretress|19/100|[from] item: Leftovers
|upkeep
|turn|46
|
|t:|1730480940
|move|p2a: Dragonite|Dragon Claw|p1a: Forretress
|-resisted|p1a: Forretress
|-damage|p1a: Forretress|0 fnt
|faint|p1a: Forretress
|
|-weather|RainDance|[upkeep]
|-heal|p2a: Dragonite|28/100|[from] item: Leftovers
|upkeep
|
|t:|1730480946
|switch|p1a: Breloom|Breloom, M|100/100
|turn|47
|
|t:|1730480951
|move|p1a: Breloom|Mach Punch|p2a: Dragonite
|-resisted|p2a: Dragonite
|-damage|p2a: Dragonite|12/100
|move|p2a: Dragonite|Dragon Claw|p1a: Breloom
|-damage|p1a: Breloom|0 fnt
|faint|p1a: Breloom
|
|-weather|RainDance|[upkeep]
|-heal|p2a: Dragonite|18/100|[from] item: Leftovers
|upkeep
|
|t:|1730480954
|switch|p1a: Jirachi|Jirachi|99/100
|turn|48
|
|t:|1730480959
|move|p2a: Dragonite|Roost|p2a: Dragonite
|-heal|p2a: Dragonite|68/100
|-singleturn|p2a: Dragonite|move: Roost
|move|p1a: Jirachi|Thunder|p2a: Dragonite
|-resisted|p2a: Dragonite
|-damage|p2a: Dragonite|59/100
|-status|p2a: Dragonite|par
|
|-weather|RainDance|[upkeep]
|-heal|p2a: Dragonite|65/100 par|[from] item: Leftovers
|-heal|p1a: Jirachi|100/100|[from] item: Leftovers
|upkeep
|turn|49
|
|t:|1730480976
|move|p2a: Dragonite|Substitute|p2a: Dragonite
|-start|p2a: Dragonite|Substitute
|-damage|p2a: Dragonite|40/100 par
|move|p1a: Jirachi|Iron Head|p2a: Dragonite
|-activate|p2a: Dragonite|Substitute|[damage]
|
|-weather|RainDance|[upkeep]
|-heal|p2a: Dragonite|46/100 par|[from] item: Leftovers
|upkeep
|turn|50
|
|t:|1730480983
|move|p2a: Dragonite|Roost|p2a: Dragonite
|-heal|p2a: Dragonite|96/100 par
|-singleturn|p2a: Dragonite|move: Roost
|move|p1a: Jirachi|Iron Head|p2a: Dragonite
|-end|p2a: Dragonite|Substitute
|
|-weather|RainDance|[upkeep]
|-heal|p2a: Dragonite|100/100 par|[from] item: Leftovers
|upkeep
|turn|51
|
|t:|1730480990
|move|p2a: Dragonite|Substitute|p2a: Dragonite
|-start|p2a: Dragonite|Substitute
|-damage|p2a: Dragonite|76/100 par
|move|p1a: Jirachi|Iron Head|p2a: Dragonite
|-end|p2a: Dragonite|Substitute
|
|-weather|RainDance|[upkeep]
|-heal|p2a: Dragonite|82/100 par|[from] item: Leftovers
|upkeep
|turn|52
|
|t:|1730480998
|move|p2a: Dragonite|Dragon Claw|p1a: Jirachi
|-resisted|p1a: Jirachi
|-damage|p1a: Jirachi|41/100
|move|p1a: Jirachi|Iron Head|p2a: Dragonite
|-damage|p2a: Dragonite|57/100 par
|
|-weather|RainDance|[upkeep]
|-heal|p2a: Dragonite|63/100 par|[from] item: Leftovers
|-heal|p1a: Jirachi|47/100|[from] item: Leftovers
|upkeep
|turn|53
|
|t:|1730481002
|move|p2a: Dragonite|Dragon Claw|p1a: Jirachi
|-resisted|p1a: Jirachi
|-damage|p1a: Jirachi|0 fnt
|faint|p1a: Jirachi
|
|-weather|RainDance|[upkeep]
|-heal|p2a: Dragonite|69/100 par|[from] item: Leftovers
|upkeep
|-message|happy_hitbox forfeited.
|
|win|Blaise BWOU
|raw|happy_hitbox's rating: 1434 &rarr; <strong>1413</strong><br />(-21 for losing)
|raw|Blaise BWOU's rating: 1418 &rarr; <strong>1439</strong><br />(+21 for winning)
|l|☆happy_hitbox
|player|p1|
