|j|☆Spritzalcianuro96
|j|☆W2J
|t:|1595746679
|player|p1|Spritzalcianuro96|clair|1517
|player|p2|W2J|volkner|1376
|teamsize|p1|6
|teamsize|p2|6
|gametype|singles
|gen|5
|tier|[Gen 5] OU
|rated|
|clearpoke
|poke|p1|Jirachi|item
|poke|p1|Hydreigon, M|item
|poke|p1|Thundurus-Therian, M|item
|poke|p1|Starmie|item
|poke|p1|Scizor, M|item
|poke|p1|Garchomp, M|item
|poke|p2|Tyranitar, M|item
|poke|p2|Garchomp, F|item
|poke|p2|Alakazam, M|item
|poke|p2|Keldeo-Resolute|item
|poke|p2|Haxorus, F|item
|poke|p2|Skarmory, M|item
|rule|Species Clause: Limit one of each Pokémon
|rule|OHKO Clause: OHKO moves are banned
|rule|Moody Clause: Moody is banned
|rule|Evasion Moves Clause: Evasion moves are banned
|rule|Endless Battle Clause: Forcing endless battles is banned
|rule|HP Percentage Mod: HP is shown in percentages
|rule|Evasion Abilities Clause: Evasion abilities are banned
|rule|Baton Pass Clause: Limit one Baton Passer, can't pass Spe and other stats simultaneously
|rule|Sleep Clause: Sleep-inducing moves are banned
|rule|Swagger Clause: Swagger is banned
|teampreview
|inactive|Battle timer is ON: inactive players will automatically lose when time's up. (requested by W2J)
|
|t:|1595746709
|start
|switch|p1a: Jirachi|Jirachi|100/100
|switch|p2a: Tyranitar|Tyranitar, M|100/100
|-weather|Sandstorm|[from] ability: Sand Stream|[of] p2a: Tyranitar
|turn|1
|
|t:|1595746721
|switch|p2a: Skarmory|Skarmory, M|100/100
|move|p1a: Jirachi|Iron Head|p2a: Skarmory
|-resisted|p2a: Skarmory
|-crit|p2a: Skarmory
|-damage|p2a: Skarmory|80/100
|
|-weather|Sandstorm|[upkeep]
|-heal|p2a: Skarmory|86/100|[from] item: Leftovers
|upkeep
|turn|2
|
|t:|1595746729
|move|p1a: Jirachi|Thunderbolt|p2a: Skarmory
|-supereffective|p2a: Skarmory
|-damage|p2a: Skarmory|2/100
|move|p2a: Skarmory|Spikes|p1a: Jirachi
|-sidestart|p1: Spritzalcianuro96|Spikes
|
|-weather|Sandstorm|[upkeep]
|-heal|p2a: Skarmory|8/100|[from] item: Leftovers
|upkeep
|turn|3
|
|t:|1595746737
|move|p1a: Jirachi|Hidden Power|p2a: Skarmory
|-damage|p2a: Skarmory|0 fnt
|faint|p2a: Skarmory
|
|-weather|Sandstorm|[upkeep]
|upkeep
|
|t:|1595746753
|switch|p2a: Garchomp|Garchomp, F|100/100
|turn|4
|inactive|Spritzalcianuro96 has 120 seconds left.
|
|t:|1595746790
|switch|p1a: Thundurus|Thundurus-Therian, M|100/100
|move|p2a: Garchomp|Earthquake|p1a: Thundurus
|-immune|p1a: Thundurus
|
|-weather|Sandstorm|[upkeep]
|-damage|p1a: Thundurus|94/100|[from] Sandstorm
|-heal|p1a: Thundurus|100/100|[from] item: Leftovers
|upkeep
|turn|5
|inactive|Spritzalcianuro96 has 120 seconds left.
|
|t:|1595746803
|switch|p2a: Tyranitar|Tyranitar, M|100/100
|move|p1a: Thundurus|Hidden Power|p2a: Tyranitar
|-damage|p2a: Tyranitar|87/100
|
|-weather|Sandstorm|[upkeep]
|-damage|p1a: Thundurus|94/100|[from] Sandstorm
|-heal|p1a: Thundurus|100/100|[from] item: Leftovers
|upkeep
|turn|6
|inactive|Spritzalcianuro96 has 120 seconds left.
|
|t:|1595746828
|switch|p1a: Hydreigon|Hydreigon, M|100/100
|move|p2a: Tyranitar|Stealth Rock|p1a: Hydreigon
|-sidestart|p1: Spritzalcianuro96|move: Stealth Rock
|
|-weather|Sandstorm|[upkeep]
|-damage|p1a: Hydreigon|94/100|[from] Sandstorm
|upkeep
|turn|7
|
|t:|1595746836
|move|p1a: Hydreigon|Focus Blast|p2a: Tyranitar
|-supereffective|p2a: Tyranitar
|-enditem|p2a: Tyranitar|Chople Berry|[eat]
|-enditem|p2a: Tyranitar|Chople Berry|[weaken]
|-damage|p2a: Tyranitar|38/100
|-damage|p1a: Hydreigon|84/100|[from] item: Life Orb
|move|p2a: Tyranitar|Superpower|p1a: Hydreigon
|-supereffective|p1a: Hydreigon
|-damage|p1a: Hydreigon|0 fnt
|-unboost|p2a: Tyranitar|atk|1
|-unboost|p2a: Tyranitar|def|1
|faint|p1a: Hydreigon
|
|-weather|Sandstorm|[upkeep]
|upkeep
|
|t:|1595746843
|switch|p1a: Starmie|Starmie|100/100
|-damage|p1a: Starmie|88/100|[from] Spikes
|-damage|p1a: Starmie|76/100|[from] Stealth Rock
|turn|8
|
|t:|1595746850
|move|p1a: Starmie|Scald|p2a: Tyranitar
|-supereffective|p2a: Tyranitar
|-damage|p2a: Tyranitar|14/100
|-status|p2a: Tyranitar|brn
|move|p2a: Tyranitar|Crunch|p1a: Starmie
|-supereffective|p1a: Starmie
|-damage|p1a: Starmie|49/100
|
|-weather|Sandstorm|[upkeep]
|-damage|p1a: Starmie|43/100|[from] Sandstorm
|-heal|p1a: Starmie|49/100|[from] item: Leftovers
|-damage|p2a: Tyranitar|2/100 brn|[from] brn
|upkeep
|turn|9
|
|t:|1595746860
|move|p1a: Starmie|Rapid Spin|p2a: Tyranitar
|-resisted|p2a: Tyranitar
|-damage|p2a: Tyranitar|0 fnt
|-sideend|p1: Spritzalcianuro96|Spikes|[from] move: Rapid Spin|[of] p1a: Starmie
|-sideend|p1: Spritzalcianuro96|Stealth Rock|[from] move: Rapid Spin|[of] p1a: Starmie
|faint|p2a: Tyranitar
|
|-weather|Sandstorm|[upkeep]
|-damage|p1a: Starmie|43/100|[from] Sandstorm
|-heal|p1a: Starmie|49/100|[from] item: Leftovers
|upkeep
|
|t:|1595746865
|switch|p2a: Garchomp|Garchomp, F|100/100
|turn|10
|inactive|Spritzalcianuro96 has 120 seconds left.
|
|t:|1595746898
|switch|p1a: Thundurus|Thundurus-Therian, M|100/100
|move|p2a: Garchomp|Earthquake|p1a: Thundurus
|-immune|p1a: Thundurus
|
|-weather|Sandstorm|[upkeep]
|-damage|p1a: Thundurus|94/100|[from] Sandstorm
|-heal|p1a: Thundurus|100/100|[from] item: Leftovers
|upkeep
|turn|11
|
|t:|1595746908
|switch|p2a: Keldeo|Keldeo-Resolute|100/100
|move|p1a: Thundurus|Agility|p1a: Thundurus
|-boost|p1a: Thundurus|spe|2
|
|-weather|Sandstorm|[upkeep]
|-damage|p1a: Thundurus|94/100|[from] Sandstorm
|-damage|p2a: Keldeo|94/100|[from] Sandstorm
|-heal|p1a: Thundurus|100/100|[from] item: Leftovers
|-heal|p2a: Keldeo|100/100|[from] item: Leftovers
|upkeep
|turn|12
|inactive|Spritzalcianuro96 has 120 seconds left.
|inactive|W2J has 120 seconds left.
|
|t:|1595746949
|switch|p2a: Haxorus|Haxorus, F, shiny|100/100
|-ability|p2a: Haxorus|Mold Breaker
|move|p1a: Thundurus|Thunderbolt|p2a: Haxorus
|-resisted|p2a: Haxorus
|-damage|p2a: Haxorus|55/100
|-status|p2a: Haxorus|par
|-enditem|p2a: Haxorus|Lum Berry|[eat]
|-curestatus|p2a: Haxorus|par|[msg]
|
|-weather|Sandstorm|[upkeep]
|-damage|p1a: Thundurus|94/100|[from] Sandstorm
|-damage|p2a: Haxorus|48/100|[from] Sandstorm
|-heal|p1a: Thundurus|100/100|[from] item: Leftovers
|upkeep
|turn|13
|-message|W2J forfeited.
|
|win|Spritzalcianuro96
|l|☆W2J
|raw|Spritzalcianuro96's rating: 1517 &rarr; <strong>1530</strong><br />(+13 for winning)
|raw|W2J's rating: 1376 &rarr; <strong>1364</strong><br />(-12 for losing)
