|j|☆Chomp29
|j|☆baishii
|t:|1708265168
|gametype|singles
|player|p1|Chomp29|brock|1361
|player|p2|baishii|steven|1455
|teamsize|p1|6
|teamsize|p2|6
|gen|5
|tier|[Gen 5] OU
|rated|
|rule|Species Clause: Limit one of each Pokémon
|rule|OHKO Clause: OHKO moves are banned
|rule|Moody Clause: Moody is banned
|rule|Evasion Items Clause: Evasion items are banned
|rule|Evasion Moves Clause: Evasion moves are banned
|rule|Endless Battle Clause: Forcing endless battles is banned
|rule|HP Percentage Mod: HP is shown in percentages
|rule|Evasion Abilities Clause: Evasion abilities are banned
|rule|Sleep Moves Clause: Sleep-inducing moves are banned
|rule|Swagger Clause: Swagger is banned
|rule|Baton Pass Stat Clause: No Baton Passer may have a way to boost its stats
|clearpoke
|poke|p1|Garchomp, M|item
|poke|p1|Starmie|item
|poke|p1|Dragonite, M|item
|poke|p1|Terrakion|item
|poke|p1|Scizor, F|item
|poke|p1|Breloom, M|item
|poke|p2|Starmie|item
|poke|p2|Mamoswine, M|item
|poke|p2|Tyranitar, F|item
|poke|p2|Scizor, M|item
|poke|p2|Alakazam, F|item
|poke|p2|Gengar, M|item
|teampreview
|inactive|Battle timer is ON: inactive players will automatically lose when time's up. (requested by baishii)
|inactive|Chomp29 has 120 seconds left.
|
|t:|1708265216
|start
|switch|p1a: Starmie|Starmie|100/100
|switch|p2a: Mamoswine|Mamoswine, M|100/100
|-item|p1a: Starmie|Air Balloon
|turn|1
|
|t:|1708265229
|move|p1a: Starmie|Hydro Pump|p2a: Mamoswine
|-supereffective|p2a: Mamoswine
|-enditem|p2a: Mamoswine|Focus Sash
|-damage|p2a: Mamoswine|1/100
|move|p2a: Mamoswine|Icicle Crash|p1a: Starmie
|-resisted|p1a: Starmie
|-damage|p1a: Starmie|66/100
|-enditem|p1a: Starmie|Air Balloon
|
|upkeep
|turn|2
|
|t:|1708265237
|switch|p2a: Starmie|Starmie, shiny|100/100
|move|p1a: Starmie|Ice Beam|p2a: Starmie
|-resisted|p2a: Starmie
|-damage|p2a: Starmie|75/100
|
|upkeep
|turn|3
|inactive|Chomp29 has 120 seconds left.
|
|t:|1708265268
|move|p1a: Starmie|Thunder|p2a: Starmie
|-supereffective|p2a: Starmie
|-damage|p2a: Starmie|0 fnt
|faint|p2a: Starmie
|
|upkeep
|c|☆Chomp29|Sry
|
|t:|1708265278
|switch|p2a: Tyranitar|Tyranitar, F, shiny|100/100
|-weather|Sandstorm|[from] ability: Sand Stream|[of] p2a: Tyranitar
|turn|4
|
|t:|1708265283
|switch|p1a: Scizor|Scizor, F|100/100
|move|p2a: Tyranitar|Crunch|p1a: Scizor
|-resisted|p1a: Scizor
|-crit|p1a: Scizor
|-damage|p1a: Scizor|48/100
|-unboost|p1a: Scizor|def|1
|
|-weather|Sandstorm|[upkeep]
|upkeep
|turn|5
|
|t:|1708265297
|move|p2a: Tyranitar|Crunch|p1a: Scizor
|-resisted|p1a: Scizor
|-crit|p1a: Scizor
|-damage|p1a: Scizor|0 fnt
|faint|p1a: Scizor
|
|-weather|Sandstorm|[upkeep]
|upkeep
|c|☆Chomp29|Not sorry anymore XD.
|
|t:|1708265314
|switch|p1a: Terrakion|Terrakion|100/100
|turn|6
|c|☆baishii|XD
|
|t:|1708265321
|switch|p2a: Mamoswine|Mamoswine, M|1/100
|move|p1a: Terrakion|Stealth Rock|p2a: Mamoswine
|-sidestart|p2: baishii|move: Stealth Rock
|
|-weather|Sandstorm|[upkeep]
|upkeep
|turn|7
|
|t:|1708265326
|move|p2a: Mamoswine|Ice Shard|p1a: Terrakion
|-damage|p1a: Terrakion|71/100
|move|p1a: Terrakion|Close Combat|p2a: Mamoswine
|-supereffective|p2a: Mamoswine
|-crit|p2a: Mamoswine
|-damage|p2a: Mamoswine|0 fnt
|-unboost|p1a: Terrakion|def|1
|-unboost|p1a: Terrakion|spd|1
|faint|p2a: Mamoswine
|
|-weather|Sandstorm|[upkeep]
|upkeep
|
|t:|1708265342
|switch|p2a: Scizor|Scizor, M|100/100
|-damage|p2a: Scizor|88/100|[from] Stealth Rock
|turn|8
|
|t:|1708265348
|move|p2a: Scizor|Bullet Punch|p1a: Terrakion
|-supereffective|p1a: Terrakion
|-damage|p1a: Terrakion|0 fnt
|faint|p1a: Terrakion
|
|-weather|Sandstorm|[upkeep]
|upkeep
|
|t:|1708265363
|switch|p1a: Garchomp|Garchomp, M|100/100
|turn|9
|
|t:|1708265373
|move|p2a: Scizor|Bullet Punch|p1a: Garchomp
|-damage|p1a: Garchomp|50/100
|-damage|p2a: Scizor|76/100|[from] ability: Rough Skin|[of] p1a: Garchomp
|move|p1a: Garchomp|Fire Fang|p2a: Scizor
|-supereffective|p2a: Scizor
|-damage|p2a: Scizor|0 fnt
|faint|p2a: Scizor
|
|-weather|Sandstorm|[upkeep]
|upkeep
|
|t:|1708265393
|switch|p2a: Alakazam|Alakazam, F, shiny|100/100
|turn|10
|
|t:|1708265400
|move|p2a: Alakazam|Hidden Power|p1a: Garchomp
|-supereffective|p1a: Garchomp
|-damage|p1a: Garchomp|0 fnt
|faint|p1a: Garchomp
|
|-weather|Sandstorm|[upkeep]
|upkeep
|
|t:|1708265426
|switch|p1a: Breloom|Breloom, M|100/100
|turn|11
|
|t:|1708265429
|move|p1a: Breloom|Mach Punch|p2a: Alakazam
|-resisted|p2a: Alakazam
|-damage|p2a: Alakazam|44/100
|-damage|p1a: Breloom|91/100|[from] item: Life Orb
|move|p2a: Alakazam|Psyshock|p1a: Breloom
|-supereffective|p1a: Breloom
|-damage|p1a: Breloom|0 fnt
|faint|p1a: Breloom
|
|-weather|Sandstorm|[upkeep]
|upkeep
|
|t:|1708265431
|switch|p1a: Dragonite|Dragonite, M|100/100
|turn|12
|j| SKT T1 Motherfaker
|
|t:|1708265442
|move|p2a: Alakazam|Hidden Power|p1a: Dragonite
|-supereffective|p1a: Dragonite
|-enditem|p1a: Dragonite|Yache Berry|[eat]
|-enditem|p1a: Dragonite|Yache Berry|[weaken]
|-damage|p1a: Dragonite|72/100
|move|p1a: Dragonite|Dragon Dance|p1a: Dragonite
|-boost|p1a: Dragonite|atk|1
|-boost|p1a: Dragonite|spe|1
|
|-weather|Sandstorm|[upkeep]
|-damage|p1a: Dragonite|66/100|[from] Sandstorm
|upkeep
|turn|13
|
|t:|1708265451
|move|p1a: Dragonite|Earthquake|p2a: Alakazam
|-damage|p2a: Alakazam|0 fnt
|faint|p2a: Alakazam
|
|-weather|Sandstorm|[upkeep]
|-damage|p1a: Dragonite|60/100|[from] Sandstorm
|upkeep
|
|t:|1708265457
|switch|p2a: Gengar|Gengar, M, shiny|100/100
|-damage|p2a: Gengar|88/100|[from] Stealth Rock
|turn|14
|
|t:|1708265463
|move|p2a: Gengar|Destiny Bond|p2a: Gengar
|-singlemove|p2a: Gengar|Destiny Bond
|move|p1a: Dragonite|Outrage|p2a: Gengar
|-damage|p2a: Gengar|0 fnt
|faint|p2a: Gengar
|-activate|p2a: Gengar|move: Destiny Bond
|faint|p1a: Dragonite
|
|-weather|Sandstorm|[upkeep]
|upkeep
|c|☆Chomp29|Oh wyf
|c|☆Chomp29|Wtf
|c|☆Chomp29|Wait is destiny bond priority? Or is that scarf?
|inactive|Chomp29 has 120 seconds left.
|
|t:|1708265496
|switch|p2a: Tyranitar|Tyranitar, F, shiny|100/100
|switch|p1a: Starmie|Starmie|66/100
|-damage|p2a: Tyranitar|88/100|[from] Stealth Rock
|turn|15
|c|☆baishii|scar
|c|☆baishii|f
|
|t:|1708265508
|move|p2a: Tyranitar|Crunch|p1a: Starmie
|-supereffective|p1a: Starmie
|-damage|p1a: Starmie|0 fnt
|faint|p1a: Starmie
|
|win|baishii
|raw|Chomp29's rating: 1361 &rarr; <strong>1346</strong><br />(-15 for losing)
|raw|baishii's rating: 1455 &rarr; <strong>1470</strong><br />(+15 for winning)
|c|☆Chomp29|Man.
|c|☆Chomp29|Gg
|l|☆Chomp29
|player|p1|
