|j|☆Machine Gun Dragon
|j|☆MartyParty776
|player|p1|Machine Gun Dragon|ryuki|1358
|player|p2|MartyParty776|254|1385
|teamsize|p1|6
|teamsize|p2|6
|gametype|singles
|gen|5
|tier|[Gen 5] OU
|rated|
|rule|Sleep Clause Mod: Limit one foe put to sleep
|rule|Species Clause: Limit one of each Pokémon
|rule|OHKO Clause: OHKO moves are banned
|rule|Moody Clause: Moody is banned
|rule|Evasion Moves Clause: Evasion moves are banned
|rule|Endless Battle Clause: Forcing endless battles is banned
|rule|HP Percentage Mod: HP is shown in percentages
|rule|Evasion Abilities Clause: Evasion abilities are banned
|rule|Baton Pass Clause: Limit one Baton Passer, can't pass Spe and other stats simultaneously
|rule|Swagger Clause: Swagger is banned
|clearpoke
|poke|p1|Garchomp, F|item
|poke|p1|Keldeo|item
|poke|p1|Breloom, M|item
|poke|p1|Alakazam, M|item
|poke|p1|Scizor, F|item
|poke|p1|Froslass, F|item
|poke|p2|Keldeo-Resolute|item
|poke|p2|Politoed, F|item
|poke|p2|Rotom-Wash|item
|poke|p2|Latios, M|item
|poke|p2|Toxicroak, M|item
|poke|p2|Sharpedo, M|item
|teampreview
|
|start
|switch|p1a: Froslass|Froslass, F|100/100
|switch|p2a: Politoed|Politoed, F, shiny|100/100
|-weather|RainDance|[from] ability: Drizzle|[of] p2a: Politoed
|turn|1
|
|move|p1a: Froslass|Spikes|p2a: Politoed
|-sidestart|p2: MartyParty776|Spikes
|move|p2a: Politoed|Hydro Pump|p1a: Froslass
|-enditem|p1a: Froslass|Focus Sash
|-damage|p1a: Froslass|1/100
|
|-weather|RainDance|[upkeep]
|upkeep
|turn|2
|
|switch|p2a: Toxicroak|Toxicroak, M, shiny|100/100
|-damage|p2a: Toxicroak|88/100|[from] Spikes
|move|p1a: Froslass|Spikes|p2a: Toxicroak
|-sidestart|p2: MartyParty776|Spikes
|
|-weather|RainDance|[upkeep]
|-heal|p2a: Toxicroak|100/100|[from] ability: Dry Skin
|upkeep
|turn|3
|
|move|p1a: Froslass|Taunt|p2a: Toxicroak
|-start|p2a: Toxicroak|move: Taunt
|cant|p2a: Toxicroak|move: Taunt|Substitute
|
|-weather|RainDance|[upkeep]
|upkeep
|turn|4
|
|switch|p2a: Sharpedo|Sharpedo, M|100/100
|-damage|p2a: Sharpedo|84/100|[from] Spikes
|move|p1a: Froslass|Spikes|p2a: Sharpedo
|-sidestart|p2: MartyParty776|Spikes
|
|-weather|RainDance|[upkeep]
|upkeep
|turn|5
|
|move|p2a: Sharpedo|Aqua Jet|p1a: Froslass
|-damage|p1a: Froslass|0 fnt
|-start|p2a: Sharpedo|Disable|Aqua Jet|[from] ability: Cursed Body|[of] p1a: Froslass
|-damage|p2a: Sharpedo|74/100|[from] item: Life Orb
|faint|p1a: Froslass
|
|-weather|RainDance|[upkeep]
|-ability|p2a: Sharpedo|Speed Boost|boost
|-boost|p2a: Sharpedo|spe|1
|upkeep
|
|switch|p1a: Breloom|Breloom, M|100/100
|turn|6
|
|switch|p2a: Latios|Latios, M, shiny|100/100
|move|p1a: Breloom|Mach Punch|p2a: Latios
|-resisted|p2a: Latios
|-damage|p2a: Latios|71/100
|-damage|p1a: Breloom|91/100|[from] item: Life Orb
|
|-weather|RainDance|[upkeep]
|upkeep
|turn|7
|
|switch|p1a: Scizor|Scizor, F|100/100
|move|p2a: Latios|Surf|p1a: Scizor
|-damage|p1a: Scizor|0 fnt
|faint|p1a: Scizor
|
|-weather|RainDance|[upkeep]
|upkeep
|
|switch|p1a: Alakazam|Alakazam, M|100/100
|turn|8
|
|switch|p2a: Rotom|Rotom-Wash, shiny|100/100
|move|p1a: Alakazam|Shadow Ball|p2a: Rotom
|-damage|p2a: Rotom|62/100
|-unboost|p2a: Rotom|spd|1
|
|-weather|RainDance|[upkeep]
|upkeep
|turn|9
|
|move|p2a: Rotom|Volt Switch|p1a: Alakazam
|-damage|p1a: Alakazam|53/100
|
|switch|p2a: Sharpedo|Sharpedo, M|74/100|[from]move: Volt Switch
|-damage|p2a: Sharpedo|49/100|[from] Spikes
|move|p1a: Alakazam|Psychic|p2a: Sharpedo
|-immune|p2a: Sharpedo
|
|-weather|RainDance|[upkeep]
|upkeep
|turn|10
|
|switch|p1a: Breloom|Breloom, M|91/100
|move|p2a: Sharpedo|Waterfall|p1a: Breloom
|-resisted|p1a: Breloom
|-damage|p1a: Breloom|33/100
|-damage|p2a: Sharpedo|39/100|[from] item: Life Orb
|
|-weather|RainDance|[upkeep]
|-ability|p2a: Sharpedo|Speed Boost|boost
|-boost|p2a: Sharpedo|spe|1
|upkeep
|turn|11
|
|move|p2a: Sharpedo|Aqua Jet|p1a: Breloom
|-resisted|p1a: Breloom
|-damage|p1a: Breloom|0 fnt
|-damage|p2a: Sharpedo|29/100|[from] item: Life Orb
|faint|p1a: Breloom
|
|-weather|RainDance|[upkeep]
|-ability|p2a: Sharpedo|Speed Boost|boost
|-boost|p2a: Sharpedo|spe|1
|upkeep
|
|switch|p1a: Garchomp|Garchomp, F|100/100
|turn|12
|
|move|p2a: Sharpedo|Waterfall|p1a: Garchomp
|-damage|p1a: Garchomp|21/100
|-damage|p2a: Sharpedo|17/100|[from] ability: Rough Skin|[of] p1a: Garchomp
|-damage|p2a: Sharpedo|7/100|[from] item: Life Orb
|move|p1a: Garchomp|Stealth Rock|p2a: Sharpedo
|-sidestart|p2: MartyParty776|move: Stealth Rock
|
|-weather|RainDance|[upkeep]
|-ability|p2a: Sharpedo|Speed Boost|boost
|-boost|p2a: Sharpedo|spe|1
|upkeep
|turn|13
|
|move|p2a: Sharpedo|Earthquake|p1a: Garchomp
|-damage|p1a: Garchomp|0 fnt
|-damage|p2a: Sharpedo|0 fnt|[from] item: Life Orb
|faint|p1a: Garchomp
|faint|p2a: Sharpedo
|
|-weather|RainDance|[upkeep]
|upkeep
|
|switch|p1a: Alakazam|Alakazam, M|53/100
|switch|p2a: Politoed|Politoed, F, shiny|100/100
|-damage|p2a: Politoed|76/100|[from] Spikes
|-damage|p2a: Politoed|63/100|[from] Stealth Rock
|turn|14
|
|switch|p1a: Keldeo|Keldeo|100/100
|move|p2a: Politoed|Hydro Pump|p1a: Keldeo|[miss]
|-miss|p2a: Politoed|p1a: Keldeo
|
|-weather|RainDance|[upkeep]
|upkeep
|turn|15
|
|move|p1a: Keldeo|Icy Wind|p2a: Politoed
|-resisted|p2a: Politoed
|-damage|p2a: Politoed|53/100
|-unboost|p2a: Politoed|spe|1
|move|p2a: Politoed|Hydro Pump|p1a: Keldeo
|-resisted|p1a: Keldeo
|-damage|p1a: Keldeo|31/100
|
|-weather|RainDance|[upkeep]
|upkeep
|turn|16
|
|move|p1a: Keldeo|Hidden Power|p2a: Politoed
|-supereffective|p2a: Politoed
|-crit|p2a: Politoed
|-damage|p2a: Politoed|0 fnt
|faint|p2a: Politoed
|
|-weather|RainDance|[upkeep]
|upkeep
|
|switch|p2a: Latios|Latios, M, shiny|71/100
|-damage|p2a: Latios|58/100|[from] Stealth Rock
|turn|17
|
|move|p2a: Latios|Psyshock|p1a: Keldeo
|-supereffective|p1a: Keldeo
|-damage|p1a: Keldeo|0 fnt
|faint|p1a: Keldeo
|
|-weather|RainDance|[upkeep]
|upkeep
|
|switch|p1a: Alakazam|Alakazam, M|53/100
|turn|18
|-message|Machine Gun Dragon forfeited.
|
|win|MartyParty776
|l|☆Machine Gun Dragon
|raw|Machine Gun Dragon's rating: 1358 &rarr; <strong>1339</strong><br />(-19 for losing)
|raw|MartyParty776's rating: 1385 &rarr; <strong>1403</strong><br />(+18 for winning)
