|join|toomanyefforts
|join|Lycans
|player|p1|toomanyefforts|266
|player|p2|Lycans|10
|gametype|singles
|gen|5
|tier|[Gen 5] OU
|rated
|rule|Evasion Abilities Clause: Evasion abilities are banned
|clearpoke
|poke|p1|Jirachi
|poke|p1|Magnezone
|poke|p1|Mamoswine, M
|poke|p1|Latios, M
|poke|p1|Dragonite, F
|poke|p1|Heatran, F
|poke|p2|Tyranitar, M, shiny
|poke|p2|Keldeo-Resolute
|poke|p2|Jirachi
|poke|p2|Landorus-Therian, M
|poke|p2|Heatran, M, shiny
|poke|p2|Celebi
|rule|Sleep Clause Mod: Limit one foe put to sleep
|rule|Species Clause: Limit one of each Pokemon
|rule|OHKO Clause: OHKO moves are banned
|rule|Moody Clause: Moody is banned
|rule|Evasion Moves Clause: Evasion moves are banned
|rule|Endless Battle Clause: Forcing endless battles is banned.
|rule|HP Percentage Mod: HP is reported as percentages
|teampreview
|
|start
|switch|p1a: Mamoswine|Mamoswine, M|362/362
|switch|p2a: Landorus-Therian|Landorus-Therian, M|381/381
|-ability|p2a: Landorus-Therian|Intimidate|[of] p1a: Mamoswine
|-unboost|p1a: Mamoswine|atk|1
|turn|1
|
|move|p1a: Mamoswine|Stealth Rock|p2a: Landorus-Therian
|-sidestart|p2: Lycans|move: Stealth Rock
|move|p2a: Landorus-Therian|Stealth Rock|p1a: Mamoswine
|-sidestart|p1: toomanyefforts|move: Stealth Rock
|
|turn|2
|
|switch|p2a: Jirachi|Jirachi|341/341
|-damage|p2a: Jirachi|320/341|[from] Stealth Rock
|move|p1a: Mamoswine|Ice Shard|p2a: Jirachi
|-resisted|p2a: Jirachi
|-damage|p2a: Jirachi|296/341
|
|turn|3
|
|move|p2a: Jirachi|U-turn|p1a: Mamoswine
|-damage|p1a: Mamoswine|284/362
|
|switch|p2a: Landorus-Therian|Landorus-Therian, M|381/381
|-damage|p2a: Landorus-Therian|334/381|[from] Stealth Rock
|-ability|p2a: Landorus-Therian|Intimidate|[of] p1a: Mamoswine
|-unboost|p1a: Mamoswine|atk|1
|move|p1a: Mamoswine|Earthquake|p2a: Landorus-Therian
|-immune|p2a: Landorus-Therian|[msg]
|
|-heal|p2a: Landorus-Therian|357/381|[from] item: Leftovers
|turn|4
|
|move|p1a: Mamoswine|Ice Shard|p2a: Landorus-Therian
|-supereffective|p2a: Landorus-Therian
|-damage|p2a: Landorus-Therian|213/381
|move|p2a: Landorus-Therian|U-turn|p1a: Mamoswine
|-damage|p1a: Mamoswine|187/362
|
|switch|p2a: Keldeo-Resolute|Keldeo-Resolute|323/323
|-damage|p2a: Keldeo-Resolute|303/323|[from] Stealth Rock
|
|turn|5
|
|move|p2a: Keldeo-Resolute|Secret Sword|p1a: Mamoswine
|-supereffective|p1a: Mamoswine
|-damage|p1a: Mamoswine|0 fnt
|faint|p1a: Mamoswine
|
|
|switch|p1a: Latios|Latios, M|302/302
|-damage|p1a: Latios|265/302|[from] Stealth Rock
|turn|6
|
|switch|p2a: Tyranitar|Tyranitar, M, shiny|386/386
|-damage|p2a: Tyranitar|338/386|[from] Stealth Rock
|-weather|Sandstorm|[from] ability: Sand Stream|[of] p2a: Tyranitar
|move|p1a: Latios|Draco Meteor|p2a: Tyranitar
|-damage|p2a: Tyranitar|91/386
|-unboost|p1a: Latios|spa|2
|
|-weather|Sandstorm|[upkeep]
|-damage|p1a: Latios|247/302|[from] sandstorm
|turn|7
|
|switch|p2a: Jirachi|Jirachi|296/341
|-damage|p2a: Jirachi|275/341|[from] Stealth Rock
|move|p1a: Latios|Draco Meteor|p2a: Jirachi|[miss]
|-miss|p1a: Latios|p2a: Jirachi
|
|-weather|Sandstorm|[upkeep]
|-damage|p1a: Latios|229/302|[from] sandstorm
|turn|8
|
|switch|p1a: Magnezone|Magnezone|318/318
|-damage|p1a: Magnezone|299/318|[from] Stealth Rock
|move|p2a: Jirachi|U-turn|p1a: Magnezone
|-resisted|p1a: Magnezone
|-damage|p1a: Magnezone|268/318
|
|switch|p2a: Heatran|Heatran, M, shiny|323/323
|-damage|p2a: Heatran|283/323|[from] Stealth Rock
|-item|p2a: Heatran|Air Balloon
|
|-weather|Sandstorm|[upkeep]
|-heal|p1a: Magnezone|287/318|[from] item: Leftovers
|turn|9
|
|switch|p1a: Heatran|Heatran, F|323/323
|-damage|p1a: Heatran|283/323|[from] Stealth Rock
|-item|p1a: Heatran|Air Balloon
|move|p2a: Heatran|Fire Blast|p1a: Heatran
|-start|p1a: Heatran|ability: Flash Fire
|
|-weather|Sandstorm|[upkeep]
|turn|10
|
|move|p2a: Heatran|Hidden Power|p1a: Heatran
|-resisted|p1a: Heatran
|-damage|p1a: Heatran|263/323
|-enditem|p1a: Heatran|Air Balloon
|move|p1a: Heatran|Hidden Power|p2a: Heatran
|-resisted|p2a: Heatran
|-damage|p2a: Heatran|265/323
|-enditem|p2a: Heatran|Air Balloon
|
|-weather|Sandstorm|[upkeep]
|turn|11
|
|move|p2a: Heatran|Earth Power|p1a: Heatran
|-supereffective|p1a: Heatran
|-damage|p1a: Heatran|0 fnt
|faint|p1a: Heatran
|
|-weather|Sandstorm|[upkeep]
|
|switch|p1a: Latios|Latios, M|229/302
|-damage|p1a: Latios|192/302|[from] Stealth Rock
|turn|12
|
|switch|p2a: Tyranitar|Tyranitar, M, shiny|91/386
|-damage|p2a: Tyranitar|43/386|[from] Stealth Rock
|move|p1a: Latios|Surf|p2a: Tyranitar
|-supereffective|p2a: Tyranitar
|-damage|p2a: Tyranitar|0 fnt
|faint|p2a: Tyranitar
|
|-weather|Sandstorm|[upkeep]
|-damage|p1a: Latios|174/302|[from] sandstorm
|
|switch|p2a: Celebi|Celebi|355/355
|-damage|p2a: Celebi|311/355|[from] Stealth Rock
|turn|13
|
|switch|p1a: Dragonite|Dragonite, F|323/323
|-damage|p1a: Dragonite|243/323|[from] Stealth Rock
|move|p2a: Celebi|U-turn|p1a: Dragonite
|-resisted|p1a: Dragonite
|-damage|p1a: Dragonite|218/323
|
|switch|p2a: Keldeo-Resolute|Keldeo-Resolute|303/323
|-damage|p2a: Keldeo-Resolute|283/323|[from] Stealth Rock
|
|-weather|Sandstorm|[upkeep]
|-damage|p2a: Keldeo-Resolute|263/323|[from] sandstorm
|-damage|p1a: Dragonite|198/323|[from] sandstorm
|turn|14
|
|move|p2a: Keldeo-Resolute|Icy Wind|p1a: Dragonite
|-supereffective|p1a: Dragonite
|-damage|p1a: Dragonite|0 fnt
|faint|p1a: Dragonite
|
|-weather|Sandstorm|[upkeep]
|-damage|p2a: Keldeo-Resolute|243/323|[from] sandstorm
|-message|toomanyefforts forfeited.
|
|win|Lycans
|raw|Ladder updating...
|leave|toomanyefforts
|player|p1
|raw|toomanyefforts's rating: 1474 &rarr; <strong>1444</strong><br />(-30 for losing)
|raw|Lycans's rating: 1296 &rarr; <strong>1332</strong><br />(+36 for winning)