|j|☆Cinema Staff Fan
|j|☆Salutethewolf
|t:|1746099044
|gametype|singles
|player|p1|Cinema Staff Fan|miku-water|1490
|player|p2|Salutethewolf|hugh|1376
|teamsize|p1|6
|teamsize|p2|6
|gen|5
|tier|[Gen 5] OU
|rated|
|rule|Species Clause: Limit one of each Pokémon
|rule|OHKO Clause: OHKO moves are banned
|rule|Moody Clause: Moody is banned
|rule|Evasion Items Clause: Evasion items are banned
|rule|Evasion Moves Clause: Evasion moves are banned
|rule|Endless Battle Clause: Forcing endless battles is banned
|rule|HP Percentage Mod: HP is shown in percentages
|rule|Evasion Abilities Clause: Evasion abilities are banned
|rule|Sleep Moves Clause: Sleep-inducing moves are banned
|rule|Swagger Clause: Swagger is banned
|rule|Baton Pass Stat Clause: No Baton Passer may have a way to boost its stats
|clearpoke
|poke|p1|Politoed, F|item
|poke|p1|Gyarados, M|item
|poke|p1|Tentacruel, M|item
|poke|p1|Keldeo|item
|poke|p1|Gastrodon-East, F|item
|poke|p1|Ferrothorn, F|item
|poke|p2|Ambipom, M|item
|poke|p2|Garchomp, M|item
|poke|p2|Starmie|item
|poke|p2|Latios, M|item
|poke|p2|Skarmory, F|item
|poke|p2|Jellicent, M|item
|teampreview
|inactive|Battle timer is ON: inactive players will automatically lose when time's up. (requested by Cinema Staff Fan)
|inactive|Salutethewolf also wants the timer to be on.
|
|t:|1746099058
|start
|switch|p1a: Politoed|Politoed, F|100/100
|switch|p2a: Latios|Latios, M, shiny|100/100
|-weather|RainDance|[from] ability: Drizzle|[of] p1a: Politoed
|turn|1
|
|t:|1746099065
|move|p2a: Latios|Trick|p1a: Politoed
|-activate|p2a: Latios|move: Trick|[of] p1a: Politoed
|-item|p1a: Politoed|Choice Scarf|[from] move: Trick
|-item|p2a: Latios|Leftovers|[from] move: Trick
|move|p1a: Politoed|Toxic|p2a: Latios
|-status|p2a: Latios|tox
|
|-weather|RainDance|[upkeep]
|-damage|p2a: Latios|95/100 tox|[from] psn
|upkeep
|turn|2
|
|t:|1746099082
|switch|p2a: Garchomp|Garchomp, M, shiny|100/100
|switch|p1a: Ferrothorn|Ferrothorn, F|100/100
|
|-weather|RainDance|[upkeep]
|upkeep
|turn|3
|
|t:|1746099090
|move|p2a: Garchomp|Stealth Rock|p1a: Ferrothorn
|-sidestart|p1: Cinema Staff Fan|move: Stealth Rock
|move|p1a: Ferrothorn|Stealth Rock|p2a: Garchomp
|-sidestart|p2: Salutethewolf|move: Stealth Rock
|
|-weather|RainDance|[upkeep]
|upkeep
|turn|4
|
|t:|1746099098
|move|p2a: Garchomp|Fire Blast|p1a: Ferrothorn
|-supereffective|p1a: Ferrothorn
|-crit|p1a: Ferrothorn
|-damage|p1a: Ferrothorn|0 fnt
|faint|p1a: Ferrothorn
|-damage|p2a: Garchomp|91/100|[from] item: Life Orb
|
|-weather|RainDance|[upkeep]
|upkeep
|
|t:|1746099118
|switch|p1a: Gastrodon|Gastrodon-East, F|100/100
|-damage|p1a: Gastrodon|94/100|[from] Stealth Rock
|turn|5
|
|t:|1746099125
|switch|p2a: Starmie|Starmie, shiny|100/100
|-damage|p2a: Starmie|88/100|[from] Stealth Rock
|move|p1a: Gastrodon|Scald|p2a: Starmie
|-resisted|p2a: Starmie
|-damage|p2a: Starmie|66/100
|-status|p2a: Starmie|brn
|
|-weather|RainDance|[upkeep]
|-heal|p2a: Starmie|72/100 brn|[from] item: Leftovers
|-heal|p1a: Gastrodon|100/100|[from] item: Leftovers
|-damage|p2a: Starmie|59/100 brn|[from] brn
|upkeep
|turn|6
|
|t:|1746099138
|move|p2a: Starmie|Toxic|p1a: Gastrodon
|-status|p1a: Gastrodon|tox
|move|p1a: Gastrodon|Scald|p2a: Starmie
|-resisted|p2a: Starmie
|-damage|p2a: Starmie|36/100 brn
|
|-weather|RainDance|[upkeep]
|-heal|p2a: Starmie|42/100 brn|[from] item: Leftovers
|-damage|p1a: Gastrodon|94/100 tox|[from] psn
|-damage|p2a: Starmie|30/100 brn|[from] brn
|upkeep
|turn|7
|
|t:|1746099149
|move|p2a: Starmie|Recover|p2a: Starmie
|-heal|p2a: Starmie|80/100 brn
|move|p1a: Gastrodon|Scald|p2a: Starmie
|-resisted|p2a: Starmie
|-crit|p2a: Starmie
|-damage|p2a: Starmie|33/100 brn
|
|-weather|RainDance|[upkeep]
|-heal|p2a: Starmie|39/100 brn|[from] item: Leftovers
|-heal|p1a: Gastrodon|100/100 tox|[from] item: Leftovers
|-damage|p1a: Gastrodon|88/100 tox|[from] psn
|-damage|p2a: Starmie|26/100 brn|[from] brn
|upkeep
|turn|8
|
|t:|1746099161
|switch|p1a: Keldeo|Keldeo|100/100
|-damage|p1a: Keldeo|94/100|[from] Stealth Rock
|move|p2a: Starmie|Recover|p2a: Starmie
|-heal|p2a: Starmie|76/100 brn
|
|-weather|RainDance|[upkeep]
|-heal|p2a: Starmie|83/100 brn|[from] item: Leftovers
|-damage|p2a: Starmie|70/100 brn|[from] brn
|upkeep
|turn|9
|
|t:|1746099172
|-curestatus|p2a: Starmie|brn|[from] ability: Natural Cure
|switch|p2a: Jellicent|Jellicent, M, shiny|100/100
|-damage|p2a: Jellicent|88/100|[from] Stealth Rock
|move|p1a: Keldeo|Hydro Pump|p2a: Jellicent
|-heal|p2a: Jellicent|100/100|[from] ability: Water Absorb|[of] p1a: Keldeo
|
|-weather|RainDance|[upkeep]
|upkeep
|turn|10
|
|t:|1746099183
|switch|p1a: Tentacruel|Tentacruel, M|100/100
|-damage|p1a: Tentacruel|88/100|[from] Stealth Rock
|move|p2a: Jellicent|Will-O-Wisp|p1a: Tentacruel|[miss]
|-miss|p2a: Jellicent|p1a: Tentacruel
|
|-weather|RainDance|[upkeep]
|-heal|p1a: Tentacruel|94/100|[from] ability: Rain Dish
|-heal|p1a: Tentacruel|99/100|[from] item: Black Sludge
|upkeep
|turn|11
|
|t:|1746099195
|move|p1a: Tentacruel|Toxic|p2a: Jellicent
|-status|p2a: Jellicent|tox
|move|p2a: Jellicent|Will-O-Wisp|p1a: Tentacruel|[miss]
|-miss|p2a: Jellicent|p1a: Tentacruel
|
|-weather|RainDance|[upkeep]
|-heal|p1a: Tentacruel|100/100|[from] ability: Rain Dish
|-damage|p2a: Jellicent|94/100 tox|[from] psn
|upkeep
|turn|12
|
|t:|1746099209
|switch|p2a: Starmie|Starmie, shiny|70/100
|-damage|p2a: Starmie|58/100|[from] Stealth Rock
|move|p1a: Tentacruel|Protect||[still]
|-fail|p1a: Tentacruel
|
|-weather|RainDance|[upkeep]
|-heal|p2a: Starmie|64/100|[from] item: Leftovers
|upkeep
|turn|13
|
|t:|1746099219
|move|p1a: Tentacruel|Toxic|p2a: Starmie
|-status|p2a: Starmie|tox
|move|p2a: Starmie|Rapid Spin|p1a: Tentacruel
|-damage|p1a: Tentacruel|97/100
|-sideend|p2: Salutethewolf|Stealth Rock|[from] move: Rapid Spin|[of] p2a: Starmie
|
|-weather|RainDance|[upkeep]
|-heal|p1a: Tentacruel|100/100|[from] ability: Rain Dish
|-heal|p2a: Starmie|70/100 tox|[from] item: Leftovers
|-damage|p2a: Starmie|64/100 tox|[from] psn
|upkeep
|turn|14
|
|t:|1746099230
|move|p1a: Tentacruel|Rapid Spin|p2a: Starmie
|-damage|p2a: Starmie|61/100 tox
|-sideend|p1: Cinema Staff Fan|Stealth Rock|[from] move: Rapid Spin|[of] p1a: Tentacruel
|move|p2a: Starmie|Recover|p2a: Starmie
|-heal|p2a: Starmie|100/100 tox
|
|-weather|RainDance|[upkeep]
|-damage|p2a: Starmie|88/100 tox|[from] psn
|upkeep
|turn|15
|
|t:|1746099245
|switch|p1a: Keldeo|Keldeo|94/100
|-curestatus|p2a: Starmie|tox|[from] ability: Natural Cure
|switch|p2a: Latios|Latios, M, shiny|95/100 tox
|
|-weather|RainDance|[upkeep]
|-heal|p2a: Latios|100/100 tox|[from] item: Leftovers
|-damage|p2a: Latios|95/100 tox|[from] psn
|upkeep
|turn|16
|
|t:|1746099257
|switch|p1a: Politoed|Politoed, F|100/100
|move|p2a: Latios|Psyshock|p1a: Politoed
|-damage|p1a: Politoed|56/100
|
|-weather|RainDance|[upkeep]
|-heal|p2a: Latios|100/100 tox|[from] item: Leftovers
|-damage|p2a: Latios|89/100 tox|[from] psn
|upkeep
|turn|17
|
|t:|1746099266
|move|p1a: Politoed|Protect|p1a: Politoed
|-singleturn|p1a: Politoed|Protect
|move|p2a: Latios|Draco Meteor|p1a: Politoed
|-activate|p1a: Politoed|move: Protect
|
|-weather|RainDance|[upkeep]
|-heal|p2a: Latios|95/100 tox|[from] item: Leftovers
|-damage|p2a: Latios|77/100 tox|[from] psn
|upkeep
|turn|18
|
|t:|1746099277
|move|p1a: Politoed|Protect||[still]
|-fail|p1a: Politoed
|move|p2a: Latios|Draco Meteor|p1a: Politoed
|-damage|p1a: Politoed|14/100
|-unboost|p2a: Latios|spa|2
|
|-weather|RainDance|[upkeep]
|-heal|p2a: Latios|83/100 tox|[from] item: Leftovers
|-damage|p2a: Latios|59/100 tox|[from] psn
|upkeep
|turn|19
|
|t:|1746099288
|switch|p2a: Garchomp|Garchomp, M, shiny|91/100
|move|p1a: Politoed|Protect||[still]
|-fail|p1a: Politoed
|
|-weather|RainDance|[upkeep]
|upkeep
|turn|20
|
|t:|1746099310
|switch|p1a: Keldeo|Keldeo|94/100
|move|p2a: Garchomp|Stealth Rock|p1a: Keldeo
|-sidestart|p1: Cinema Staff Fan|move: Stealth Rock
|
|-weather|RainDance|[upkeep]
|upkeep
|turn|21
|
|t:|1746099318
|switch|p2a: Jellicent|Jellicent, M, shiny|94/100 tox
|move|p1a: Keldeo|Hidden Power|p2a: Jellicent
|-supereffective|p2a: Jellicent
|-damage|p2a: Jellicent|55/100 tox
|
|-weather|RainDance|[upkeep]
|-heal|p2a: Jellicent|61/100 tox|[from] item: Leftovers
|-damage|p2a: Jellicent|55/100 tox|[from] psn
|upkeep
|turn|22
|
|t:|1746099328
|move|p1a: Keldeo|Hidden Power|p2a: Jellicent
|-supereffective|p2a: Jellicent
|-damage|p2a: Jellicent|12/100 tox
|move|p2a: Jellicent|Recover|p2a: Jellicent
|-heal|p2a: Jellicent|62/100 tox
|
|-weather|RainDance|[upkeep]
|-heal|p2a: Jellicent|68/100 tox|[from] item: Leftovers
|-damage|p2a: Jellicent|55/100 tox|[from] psn
|upkeep
|turn|23
|
|t:|1746099339
|switch|p1a: Politoed|Politoed, F|14/100
|-damage|p1a: Politoed|1/100|[from] Stealth Rock
|switch|p2a: Skarmory|Skarmory, F, shiny|100/100
|
|-weather|RainDance|[upkeep]
|upkeep
|turn|24
|
|t:|1746099349
|switch|p1a: Keldeo|Keldeo|94/100
|-damage|p1a: Keldeo|88/100|[from] Stealth Rock
|switch|p2a: Jellicent|Jellicent, M, shiny|55/100 tox
|
|-weather|RainDance|[upkeep]
|-heal|p2a: Jellicent|62/100 tox|[from] item: Leftovers
|-damage|p2a: Jellicent|55/100 tox|[from] psn
|upkeep
|turn|25
|
|t:|1746099360
|switch|p2a: Skarmory|Skarmory, F, shiny|100/100
|move|p1a: Keldeo|Hidden Power|p2a: Skarmory
|-resisted|p2a: Skarmory
|-damage|p2a: Skarmory|89/100
|
|-weather|RainDance|[upkeep]
|upkeep
|turn|26
|
|t:|1746099368
|switch|p1a: Tentacruel|Tentacruel, M|100/100
|-damage|p1a: Tentacruel|88/100|[from] Stealth Rock
|move|p2a: Skarmory|Brave Bird|p1a: Tentacruel
|-damage|p1a: Tentacruel|49/100
|-damage|p2a: Skarmory|75/100|[from] Recoil
|
|-weather|RainDance|[upkeep]
|-heal|p1a: Tentacruel|55/100|[from] ability: Rain Dish
|-heal|p1a: Tentacruel|61/100|[from] item: Black Sludge
|upkeep
|turn|27
|
|t:|1746099382
|switch|p2a: Starmie|Starmie, shiny|88/100
|move|p1a: Tentacruel|Rapid Spin|p2a: Starmie
|-damage|p2a: Starmie|86/100
|-sideend|p1: Cinema Staff Fan|Stealth Rock|[from] move: Rapid Spin|[of] p1a: Tentacruel
|
|-weather|RainDance|[upkeep]
|-heal|p1a: Tentacruel|67/100|[from] ability: Rain Dish
|-heal|p1a: Tentacruel|73/100|[from] item: Black Sludge
|-heal|p2a: Starmie|92/100|[from] item: Leftovers
|upkeep
|turn|28
|
|t:|1746099394
|switch|p1a: Gyarados|Gyarados, M|100/100
|switch|p2a: Jellicent|Jellicent, M, shiny|55/100 tox
|
|-weather|RainDance|[upkeep]
|-heal|p2a: Jellicent|62/100 tox|[from] item: Leftovers
|-damage|p2a: Jellicent|55/100 tox|[from] psn
|upkeep
|turn|29
|
|t:|1746099413
|switch|p2a: Starmie|Starmie, shiny|92/100
|move|p1a: Gyarados|Bounce||[still]
|-prepare|p1a: Gyarados|Bounce
|
|-weather|RainDance|[upkeep]
|-heal|p2a: Starmie|98/100|[from] item: Leftovers
|upkeep
|turn|30
|
|t:|1746099421
|move|p1a: Gyarados|Bounce|p2a: Starmie|[from] lockedmove
|-damage|p2a: Starmie|62/100
|move|p2a: Starmie|Toxic|p1a: Gyarados
|-status|p1a: Gyarados|tox
|
|-weather|RainDance|[upkeep]
|-heal|p2a: Starmie|68/100|[from] item: Leftovers
|-damage|p1a: Gyarados|94/100 tox|[from] psn
|upkeep
|turn|31
|
|t:|1746099430
|move|p1a: Gyarados|Dragon Dance|p1a: Gyarados
|-boost|p1a: Gyarados|atk|1
|-boost|p1a: Gyarados|spe|1
|move|p2a: Starmie|Scald|p1a: Gyarados
|-resisted|p1a: Gyarados
|-damage|p1a: Gyarados|72/100 tox
|
|-weather|RainDance|[upkeep]
|-heal|p1a: Gyarados|78/100 tox|[from] item: Leftovers
|-heal|p2a: Starmie|74/100|[from] item: Leftovers
|-damage|p1a: Gyarados|66/100 tox|[from] psn
|upkeep
|turn|32
|
|t:|1746099442
|move|p1a: Gyarados|Dragon Dance|p1a: Gyarados
|-boost|p1a: Gyarados|atk|1
|-boost|p1a: Gyarados|spe|1
|move|p2a: Starmie|Scald|p1a: Gyarados
|-resisted|p1a: Gyarados
|-damage|p1a: Gyarados|45/100 tox
|
|-weather|RainDance|[upkeep]
|-heal|p1a: Gyarados|51/100 tox|[from] item: Leftovers
|-heal|p2a: Starmie|80/100|[from] item: Leftovers
|-damage|p1a: Gyarados|33/100 tox|[from] psn
|upkeep
|turn|33
|
|t:|1746099456
|switch|p2a: Skarmory|Skarmory, F, shiny|75/100
|move|p1a: Gyarados|Earthquake|p2a: Skarmory
|-immune|p2a: Skarmory
|
|-weather|RainDance|[upkeep]
|-heal|p1a: Gyarados|39/100 tox|[from] item: Leftovers
|-damage|p1a: Gyarados|15/100 tox|[from] psn
|upkeep
|turn|34
|
|t:|1746099466
|move|p1a: Gyarados|Earthquake|p2a: Skarmory
|-immune|p2a: Skarmory
|move|p2a: Skarmory|Roost|p2a: Skarmory
|-heal|p2a: Skarmory|100/100
|-singleturn|p2a: Skarmory|move: Roost
|
|-weather|RainDance|[upkeep]
|-heal|p1a: Gyarados|21/100 tox|[from] item: Leftovers
|-damage|p1a: Gyarados|0 fnt|[from] psn
|faint|p1a: Gyarados
|upkeep
|
|t:|1746099473
|switch|p1a: Keldeo|Keldeo|88/100
|turn|35
|
|t:|1746099481
|switch|p2a: Latios|Latios, M, shiny|59/100 tox
|move|p1a: Keldeo|Surf|p2a: Latios
|-resisted|p2a: Latios
|-damage|p2a: Latios|0 fnt
|faint|p2a: Latios
|
|-weather|RainDance|[upkeep]
|upkeep
|
|t:|1746099492
|switch|p2a: Ambipom|Ambipom, M, shiny|100/100
|turn|36
|
|t:|1746099496
|move|p2a: Ambipom|Fake Out|p1a: Keldeo
|-damage|p1a: Keldeo|47/100
|-damage|p2a: Ambipom|91/100|[from] item: Life Orb
|cant|p1a: Keldeo|flinch
|
|-weather|RainDance|[upkeep]
|upkeep
|turn|37
|
|t:|1746099505
|switch|p2a: Jellicent|Jellicent, M, shiny|55/100 tox
|move|p1a: Keldeo|Surf|p2a: Jellicent
|-heal|p2a: Jellicent|80/100 tox|[from] ability: Water Absorb|[of] p1a: Keldeo
|
|-weather|RainDance|[upkeep]
|-heal|p2a: Jellicent|87/100 tox|[from] item: Leftovers
|-damage|p2a: Jellicent|80/100 tox|[from] psn
|upkeep
|turn|38
|
|t:|1746099515
|switch|p1a: Gastrodon|Gastrodon-East, F|88/100 tox
|move|p2a: Jellicent|Will-O-Wisp|p1a: Gastrodon|[miss]
|-miss|p2a: Jellicent|p1a: Gastrodon
|
|-weather|RainDance|[upkeep]
|-heal|p2a: Jellicent|87/100 tox|[from] item: Leftovers
|-heal|p1a: Gastrodon|94/100 tox|[from] item: Leftovers
|-damage|p2a: Jellicent|74/100 tox|[from] psn
|-damage|p1a: Gastrodon|88/100 tox|[from] psn
|upkeep
|turn|39
|
|t:|1746099529
|switch|p2a: Starmie|Starmie, shiny|80/100
|switch|p1a: Keldeo|Keldeo|47/100
|
|-weather|RainDance|[upkeep]
|-heal|p2a: Starmie|86/100|[from] item: Leftovers
|upkeep
|turn|40
|
|t:|1746099543
|switch|p2a: Jellicent|Jellicent, M, shiny|74/100 tox
|move|p1a: Keldeo|Hydro Pump|p2a: Jellicent
|-heal|p2a: Jellicent|99/100 tox|[from] ability: Water Absorb|[of] p1a: Keldeo
|
|-weather|RainDance|[upkeep]
|-heal|p2a: Jellicent|100/100 tox|[from] item: Leftovers
|-damage|p2a: Jellicent|94/100 tox|[from] psn
|upkeep
|turn|41
|-message|Cinema Staff Fan forfeited.
|
|win|Salutethewolf
|raw|Cinema Staff Fan's rating: 1490 &rarr; <strong>1464</strong><br />(-26 for losing)
|raw|Salutethewolf's rating: 1376 &rarr; <strong>1402</strong><br />(+26 for winning)
|l|☆Cinema Staff Fan
|player|p1|
