|j|☆Perish Song ♫
|j|☆Ghetsis 789
|t:|1598188392
|player|p1|Perish Song ♫|#perishsong|1433
|player|p2|Ghetsis 789|ghetsis|1374
|teamsize|p1|6
|teamsize|p2|6
|gametype|singles
|gen|5
|tier|[Gen 5] OU
|rated|
|clearpoke
|poke|p1|Ferrothorn, F|item
|poke|p1|Garchomp, M|item
|poke|p1|Starmie|item
|poke|p1|Dragonite, M|item
|poke|p1|Scizor, F|item
|poke|p1|Terrakion|item
|poke|p2|Weavile, M|item
|poke|p2|Alakazam, M|item
|poke|p2|Heatran, F|item
|poke|p2|Salamence, M|item
|poke|p2|Jellicent, F|item
|poke|p2|Scizor, M|item
|rule|Species Clause: Limit one of each Pokémon
|rule|OHKO Clause: OHKO moves are banned
|rule|Moody Clause: Moody is banned
|rule|Evasion Moves Clause: Evasion moves are banned
|rule|Endless Battle Clause: Forcing endless battles is banned
|rule|HP Percentage Mod: HP is shown in percentages
|rule|Evasion Abilities Clause: Evasion abilities are banned
|rule|Baton Pass Clause: Limit one Baton Passer, can't pass Spe and other stats simultaneously
|rule|Sleep Clause: Sleep-inducing moves are banned
|rule|Swagger Clause: Swagger is banned
|teampreview
|
|t:|1598188411
|start
|switch|p1a: Ferrothorn|Ferrothorn, F, shiny|100/100
|switch|p2a: Scizor|Scizor, M|100/100
|turn|1
|
|t:|1598188424
|switch|p2a: Heatran|Heatran, F|100/100
|move|p1a: Ferrothorn|Gyro Ball|p2a: Heatran
|-resisted|p2a: Heatran
|-damage|p2a: Heatran|89/100
|
|-heal|p2a: Heatran|95/100|[from] item: Leftovers
|upkeep
|turn|2
|
|t:|1598188435
|switch|p1a: Starmie|Starmie|100/100
|move|p2a: Heatran|Stealth Rock|p1a: Starmie
|-sidestart|p1: Perish Song ♫|move: Stealth Rock
|
|-heal|p2a: Heatran|100/100|[from] item: Leftovers
|upkeep
|turn|3
|
|t:|1598188445
|switch|p2a: Jellicent|Jellicent, F|100/100
|move|p1a: Starmie|Thunderbolt|p2a: Jellicent
|-supereffective|p2a: Jellicent
|-damage|p2a: Jellicent|28/100
|-damage|p1a: Starmie|91/100|[from] item: Life Orb
|
|-heal|p2a: Jellicent|35/100|[from] item: Leftovers
|upkeep
|turn|4
|
|t:|1598188466
|move|p1a: Starmie|Thunderbolt|p2a: Jellicent
|-supereffective|p2a: Jellicent
|-damage|p2a: Jellicent|0 fnt
|-damage|p1a: Starmie|81/100|[from] item: Life Orb
|faint|p2a: Jellicent
|
|upkeep
|
|t:|1598188478
|switch|p2a: Alakazam|Alakazam, M|100/100
|turn|5
|
|t:|1598188485
|switch|p1a: Ferrothorn|Ferrothorn, F, shiny|100/100
|-damage|p1a: Ferrothorn|94/100|[from] Stealth Rock
|move|p2a: Alakazam|Energy Ball|p1a: Ferrothorn
|-resisted|p1a: Ferrothorn
|-damage|p1a: Ferrothorn|89/100
|
|-heal|p1a: Ferrothorn|96/100|[from] item: Leftovers
|upkeep
|turn|6
|
|t:|1598188497
|switch|p2a: Heatran|Heatran, F|100/100
|move|p1a: Ferrothorn|Stealth Rock|p2a: Heatran
|-sidestart|p2: Ghetsis 789|move: Stealth Rock
|
|-heal|p1a: Ferrothorn|100/100|[from] item: Leftovers
|upkeep
|turn|7
|
|t:|1598188506
|switch|p1a: Starmie|Starmie|81/100
|-damage|p1a: Starmie|68/100|[from] Stealth Rock
|move|p2a: Heatran|Sunny Day|p2a: Heatran
|-weather|SunnyDay
|
|-weather|SunnyDay|[upkeep]
|upkeep
|turn|8
|
|t:|1598188516
|move|p1a: Starmie|Rapid Spin|p2a: Heatran
|-resisted|p2a: Heatran
|-damage|p2a: Heatran|99/100
|-sideend|p1: Perish Song ♫|Stealth Rock|[from] move: Rapid Spin|[of] p1a: Starmie
|-damage|p1a: Starmie|59/100|[from] item: Life Orb
|move|p2a: Heatran|Solar Beam||[still]
|-prepare|p2a: Heatran|Solar Beam
|-anim|p2a: Heatran|Solar Beam|p1a: Starmie
|-supereffective|p1a: Starmie
|-damage|p1a: Starmie|0 fnt
|faint|p1a: Starmie
|
|-weather|SunnyDay|[upkeep]
|-heal|p2a: Heatran|100/100|[from] item: Leftovers
|upkeep
|
|t:|1598188537
|switch|p1a: Garchomp|Garchomp, M, shiny|100/100
|turn|9
|
|t:|1598188548
|switch|p2a: Scizor|Scizor, M|100/100
|-damage|p2a: Scizor|88/100|[from] Stealth Rock
|move|p1a: Garchomp|Substitute|p1a: Garchomp
|-start|p1a: Garchomp|Substitute
|-damage|p1a: Garchomp|76/100
|
|-weather|SunnyDay|[upkeep]
|upkeep
|turn|10
|
|t:|1598188565
|move|p1a: Garchomp|Swords Dance|p1a: Garchomp
|-boost|p1a: Garchomp|atk|2
|move|p2a: Scizor|U-turn|p1a: Garchomp
|-end|p1a: Garchomp|Substitute
|
|t:|1598188573
|switch|p2a: Weavile|Weavile, M|100/100|[from]move: U-turn
|-damage|p2a: Weavile|76/100|[from] Stealth Rock
|-ability|p2a: Weavile|Pressure
|
|-weather|SunnyDay|[upkeep]
|upkeep
|turn|11
|
|t:|1598188584
|switch|p1a: Ferrothorn|Ferrothorn, F, shiny|100/100
|move|p2a: Weavile|Ice Shard|p1a: Ferrothorn
|-damage|p1a: Ferrothorn|83/100
|-damage|p2a: Weavile|66/100|[from] item: Life Orb
|
|-weather|none
|-heal|p1a: Ferrothorn|89/100|[from] item: Leftovers
|upkeep
|turn|12
|
|t:|1598188596
|switch|p2a: Scizor|Scizor, M|88/100
|-damage|p2a: Scizor|75/100|[from] Stealth Rock
|move|p1a: Ferrothorn|Spikes|p2a: Scizor
|-sidestart|p2: Ghetsis 789|Spikes
|
|-heal|p1a: Ferrothorn|95/100|[from] item: Leftovers
|upkeep
|turn|13
|
|t:|1598188634
|move|p2a: Scizor|Defog|p1a: Ferrothorn
|-unboost|p1a: Ferrothorn|evasion|1
|move|p1a: Ferrothorn|Spikes|p2a: Scizor
|-sidestart|p2: Ghetsis 789|Spikes
|
|-heal|p1a: Ferrothorn|100/100|[from] item: Leftovers
|upkeep
|turn|14
|
|t:|1598188655
|switch|p2a: Heatran|Heatran, F|100/100
|-damage|p2a: Heatran|84/100|[from] Spikes
|-damage|p2a: Heatran|71/100|[from] Stealth Rock
|move|p1a: Ferrothorn|Gyro Ball|p2a: Heatran
|-resisted|p2a: Heatran
|-crit|p2a: Heatran
|-damage|p2a: Heatran|46/100
|
|-heal|p2a: Heatran|52/100|[from] item: Leftovers
|upkeep
|turn|15
|
|t:|1598188669
|switch|p1a: Dragonite|Dragonite, M|100/100
|move|p2a: Heatran|Flamethrower|p1a: Dragonite
|-resisted|p1a: Dragonite
|-damage|p1a: Dragonite|87/100
|
|-heal|p2a: Heatran|59/100|[from] item: Leftovers
|upkeep
|turn|16
|
|t:|1598188682
|move|p2a: Heatran|Flamethrower|p1a: Dragonite
|-resisted|p1a: Dragonite
|-damage|p1a: Dragonite|58/100
|move|p1a: Dragonite|Dragon Claw|p2a: Heatran
|-resisted|p2a: Heatran
|-damage|p2a: Heatran|31/100
|-damage|p1a: Dragonite|48/100|[from] item: Life Orb
|
|-heal|p2a: Heatran|38/100|[from] item: Leftovers
|upkeep
|turn|17
|
|t:|1598188695
|move|p2a: Heatran|Stealth Rock|p1a: Dragonite
|-sidestart|p1: Perish Song ♫|move: Stealth Rock
|move|p1a: Dragonite|Dragon Claw|p2a: Heatran
|-resisted|p2a: Heatran
|-damage|p2a: Heatran|13/100
|-damage|p1a: Dragonite|39/100|[from] item: Life Orb
|
|-heal|p2a: Heatran|19/100|[from] item: Leftovers
|upkeep
|turn|18
|
|t:|1598188720
|move|p2a: Heatran|Flamethrower|p1a: Dragonite
|-resisted|p1a: Dragonite
|-damage|p1a: Dragonite|11/100
|move|p1a: Dragonite|Dragon Claw|p2a: Heatran
|-resisted|p2a: Heatran
|-damage|p2a: Heatran|0 fnt
|-damage|p1a: Dragonite|1/100|[from] item: Life Orb
|faint|p2a: Heatran
|
|upkeep
|j| MLT6Z4 PogoJordan2
|
|t:|1598188741
|switch|p2a: Alakazam|Alakazam, M|100/100
|turn|19
|
|t:|1598188751
|move|p1a: Dragonite|Extreme Speed|p2a: Alakazam
|-damage|p2a: Alakazam|12/100
|-damage|p1a: Dragonite|0 fnt|[from] item: Life Orb
|faint|p1a: Dragonite
|move|p2a: Alakazam|Psychic|p1: Dragonite|[notarget]
|-fail|p2a: Alakazam
|
|upkeep
|j| mlt6z4 feen
|
|t:|1598188760
|switch|p1a: Scizor|Scizor, F|100/100
|-damage|p1a: Scizor|88/100|[from] Stealth Rock
|turn|20
|c| mlt6z4 feen|u rly
|c| mlt6z4 feen|laddering bw
|c| mlt6z4 feen|dang
|c|☆Perish Song ♫|y
|
|t:|1598188772
|switch|p2a: Scizor|Scizor, M|75/100
|-damage|p2a: Scizor|59/100|[from] Spikes
|-damage|p2a: Scizor|46/100|[from] Stealth Rock
|move|p1a: Scizor|Bullet Punch|p2a: Scizor
|-resisted|p2a: Scizor
|-damage|p2a: Scizor|29/100
|
|upkeep
|turn|21
|
|t:|1598188787
|move|p1a: Scizor|Swords Dance|p1a: Scizor
|-boost|p1a: Scizor|atk|2
|move|p2a: Scizor|Superpower|p1a: Scizor
|-damage|p1a: Scizor|12/100
|-unboost|p2a: Scizor|atk|1
|-unboost|p2a: Scizor|def|1
|
|upkeep
|turn|22
|c|☆Perish Song ♫|No other good ways to get bw games going
|
|t:|1598188798
|move|p1a: Scizor|Bullet Punch|p2a: Scizor
|-resisted|p2a: Scizor
|-damage|p2a: Scizor|0 fnt
|faint|p2a: Scizor
|
|upkeep
|j| Rain wuddup
|
|t:|1598188806
|switch|p2a: Weavile|Weavile, M|66/100
|-damage|p2a: Weavile|41/100|[from] Stealth Rock
|-damage|p2a: Weavile|24/100|[from] Spikes
|-ability|p2a: Weavile|Pressure
|turn|23
|
|t:|1598188814
|move|p2a: Weavile|Ice Shard|p1a: Scizor
|-resisted|p1a: Scizor
|-damage|p1a: Scizor|0 fnt
|-damage|p2a: Weavile|14/100|[from] item: Life Orb
|faint|p1a: Scizor
|
|upkeep
|c| mlt6z4 feen|tru
|
|t:|1598188817
|switch|p1a: Ferrothorn|Ferrothorn, F, shiny|100/100
|-damage|p1a: Ferrothorn|94/100|[from] Stealth Rock
|turn|24
|c|☆Perish Song ♫|this mence will fuck me
|c| Rain wuddup|i ladder bw
|
|t:|1598188830
|move|p2a: Weavile|Brick Break|p1a: Ferrothorn
|-supereffective|p1a: Ferrothorn
|-damage|p1a: Ferrothorn|47/100
|-damage|p2a: Weavile|2/100|[from] ability: Iron Barbs|[of] p1a: Ferrothorn
|-damage|p2a: Weavile|0 fnt|[from] item: Life Orb
|faint|p2a: Weavile
|move|p1a: Ferrothorn|Gyro Ball|p2: Weavile|[notarget]
|-fail|p1a: Ferrothorn
|
|-heal|p1a: Ferrothorn|53/100|[from] item: Leftovers
|upkeep
|c| Rain wuddup|just kinda dead atm
|
|t:|1598188843
|switch|p2a: Alakazam|Alakazam, M|12/100
|turn|25
|c|☆Perish Song ♫|Its almost always dead whenever I ladder
|c|☆Perish Song ♫|Lol
|
|t:|1598188849
|move|p2a: Alakazam|Focus Blast|p1a: Ferrothorn
|-supereffective|p1a: Ferrothorn
|-damage|p1a: Ferrothorn|0 fnt
|faint|p1a: Ferrothorn
|
|upkeep
|c|☆Perish Song ♫|This shit is hpice isnt it
|
|t:|1598188873
|switch|p1a: Garchomp|Garchomp, M, shiny|76/100
|-damage|p1a: Garchomp|69/100|[from] Stealth Rock
|turn|26
|
|t:|1598188883
|move|p2a: Alakazam|Psychic|p1a: Garchomp
|-damage|p1a: Garchomp|15/100
|move|p1a: Garchomp|Earthquake|p2a: Alakazam
|-damage|p2a: Alakazam|0 fnt
|faint|p2a: Alakazam
|
|upkeep
|c|☆Perish Song ♫|O thank god
|
|t:|1598188892
|switch|p2a: Salamence|Salamence, M|100/100
|-damage|p2a: Salamence|75/100|[from] Stealth Rock
|turn|27
|
|t:|1598188899
|move|p2a: Salamence|Outrage|p1a: Garchomp
|-supereffective|p1a: Garchomp
|-damage|p1a: Garchomp|0 fnt
|-damage|p2a: Salamence|63/100|[from] ability: Rough Skin|[of] p1a: Garchomp
|faint|p1a: Garchomp
|-ability|p2a: Salamence|Moxie|boost
|-boost|p2a: Salamence|atk|1
|
|upkeep
|
|t:|1598188904
|switch|p1a: Terrakion|Terrakion, shiny|100/100
|-damage|p1a: Terrakion|94/100|[from] Stealth Rock
|turn|28
|c|☆Perish Song ♫|This is what sucks about ladder
|c|☆Perish Song ♫|u lose to people who doesnt even know generation mechanics
|c|☆Perish Song ♫|but their shitty ho just overpowers your team
|c| mlt6z4 feen|x
|c| Rain wuddup|i know
|c|☆Perish Song ♫|Whats worse is I told this dude defog didnt remove hazards
|c|☆Perish Song ♫|he still tried it this gen
|c|☆Perish Song ♫|today*
|c| Rain wuddup|gotta build the most consistent team
|c| Rain wuddup|im 14-0 on my main atm
|
|t:|1598188959
|move|p1a: Terrakion|Quick Attack|p2a: Salamence
|-damage|p2a: Salamence|36/100
|move|p2a: Salamence|Outrage|p1a: Terrakion|[from]lockedmove
|-damage|p1a: Terrakion|0 fnt
|-start|p2a: Salamence|confusion|[fatigue]
|faint|p1a: Terrakion
|
|win|Ghetsis 789
|c| Rain wuddup|its possible
|c|☆Perish Song ♫|Perhaps
|c| Rain wuddup|but not easy
|l| mlt6z4 feen
|c|☆Perish Song ♫|If u dont run into this kind of garbage
|l| MLT6Z4 PogoJordan2
|c| Rain wuddup|nah
|c|☆Perish Song ♫|I lost about 4 games 1000 people and fell from 1600
|raw|Perish Song ♫'s rating: 1433 &rarr; <strong>1409</strong><br />(-24 for losing)
|raw|Ghetsis 789's rating: 1374 &rarr; <strong>1397</strong><br />(+23 for winning)
