|j|☆RNG cant' stop me
|j|☆Lancer MK
|player|p1|RNG cant' stop me|209
|player|p2|Lancer MK|153
|teamsize|p1|6
|teamsize|p2|6
|gametype|singles
|gen|5
|tier|[Gen 5] OU
|rated|
|rule|Sleep Clause Mod: Limit one foe put to sleep
|rule|Species Clause: Limit one of each Pokémon
|rule|OHKO Clause: OHKO moves are banned
|rule|Moody Clause: Moody is banned
|rule|Evasion Moves Clause: Evasion moves are banned
|rule|Endless Battle Clause: Forcing endless battles is banned
|rule|HP Percentage Mod: HP is shown in percentages
|rule|Evasion Abilities Clause: Evasion abilities are banned
|rule|Baton Pass Clause: Limit one Baton Passer, can't pass Spe and other stats simultaneously
|rule|Swagger Clause: Swagger is banned
|clearpoke
|poke|p1|Politoed, M|item
|poke|p1|Gliscor, M|item
|poke|p1|Scizor, M|item
|poke|p1|Tornadus, M|item
|poke|p1|Ferrothorn, M|item
|poke|p1|Tentacruel, M|item
|poke|p2|Gyarados, M|item
|poke|p2|Excadrill, M|item
|poke|p2|Scizor, M|item
|poke|p2|Volcarona, F|item
|poke|p2|Dragonite, M|item
|poke|p2|Espeon, F|item
|teampreview
|inactive|Battle timer is ON: inactive players will automatically lose when time's up. (requested by RNG cant' stop me)
|
|start
|switch|p1a: Scizor|Scizor, M|100/100
|switch|p2a: Excadrill|Excadrill, M|100/100
|-ability|p2a: Excadrill|Mold Breaker
|turn|1
|
|move|p2a: Excadrill|Stealth Rock|p1a: Scizor
|-sidestart|p1: RNG cant' stop me|move: Stealth Rock
|move|p1a: Scizor|Superpower|p2a: Excadrill
|-supereffective|p2a: Excadrill
|-enditem|p2a: Excadrill|Focus Sash
|-damage|p2a: Excadrill|1/100
|-unboost|p1a: Scizor|atk|1
|-unboost|p1a: Scizor|def|1
|
|upkeep
|turn|2
|
|switch|p1a: Gliscor|Gliscor, M|100/100
|-damage|p1a: Gliscor|88/100|[from] Stealth Rock
|move|p2a: Excadrill|Earthquake|p1a: Gliscor
|-immune|p1a: Gliscor|[msg]
|
|-status|p1a: Gliscor|tox|[from] item: Toxic Orb
|upkeep
|turn|3
|
|switch|p2a: Gyarados|Gyarados, M|100/100
|move|p1a: Gliscor|Earthquake|p2a: Gyarados
|-immune|p2a: Gyarados|[msg]
|
|-heal|p1a: Gliscor|100/100 tox|[from] ability: Poison Heal
|upkeep
|turn|4
|
|switch|p2a: Espeon|Espeon, F, shiny|100/100
|move|p1a: Gliscor|Toxic|p2a: Espeon
|move|p2a: Espeon|Toxic|p1a: Gliscor|[from]Magic Bounce
|-fail|p1a: Gliscor|tox
|
|upkeep
|turn|5
|
|switch|p1a: Scizor|Scizor, M|100/100
|-damage|p1a: Scizor|88/100|[from] Stealth Rock
|move|p2a: Espeon|Reflect|p2a: Espeon
|-sidestart|p2: Lancer MK|Reflect
|
|upkeep
|turn|6
|
|move|p2a: Espeon|Baton Pass|p2a: Espeon
|
|switch|p2a: Volcarona|Volcarona, F, shiny|100/100
|move|p1a: Scizor|U-turn|p2a: Volcarona
|-resisted|p2a: Volcarona
|-damage|p2a: Volcarona|78/100
|
|switch|p1a: Politoed|Politoed, M|100/100
|-damage|p1a: Politoed|88/100|[from] Stealth Rock
|-weather|RainDance|[from] ability: Drizzle|[of] p1a: Politoed
|
|-weather|RainDance|[upkeep]
|-heal|p2a: Volcarona|84/100|[from] item: Leftovers
|-heal|p1a: Politoed|94/100|[from] item: Leftovers
|upkeep
|turn|7
|
|switch|p2a: Excadrill|Excadrill, M|1/100
|-ability|p2a: Excadrill|Mold Breaker
|move|p1a: Politoed|Toxic|p2a: Excadrill|[miss]
|-miss|p1a: Politoed|p2a: Excadrill
|
|-weather|RainDance|[upkeep]
|-heal|p1a: Politoed|100/100|[from] item: Leftovers
|upkeep
|turn|8
|
|switch|p2a: Espeon|Espeon, F, shiny|100/100
|move|p1a: Politoed|Hydro Pump|p2a: Espeon|[miss]
|-miss|p1a: Politoed|p2a: Espeon
|
|-weather|RainDance|[upkeep]
|upkeep
|turn|9
|
|switch|p1a: Ferrothorn|Ferrothorn, M|100/100
|-damage|p1a: Ferrothorn|94/100|[from] Stealth Rock
|move|p2a: Espeon|Light Screen|p2a: Espeon
|-sidestart|p2: Lancer MK|move: Light Screen
|
|-weather|RainDance|[upkeep]
|-heal|p1a: Ferrothorn|100/100|[from] item: Leftovers
|upkeep
|turn|10
|
|move|p2a: Espeon|Baton Pass|p2a: Espeon
|
|switch|p2a: Scizor|Scizor, M|100/100
|move|p1a: Ferrothorn|Gyro Ball|p2a: Scizor
|-resisted|p2a: Scizor
|-damage|p2a: Scizor|91/100
|
|-weather|RainDance|[upkeep]
|upkeep
|turn|11
|
|move|p1a: Ferrothorn|Protect|p1a: Ferrothorn
|-singleturn|p1a: Ferrothorn|Protect
|move|p2a: Scizor|Swords Dance|p2a: Scizor
|-boost|p2a: Scizor|atk|2
|
|-weather|RainDance|[upkeep]
|upkeep
|turn|12
|
|move|p2a: Scizor|Superpower|p1a: Ferrothorn
|-supereffective|p1a: Ferrothorn
|-damage|p1a: Ferrothorn|0 fnt
|-damage|p2a: Scizor|78/100|[from] ability: Iron Barbs|[of] p1a: Ferrothorn
|-unboost|p2a: Scizor|atk|1
|-unboost|p2a: Scizor|def|1
|faint|p1a: Ferrothorn
|
|-weather|RainDance|[upkeep]
|-sideend|p2: Lancer MK|Reflect
|upkeep
|
|switch|p1a: Tentacruel|Tentacruel, M|100/100
|-damage|p1a: Tentacruel|88/100|[from] Stealth Rock
|turn|13
|
|move|p1a: Tentacruel|Scald|p2a: Scizor
|-damage|p2a: Scizor|57/100
|-status|p2a: Scizor|brn
|-enditem|p2a: Scizor|Lum Berry|[eat]
|-curestatus|p2a: Scizor|brn|[msg]
|move|p2a: Scizor|Pursuit|p1a: Tentacruel
|-damage|p1a: Tentacruel|56/100
|
|-weather|RainDance|[upkeep]
|-heal|p1a: Tentacruel|62/100|[from] ability: Rain Dish
|-heal|p1a: Tentacruel|68/100|[from] item: Black Sludge
|upkeep
|turn|14
|inactive|Lancer MK has 135 seconds left.
|
|switch|p2a: Excadrill|Excadrill, M|1/100
|-ability|p2a: Excadrill|Mold Breaker
|move|p1a: Tentacruel|Scald|p2a: Excadrill
|-supereffective|p2a: Excadrill
|-damage|p2a: Excadrill|0 fnt
|faint|p2a: Excadrill
|
|-weather|RainDance|[upkeep]
|-heal|p1a: Tentacruel|74/100|[from] ability: Rain Dish
|-heal|p1a: Tentacruel|80/100|[from] item: Black Sludge
|upkeep
|
|switch|p2a: Gyarados|Gyarados, M|100/100
|turn|15
|
|move|p2a: Gyarados|Dragon Dance|p2a: Gyarados
|-boost|p2a: Gyarados|atk|1
|-boost|p2a: Gyarados|spe|1
|move|p1a: Tentacruel|Rapid Spin|p2a: Gyarados
|-damage|p2a: Gyarados|97/100
|-sideend|p1: RNG cant' stop me|Stealth Rock|[from] move: Rapid Spin|[of] p1a: Tentacruel
|
|-weather|RainDance|[upkeep]
|-heal|p1a: Tentacruel|86/100|[from] ability: Rain Dish
|-heal|p2a: Gyarados|100/100|[from] item: Leftovers
|-heal|p1a: Tentacruel|92/100|[from] item: Black Sludge
|upkeep
|turn|16
|
|move|p2a: Gyarados|Substitute|p2a: Gyarados
|-start|p2a: Gyarados|Substitute
|-damage|p2a: Gyarados|76/100
|move|p1a: Tentacruel|Toxic|p2a: Gyarados
|-fail|p2a: Gyarados
|
|-weather|RainDance|[upkeep]
|-heal|p1a: Tentacruel|98/100|[from] ability: Rain Dish
|-heal|p2a: Gyarados|82/100|[from] item: Leftovers
|-heal|p1a: Tentacruel|100/100|[from] item: Black Sludge
|-sideend|p2: Lancer MK|move: Light Screen
|upkeep
|turn|17
|
|switch|p1a: Politoed|Politoed, M|100/100
|move|p2a: Gyarados|Dragon Dance|p2a: Gyarados
|-boost|p2a: Gyarados|atk|1
|-boost|p2a: Gyarados|spe|1
|
|-weather|RainDance|[upkeep]
|-heal|p2a: Gyarados|88/100|[from] item: Leftovers
|upkeep
|turn|18
|
|move|p2a: Gyarados|Waterfall|p1a: Politoed
|-resisted|p1a: Politoed
|-damage|p1a: Politoed|53/100
|move|p1a: Politoed|Perish Song|p1a: Politoed
|-start|p1a: Politoed|perish3|[silent]
|-start|p2a: Gyarados|perish3|[silent]
|-fieldactivate|move: Perish Song
|
|-weather|RainDance|[upkeep]
|-heal|p2a: Gyarados|94/100|[from] item: Leftovers
|-heal|p1a: Politoed|59/100|[from] item: Leftovers
|-start|p2a: Gyarados|perish3
|-start|p1a: Politoed|perish3
|upkeep
|turn|19
|
|move|p1a: Politoed|Protect|p1a: Politoed
|-singleturn|p1a: Politoed|Protect
|move|p2a: Gyarados|Waterfall|p1a: Politoed
|-activate|p1a: Politoed|move: Protect
|
|-weather|RainDance|[upkeep]
|-heal|p2a: Gyarados|100/100|[from] item: Leftovers
|-heal|p1a: Politoed|66/100|[from] item: Leftovers
|-start|p2a: Gyarados|perish2
|-start|p1a: Politoed|perish2
|upkeep
|turn|20
|
|switch|p1a: Tentacruel|Tentacruel, M|100/100
|move|p2a: Gyarados|Waterfall|p1a: Tentacruel
|-resisted|p1a: Tentacruel
|-damage|p1a: Tentacruel|45/100
|
|-weather|RainDance|[upkeep]
|-heal|p1a: Tentacruel|51/100|[from] ability: Rain Dish
|-heal|p1a: Tentacruel|57/100|[from] item: Black Sludge
|-start|p2a: Gyarados|perish1
|upkeep
|turn|21
|
|switch|p2a: Espeon|Espeon, F, shiny|100/100
|move|p1a: Tentacruel|Scald|p2a: Espeon
|-damage|p2a: Espeon|65/100
|
|-weather|RainDance|[upkeep]
|-heal|p1a: Tentacruel|63/100|[from] ability: Rain Dish
|-heal|p1a: Tentacruel|69/100|[from] item: Black Sludge
|upkeep
|turn|22
|
|switch|p1a: Scizor|Scizor, M|88/100
|move|p2a: Espeon|Reflect|p2a: Espeon
|-sidestart|p2: Lancer MK|Reflect
|
|-weather|RainDance|[upkeep]
|upkeep
|turn|23
|
|move|p2a: Espeon|Baton Pass|p2a: Espeon
|
|switch|p2a: Gyarados|Gyarados, M|100/100
|move|p1a: Scizor|Pursuit|p2a: Gyarados
|-damage|p2a: Gyarados|79/100
|
|-weather|RainDance|[upkeep]
|-heal|p2a: Gyarados|85/100|[from] item: Leftovers
|upkeep
|turn|24
|
|switch|p1a: Politoed|Politoed, M|66/100
|move|p2a: Gyarados|Dragon Dance|p2a: Gyarados
|-boost|p2a: Gyarados|atk|1
|-boost|p2a: Gyarados|spe|1
|
|-weather|RainDance|[upkeep]
|-heal|p2a: Gyarados|91/100|[from] item: Leftovers
|-heal|p1a: Politoed|72/100|[from] item: Leftovers
|upkeep
|turn|25
|
|move|p2a: Gyarados|Waterfall|p1a: Politoed
|-resisted|p1a: Politoed
|-damage|p1a: Politoed|37/100
|move|p1a: Politoed|Toxic|p2a: Gyarados|[miss]
|-miss|p1a: Politoed|p2a: Gyarados
|
|-weather|RainDance|[upkeep]
|-heal|p2a: Gyarados|98/100|[from] item: Leftovers
|-heal|p1a: Politoed|44/100|[from] item: Leftovers
|upkeep
|turn|26
|
|switch|p2a: Espeon|Espeon, F, shiny|65/100
|move|p1a: Politoed|Perish Song|p1a: Politoed
|-start|p1a: Politoed|perish3|[silent]
|-start|p2a: Espeon|perish3|[silent]
|-fieldactivate|move: Perish Song
|
|-weather|RainDance|[upkeep]
|-heal|p1a: Politoed|50/100|[from] item: Leftovers
|-start|p2a: Espeon|perish3
|-start|p1a: Politoed|perish3
|upkeep
|turn|27
|
|switch|p1a: Scizor|Scizor, M|88/100
|move|p2a: Espeon|Light Screen|p2a: Espeon
|-sidestart|p2: Lancer MK|move: Light Screen
|
|-weather|RainDance|[upkeep]
|-start|p2a: Espeon|perish2
|upkeep
|turn|28
|
|move|p2a: Espeon|Baton Pass|p2a: Espeon
|
|switch|p2a: Gyarados|Gyarados, M|98/100
|move|p1a: Scizor|U-turn|p2a: Gyarados
|-resisted|p2a: Gyarados
|-damage|p2a: Gyarados|80/100
|
|switch|p1a: Tornadus|Tornadus, M|100/100
|
|-weather|RainDance|[upkeep]
|-heal|p2a: Gyarados|86/100|[from] item: Leftovers
|-start|p2a: Gyarados|perish1
|upkeep
|turn|29
|
|switch|p2a: Tao teîi|Dragonite, M, shiny|100/100
|move|p1a: Tornadus|Hurricane|p2a: Tao teîi
|-crit|p2a: Tao teîi
|-damage|p2a: Tao teîi|10/100
|
|-weather|RainDance|[upkeep]
|-sideend|p2: Lancer MK|Reflect
|upkeep
|turn|30
|
|move|p2a: Tao teîi|Extreme Speed|p1a: Tornadus
|-damage|p1a: Tornadus|55/100
|move|p1a: Tornadus|Hurricane|p2a: Tao teîi
|-crit|p2a: Tao teîi
|-damage|p2a: Tao teîi|0 fnt
|faint|p2a: Tao teîi
|
|-weather|RainDance|[upkeep]
|upkeep
|
|switch|p2a: Gyarados|Gyarados, M|86/100
|turn|31
|
|move|p1a: Tornadus|Hurricane|p2a: Gyarados
|-damage|p2a: Gyarados|40/100
|-start|p2a: Gyarados|confusion
|-activate|p2a: Gyarados|confusion
|move|p2a: Gyarados|Dragon Dance|p2a: Gyarados
|-boost|p2a: Gyarados|atk|1
|-boost|p2a: Gyarados|spe|1
|
|-weather|RainDance|[upkeep]
|-heal|p2a: Gyarados|46/100|[from] item: Leftovers
|upkeep
|turn|32
|
|-activate|p2a: Gyarados|confusion
|-damage|p2a: Gyarados|24/100|[from] confusion
|move|p1a: Tornadus|Hurricane|p2a: Gyarados
|-damage|p2a: Gyarados|0 fnt
|faint|p2a: Gyarados
|
|-weather|RainDance|[upkeep]
|upkeep
|
|switch|p2a: Scizor|Scizor, M|57/100
|turn|33
|inactive|RNG cant' stop me has 135 seconds left.
|
|move|p1a: Tornadus|Hurricane|p2a: Scizor
|-damage|p2a: Scizor|0 fnt
|faint|p2a: Scizor
|
|-weather|RainDance|[upkeep]
|upkeep
|inactive|Lancer MK has 135 seconds left.
|inactive|Lancer MK has 120 seconds left.
|inactive|Lancer MK has 105 seconds left.
|inactive|Lancer MK has 90 seconds left.
|
|switch|p2a: Volcarona|Volcarona, F, shiny|84/100
|turn|34
|
|move|p1a: Tornadus|Hurricane|p2a: Volcarona
|-supereffective|p2a: Volcarona
|-damage|p2a: Volcarona|0 fnt
|faint|p2a: Volcarona
|
|-weather|RainDance|[upkeep]
|-sideend|p2: Lancer MK|move: Light Screen
|upkeep
|inactive|Lancer MK has 135 seconds left.
|c|☆RNG cant' stop me|!data tornadus
|raw|<div class="message"><ul class="utilichart"><li class="result"><span class="col numcol">UU</span> <span class="col iconcol"><psicon pokemon="tornadus"/></span> <span class="col pokemonnamecol" style="white-space:nowrap"><a href="https://pokemonshowdown.com/dex/pokemon/tornadus" target="_blank">Tornadus</a></span> <span class="col typecol"><img src="https://play.pokemonshowdown.com/sprites/types/Flying.png" alt="Flying" height="14" width="32"></span> <span style="float:left;min-height:26px"><span class="col abilitycol">Prankster</span><span class="col abilitycol"><em>Defiant</em></span></span><span style="float:left;min-height:26px"><span class="col statcol"><em>HP</em><br />79</span> <span class="col statcol"><em>Atk</em><br />115</span> <span class="col statcol"><em>Def</em><br />70</span> <span class="col statcol"><em>SpA</em><br />125</span> <span class="col statcol"><em>SpD</em><br />80</span> <span class="col statcol"><em>Spe</em><br />111</span> <span class="col bstcol"><em>BST<br />580</em></span> </span></li><li style="clear:both"></li></ul></div>

|c|☆RNG cant' stop me|!data tornadus-t
|raw|<div class="message"><ul class="utilichart"><li class="result"><span class="col numcol">Uber</span> <span class="col iconcol"><psicon pokemon="tornadustherian"/></span> <span class="col pokemonnamecol" style="white-space:nowrap"><a href="https://pokemonshowdown.com/dex/pokemon/tornadustherian" target="_blank">Tornadus-Therian</a></span> <span class="col typecol"><img src="https://play.pokemonshowdown.com/sprites/types/Flying.png" alt="Flying" height="14" width="32"></span> <span style="float:left;min-height:26px"><span class="col abilitycol">Regenerator</span><span class="col abilitycol"></span></span><span style="float:left;min-height:26px"><span class="col statcol"><em>HP</em><br />79</span> <span class="col statcol"><em>Atk</em><br />100</span> <span class="col statcol"><em>Def</em><br />80</span> <span class="col statcol"><em>SpA</em><br />110</span> <span class="col statcol"><em>SpD</em><br />90</span> <span class="col statcol"><em>Spe</em><br />121</span> <span class="col bstcol"><em>BST<br />580</em></span> </span></li><li style="clear:both"></li></ul></div>

|inactive|Lancer MK has 120 seconds left.
|inactive|Lancer MK has 105 seconds left.
|inactive|Lancer MK has 90 seconds left.
|inactive|Lancer MK has 75 seconds left.
|inactive|Lancer MK has 60 seconds left.
|inactive|Lancer MK has 45 seconds left.
|inactive|Lancer MK has 30 seconds left.
|inactive|Lancer MK has 20 seconds left.
|inactive|Lancer MK has 15 seconds left.
|inactive|Lancer MK has 10 seconds left.
|inactive|Lancer MK has 5 seconds left.
|-message|Lancer MK lost due to inactivity.
|
|win|RNG cant' stop me
|raw|RNG cant&apos; stop me's rating: 1366 &rarr; <strong>1386</strong><br />(+20 for winning)
|raw|Lancer MK's rating: 1374 &rarr; <strong>1354</strong><br />(-20 for losing)
