|j|☆RainyDream sky
|j|☆phosphor
|t:|1735983136
|gametype|singles
|player|p1|RainyDream sky|2|1463
|player|p2|phosphor|#phosphor|1450
|teamsize|p1|6
|teamsize|p2|6
|gen|5
|tier|[Gen 5] OU
|rated|
|rule|Species Clause: Limit one of each Pokémon
|rule|OHKO Clause: OHKO moves are banned
|rule|Moody Clause: Moody is banned
|rule|Evasion Items Clause: Evasion items are banned
|rule|Evasion Moves Clause: Evasion moves are banned
|rule|Endless Battle Clause: Forcing endless battles is banned
|rule|HP Percentage Mod: HP is shown in percentages
|rule|Evasion Abilities Clause: Evasion abilities are banned
|rule|Sleep Moves Clause: Sleep-inducing moves are banned
|rule|Swagger Clause: Swagger is banned
|rule|Baton Pass Stat Clause: No Baton Passer may have a way to boost its stats
|clearpoke
|poke|p1|Gengar, M|item
|poke|p1|Breloom, M|item
|poke|p1|Espeon, M|item
|poke|p1|Scizor, M|item
|poke|p1|Ferrothorn, M|item
|poke|p1|Landorus-Therian, M|item
|poke|p2|Abomasnow, F|item
|poke|p2|Landorus-Therian, M|item
|poke|p2|Starmie|item
|poke|p2|Mamoswine, M|item
|poke|p2|Scizor, F|item
|poke|p2|Salamence, M|item
|teampreview
|c|☆phosphor|Gp hf
|
|t:|1735983152
|start
|switch|p1a: Breloom|Breloom, M|100/100
|switch|p2a: Landorus|Landorus-Therian, M|100/100
|-ability|p2a: Landorus|Intimidate|boost
|-unboost|p1a: Breloom|atk|1
|turn|1
|
|t:|1735983161
|switch|p2a: Abomasnow|Abomasnow, F|100/100
|-weather|Hail|[from] ability: Snow Warning|[of] p2a: Abomasnow
|move|p1a: Breloom|Bullet Seed|p2a: Abomasnow
|-resisted|p2a: Abomasnow
|-damage|p2a: Abomasnow|88/100
|-resisted|p2a: Abomasnow
|-damage|p2a: Abomasnow|76/100
|-resisted|p2a: Abomasnow
|-crit|p2a: Abomasnow
|-damage|p2a: Abomasnow|34/100
|-resisted|p2a: Abomasnow
|-damage|p2a: Abomasnow|21/100
|-hitcount|p2a: Abomasnow|4
|
|-weather|Hail|[upkeep]
|-damage|p1a: Breloom|94/100|[from] Hail
|upkeep
|turn|2
|
|t:|1735983169
|switch|p1a: Scizor|Scizor, M|100/100
|switch|p2a: Landorus|Landorus-Therian, M|100/100
|-ability|p2a: Landorus|Intimidate|boost
|-unboost|p1a: Scizor|atk|1
|
|-weather|Hail|[upkeep]
|-damage|p2a: Landorus|94/100|[from] Hail
|-damage|p1a: Scizor|94/100|[from] Hail
|upkeep
|turn|3
|
|t:|1735983174
|switch|p1a: Espeon|Espeon, M|100/100
|move|p2a: Landorus|Stealth Rock|p1a: Espeon
|move|p1a: Espeon|Stealth Rock|p2a: Landorus|[from]ability: Magic Bounce
|-sidestart|p2: phosphor|move: Stealth Rock
|
|-weather|Hail|[upkeep]
|-damage|p2a: Landorus|88/100|[from] Hail
|-damage|p1a: Espeon|95/100|[from] Hail
|-heal|p1a: Espeon|100/100|[from] item: Leftovers
|upkeep
|turn|4
|
|t:|1735983180
|switch|p2a: Abomasnow|Abomasnow, F|21/100
|-damage|p2a: Abomasnow|0 fnt|[from] Stealth Rock
|faint|p2a: Abomasnow
|move|p1a: Espeon|Baton Pass|p1a: Espeon
|
|t:|1735983192
|switch|p1a: Scizor|Scizor, M|94/100|[from] Baton Pass
|
|-weather|Hail|[upkeep]
|-damage|p1a: Scizor|88/100|[from] Hail
|upkeep
|
|t:|1735983199
|switch|p2a: Landorus|Landorus-Therian, M|88/100
|-damage|p2a: Landorus|75/100|[from] Stealth Rock
|-ability|p2a: Landorus|Intimidate|boost
|-unboost|p1a: Scizor|atk|1
|turn|5
|
|t:|1735983205
|move|p2a: Landorus|Stealth Rock|p1a: Scizor
|-sidestart|p1: RainyDream sky|move: Stealth Rock
|move|p1a: Scizor|U-turn|p2a: Landorus
|-resisted|p2a: Landorus
|-damage|p2a: Landorus|50/100
|
|t:|1735983221
|switch|p1a: Breloom|Breloom, M|94/100|[from] U-turn
|-damage|p1a: Breloom|88/100|[from] Stealth Rock
|
|-weather|Hail|[upkeep]
|-damage|p2a: Landorus|44/100|[from] Hail
|-damage|p1a: Breloom|82/100|[from] Hail
|upkeep
|turn|6
|
|t:|1735983227
|move|p2a: Landorus|Explosion|p1a: Breloom
|-damage|p1a: Breloom|0 fnt
|faint|p2a: Landorus
|faint|p1a: Breloom
|
|-weather|Hail|[upkeep]
|upkeep
|
|t:|1735983235
|switch|p2a: Scizor|Scizor, F|100/100
|switch|p1a: Landorus|Landorus-Therian, M|100/100
|-damage|p1a: Landorus|88/100|[from] Stealth Rock
|-ability|p1a: Landorus|Intimidate|boost
|-unboost|p2a: Scizor|atk|1
|-damage|p2a: Scizor|88/100|[from] Stealth Rock
|turn|7
|
|t:|1735983245
|switch|p2a: Mamoswine|Mamoswine, M|100/100
|-damage|p2a: Mamoswine|88/100|[from] Stealth Rock
|move|p1a: Landorus|Earthquake|p2a: Mamoswine
|-crit|p2a: Mamoswine
|-damage|p2a: Mamoswine|0 fnt
|faint|p2a: Mamoswine
|
|-weather|Hail|[upkeep]
|-damage|p1a: Landorus|82/100|[from] Hail
|upkeep
|
|t:|1735983250
|switch|p2a: Starmie|Starmie|100/100
|-damage|p2a: Starmie|88/100|[from] Stealth Rock
|-item|p2a: Starmie|Air Balloon
|turn|8
|
|t:|1735983256
|switch|p1a: Gengar|Gengar, M|100/100
|-damage|p1a: Gengar|88/100|[from] Stealth Rock
|move|p2a: Starmie|Hydro Pump|p1a: Gengar
|-damage|p1a: Gengar|0 fnt
|faint|p1a: Gengar
|
|-weather|Hail|[upkeep]
|-damage|p2a: Starmie|82/100|[from] Hail
|upkeep
|
|t:|1735983265
|switch|p1a: Scizor|Scizor, M|88/100
|-damage|p1a: Scizor|76/100|[from] Stealth Rock
|turn|9
|
|t:|1735983270
|move|p2a: Starmie|Hidden Power|p1a: Scizor
|-supereffective|p1a: Scizor
|-damage|p1a: Scizor|0 fnt
|faint|p1a: Scizor
|
|-weather|Hail|[upkeep]
|-damage|p2a: Starmie|76/100|[from] Hail
|upkeep
|
|t:|1735983275
|switch|p1a: Landorus|Landorus-Therian, M|82/100
|-damage|p1a: Landorus|70/100|[from] Stealth Rock
|-ability|p1a: Landorus|Intimidate|boost
|-unboost|p2a: Starmie|atk|1
|turn|10
|
|t:|1735983282
|move|p1a: Landorus|U-turn|p2a: Starmie
|-supereffective|p2a: Starmie
|-damage|p2a: Starmie|0 fnt
|-enditem|p2a: Starmie|Air Balloon
|faint|p2a: Starmie
|
|t:|1735983286
|switch|p1a: Espeon|Espeon, M|100/100|[from] U-turn
|-damage|p1a: Espeon|88/100|[from] Stealth Rock
|
|-weather|Hail|[upkeep]
|-damage|p1a: Espeon|82/100|[from] Hail
|-heal|p1a: Espeon|88/100|[from] item: Leftovers
|upkeep
|
|t:|1735983291
|switch|p2a: Scizor|Scizor, F|88/100
|-damage|p2a: Scizor|76/100|[from] Stealth Rock
|turn|11
|
|t:|1735983297
|move|p1a: Espeon|Baton Pass|p1a: Espeon
|
|t:|1735983298
|switch|p1a: Landorus|Landorus-Therian, M|70/100|[from] Baton Pass
|-damage|p1a: Landorus|58/100|[from] Stealth Rock
|-ability|p1a: Landorus|Intimidate|boost
|-unboost|p2a: Scizor|atk|1
|move|p2a: Scizor|Swords Dance|p2a: Scizor
|-boost|p2a: Scizor|atk|2
|
|-weather|Hail|[upkeep]
|-damage|p1a: Landorus|52/100|[from] Hail
|-damage|p2a: Scizor|70/100|[from] Hail
|-heal|p2a: Scizor|76/100|[from] item: Leftovers
|upkeep
|turn|12
|
|t:|1735983306
|move|p2a: Scizor|Bullet Punch|p1a: Landorus
|-damage|p1a: Landorus|0 fnt
|faint|p1a: Landorus
|
|-weather|Hail|[upkeep]
|-damage|p2a: Scizor|70/100|[from] Hail
|-heal|p2a: Scizor|76/100|[from] item: Leftovers
|upkeep
|
|t:|1735983320
|switch|p1a: Espeon|Espeon, M|88/100
|-damage|p1a: Espeon|76/100|[from] Stealth Rock
|turn|13
|
|t:|1735983323
|move|p1a: Espeon|Future Sight|p2a: Scizor
|-start|p1a: Espeon|move: Future Sight
|move|p2a: Scizor|Swords Dance|p2a: Scizor
|-boost|p2a: Scizor|atk|2
|
|-weather|Hail|[upkeep]
|-damage|p1a: Espeon|70/100|[from] Hail
|-damage|p2a: Scizor|70/100|[from] Hail
|-heal|p1a: Espeon|76/100|[from] item: Leftovers
|-heal|p2a: Scizor|76/100|[from] item: Leftovers
|upkeep
|turn|14
|
|t:|1735983329
|switch|p1a: Ferrothorn|Ferrothorn, M|100/100
|-damage|p1a: Ferrothorn|94/100|[from] Stealth Rock
|move|p2a: Scizor|Bullet Punch|p1a: Ferrothorn
|-resisted|p1a: Ferrothorn
|-damage|p1a: Ferrothorn|69/100
|-damage|p2a: Scizor|63/100|[from] ability: Iron Barbs|[of] p1a: Ferrothorn
|
|-weather|Hail|[upkeep]
|-damage|p2a: Scizor|57/100|[from] Hail
|-damage|p1a: Ferrothorn|63/100|[from] Hail
|-heal|p2a: Scizor|63/100|[from] item: Leftovers
|-heal|p1a: Ferrothorn|69/100|[from] item: Leftovers
|upkeep
|turn|15
|
|t:|1735983342
|move|p2a: Scizor|Superpower|p1a: Ferrothorn
|-supereffective|p1a: Ferrothorn
|-damage|p1a: Ferrothorn|0 fnt
|-unboost|p2a: Scizor|atk|1
|-unboost|p2a: Scizor|def|1
|-damage|p2a: Scizor|51/100|[from] ability: Iron Barbs|[of] p1a: Ferrothorn
|faint|p1a: Ferrothorn
|
|-weather|Hail|[upkeep]
|-damage|p2a: Scizor|45/100|[from] Hail
|-end|p2a: Scizor|move: Future Sight
|-resisted|p2a: Scizor
|-damage|p2a: Scizor|16/100
|-heal|p2a: Scizor|22/100|[from] item: Leftovers
|upkeep
|-message|RainyDream sky forfeited.
|
|win|phosphor
|raw|RainyDream sky's rating: 1463 &rarr; <strong>1442</strong><br />(-21 for losing)
|raw|phosphor's rating: 1450 &rarr; <strong>1471</strong><br />(+21 for winning)
|l|☆RainyDream sky
|player|p1|
|c|☆phosphor|Gg
