|j|☆Danthemanswagg
|j|☆Rampagewebber
|player|p1|Danthemanswagg|ethan|1482
|player|p2|Rampagewebber|oak-gen1rb|1460
|teamsize|p1|6
|teamsize|p2|6
|gametype|singles
|gen|5
|tier|[Gen 5] OU
|rated|
|clearpoke
|poke|p1|Politoed, M|item
|poke|p1|Tentacruel, M|item
|poke|p1|Ferrothorn, F|item
|poke|p1|Keldeo-Resolute|item
|poke|p1|Thundurus-Therian, M|item
|poke|p1|Latios, M|item
|poke|p2|Breloom, M|item
|poke|p2|Jirachi|item
|poke|p2|Landorus-Therian, M|item
|poke|p2|Excadrill, M|item
|poke|p2|Seismitoad, M|item
|poke|p2|Latias, F|item
|rule|Species Clause: Limit one of each Pokémon
|rule|OHKO Clause: OHKO moves are banned
|rule|Moody Clause: Moody is banned
|rule|Evasion Moves Clause: Evasion moves are banned
|rule|Endless Battle Clause: Forcing endless battles is banned
|rule|HP Percentage Mod: HP is shown in percentages
|rule|Evasion Abilities Clause: Evasion abilities are banned
|rule|Baton Pass Clause: Limit one Baton Passer, can't pass Spe and other stats simultaneously
|rule|Sleep Clause: Sleep-inducing moves are banned
|rule|Swagger Clause: Swagger is banned
|teampreview
|
|start
|switch|p1a: drip|Politoed, M|100/100
|switch|p2a: Breloom|Breloom, M|100/100
|-weather|RainDance|[from] ability: Drizzle|[of] p1a: drip
|turn|1
|inactive|Battle timer is ON: inactive players will automatically lose when time's up. (requested by Rampagewebber)
|
|switch|p1a: want some speed?|Latios, M|100/100
|move|p2a: Breloom|Protect||[still]
|-fail|p2a: Breloom
|
|-weather|RainDance|[upkeep]
|-status|p2a: Breloom|tox|[from] item: Toxic Orb
|upkeep
|turn|2
|
|move|p2a: Breloom|Protect|p2a: Breloom
|-singleturn|p2a: Breloom|Protect
|move|p1a: want some speed?|Draco Meteor|p2a: Breloom
|-activate|p2a: Breloom|move: Protect
|
|-weather|RainDance|[upkeep]
|upkeep
|turn|3
|
|switch|p2a: Jirachi|Jirachi|100/100
|move|p1a: want some speed?|Draco Meteor|p2a: Jirachi
|-resisted|p2a: Jirachi
|-damage|p2a: Jirachi|77/100
|-unboost|p1a: want some speed?|spa|2
|
|-weather|RainDance|[upkeep]
|-heal|p2a: Jirachi|83/100|[from] item: Leftovers
|upkeep
|turn|4
|
|switch|p1a: really annoying|Ferrothorn, F|100/100
|move|p2a: Jirachi|Body Slam|p1a: really annoying
|-resisted|p1a: really annoying
|-damage|p1a: really annoying|95/100
|-damage|p2a: Jirachi|71/100|[from] ability: Iron Barbs|[of] p1a: really annoying
|
|-weather|RainDance|[upkeep]
|-heal|p2a: Jirachi|77/100|[from] item: Leftovers
|-heal|p1a: really annoying|100/100|[from] item: Leftovers
|upkeep
|turn|5
|
|move|p2a: Jirachi|Body Slam|p1a: really annoying
|-resisted|p1a: really annoying
|-damage|p1a: really annoying|95/100
|-status|p1a: really annoying|par
|-damage|p2a: Jirachi|64/100|[from] ability: Iron Barbs|[of] p1a: really annoying
|move|p1a: really annoying|Stealth Rock|p2a: Jirachi
|-sidestart|p2: Rampagewebber|move: Stealth Rock
|
|-weather|RainDance|[upkeep]
|-heal|p2a: Jirachi|71/100|[from] item: Leftovers
|-heal|p1a: really annoying|100/100 par|[from] item: Leftovers
|upkeep
|turn|6
|
|move|p2a: Jirachi|Wish|p2a: Jirachi
|move|p1a: really annoying|Spikes|p2a: Jirachi
|-sidestart|p2: Rampagewebber|Spikes
|
|-weather|RainDance|[upkeep]
|-heal|p2a: Jirachi|77/100|[from] item: Leftovers
|upkeep
|turn|7
|
|switch|p2a: Breloom|Breloom, M|100/100 tox
|-damage|p2a: Breloom|88/100 tox|[from] Spikes
|-damage|p2a: Breloom|82/100 tox|[from] Stealth Rock
|switch|p1a: drip|Politoed, M|100/100
|
|-weather|RainDance|[upkeep]
|-heal|p2a: Breloom|100/100 tox|[from] move: Wish|[wisher] Jirachi
|upkeep
|turn|8
|
|switch|p1a: want some speed?|Latios, M|100/100
|move|p2a: Breloom|Swords Dance|p2a: Breloom
|-boost|p2a: Breloom|atk|2
|
|-weather|RainDance|[upkeep]
|upkeep
|turn|9
|
|move|p2a: Breloom|Protect|p2a: Breloom
|-singleturn|p2a: Breloom|Protect
|move|p1a: want some speed?|Draco Meteor|p2a: Breloom
|-activate|p2a: Breloom|move: Protect
|
|-weather|RainDance|[upkeep]
|upkeep
|turn|10
|
|switch|p2a: Jirachi|Jirachi|77/100
|-damage|p2a: Jirachi|71/100|[from] Stealth Rock
|-damage|p2a: Jirachi|58/100|[from] Spikes
|move|p1a: want some speed?|Draco Meteor|p2a: Jirachi
|-resisted|p2a: Jirachi
|-damage|p2a: Jirachi|35/100
|-unboost|p1a: want some speed?|spa|2
|
|-weather|RainDance|[upkeep]
|-heal|p2a: Jirachi|41/100|[from] item: Leftovers
|upkeep
|turn|11
|
|switch|p1a: whomst|Thundurus-Therian, M|100/100
|move|p2a: Jirachi|Wish|p2a: Jirachi
|
|-weather|RainDance|[upkeep]
|-heal|p2a: Jirachi|48/100|[from] item: Leftovers
|upkeep
|turn|12
|
|move|p2a: Jirachi|Protect|p2a: Jirachi
|-singleturn|p2a: Jirachi|Protect
|move|p1a: whomst|Substitute|p1a: whomst
|-start|p1a: whomst|Substitute
|-damage|p1a: whomst|76/100
|
|-weather|RainDance|[upkeep]
|-heal|p2a: Jirachi|98/100|[from] move: Wish|[wisher] Jirachi
|-heal|p1a: whomst|82/100|[from] item: Leftovers
|-heal|p2a: Jirachi|100/100|[from] item: Leftovers
|upkeep
|turn|13
|
|move|p1a: whomst|Thunder|p2a: Jirachi
|-damage|p2a: Jirachi|62/100
|-status|p2a: Jirachi|par
|move|p2a: Jirachi|Body Slam|p1a: whomst
|-end|p1a: whomst|Substitute
|
|-weather|RainDance|[upkeep]
|-heal|p1a: whomst|88/100|[from] item: Leftovers
|-heal|p2a: Jirachi|68/100 par|[from] item: Leftovers
|upkeep
|turn|14
|
|move|p1a: whomst|Substitute|p1a: whomst
|-start|p1a: whomst|Substitute
|-damage|p1a: whomst|63/100
|move|p2a: Jirachi|Wish|p2a: Jirachi
|
|-weather|RainDance|[upkeep]
|-heal|p1a: whomst|69/100|[from] item: Leftovers
|-heal|p2a: Jirachi|74/100 par|[from] item: Leftovers
|upkeep
|turn|15
|
|switch|p2a: Seismitoad|Seismitoad, M|100/100
|-damage|p2a: Seismitoad|94/100|[from] Stealth Rock
|-damage|p2a: Seismitoad|82/100|[from] Spikes
|move|p1a: whomst|Hidden Power|p2a: Seismitoad
|-damage|p2a: Seismitoad|56/100
|
|-weather|RainDance|[upkeep]
|-heal|p2a: Seismitoad|100/100|[from] move: Wish|[wisher] Jirachi
|-heal|p1a: whomst|75/100|[from] item: Leftovers
|upkeep
|turn|16
|
|move|p1a: whomst|Focus Blast|p2a: Seismitoad
|-damage|p2a: Seismitoad|56/100
|move|p2a: Seismitoad|Stealth Rock|p1a: whomst
|-sidestart|p1: Danthemanswagg|move: Stealth Rock
|
|-weather|RainDance|[upkeep]
|-heal|p1a: whomst|81/100|[from] item: Leftovers
|-heal|p2a: Seismitoad|62/100|[from] item: Leftovers
|upkeep
|turn|17
|
|move|p2a: Seismitoad|Protect|p2a: Seismitoad
|-singleturn|p2a: Seismitoad|Protect
|move|p1a: whomst|Focus Blast|p2a: Seismitoad
|-activate|p2a: Seismitoad|move: Protect
|
|-weather|RainDance|[upkeep]
|-heal|p1a: whomst|87/100|[from] item: Leftovers
|-heal|p2a: Seismitoad|68/100|[from] item: Leftovers
|upkeep
|turn|18
|
|move|p1a: whomst|Focus Blast|p2a: Seismitoad
|-damage|p2a: Seismitoad|22/100
|move|p2a: Seismitoad|Scald|p1a: whomst
|-end|p1a: whomst|Substitute
|
|-weather|RainDance|[upkeep]
|-heal|p1a: whomst|93/100|[from] item: Leftovers
|-heal|p2a: Seismitoad|28/100|[from] item: Leftovers
|upkeep
|turn|19
|
|move|p2a: Seismitoad|Protect|p2a: Seismitoad
|-singleturn|p2a: Seismitoad|Protect
|move|p1a: whomst|Substitute|p1a: whomst
|-start|p1a: whomst|Substitute
|-damage|p1a: whomst|68/100
|
|-weather|RainDance|[upkeep]
|-heal|p1a: whomst|74/100|[from] item: Leftovers
|-heal|p2a: Seismitoad|34/100|[from] item: Leftovers
|upkeep
|turn|20
|
|switch|p2a: Latias|Latias, F|100/100
|-damage|p2a: Latias|88/100|[from] Stealth Rock
|move|p1a: whomst|Hidden Power|p2a: Latias
|-supereffective|p2a: Latias
|-damage|p2a: Latias|48/100
|
|-weather|RainDance|[upkeep]
|-heal|p2a: Latias|54/100|[from] item: Leftovers
|-heal|p1a: whomst|80/100|[from] item: Leftovers
|upkeep
|turn|21
|
|move|p2a: Latias|Calm Mind|p2a: Latias
|-boost|p2a: Latias|spa|1
|-boost|p2a: Latias|spd|1
|move|p1a: whomst|Hidden Power|p2a: Latias
|-supereffective|p2a: Latias
|-damage|p2a: Latias|29/100
|
|-weather|RainDance|[upkeep]
|-heal|p2a: Latias|35/100|[from] item: Leftovers
|-heal|p1a: whomst|87/100|[from] item: Leftovers
|upkeep
|turn|22
|
|move|p2a: Latias|Recover|p2a: Latias
|-heal|p2a: Latias|85/100
|move|p1a: whomst|Hidden Power|p2a: Latias
|-supereffective|p2a: Latias
|-damage|p2a: Latias|59/100
|
|-weather|RainDance|[upkeep]
|-heal|p2a: Latias|66/100|[from] item: Leftovers
|-heal|p1a: whomst|93/100|[from] item: Leftovers
|upkeep
|turn|23
|
|switch|p1a: want some speed?|Latios, M|100/100
|-damage|p1a: want some speed?|88/100|[from] Stealth Rock
|move|p2a: Latias|Recover|p2a: Latias
|-heal|p2a: Latias|100/100
|
|-weather|RainDance|[upkeep]
|upkeep
|turn|24
|
|move|p1a: want some speed?|Draco Meteor|p2a: Latias
|-supereffective|p2a: Latias
|-damage|p2a: Latias|33/100
|-unboost|p1a: want some speed?|spa|2
|move|p2a: Latias|Dragon Pulse|p1a: want some speed?
|-supereffective|p1a: want some speed?
|-damage|p1a: want some speed?|0 fnt
|faint|p1a: want some speed?
|
|-weather|RainDance|[upkeep]
|-heal|p2a: Latias|39/100|[from] item: Leftovers
|upkeep
|
|switch|p1a: goat|Keldeo-Resolute|100/100
|-damage|p1a: goat|94/100|[from] Stealth Rock
|turn|25
|
|move|p2a: Latias|Recover|p2a: Latias
|-heal|p2a: Latias|89/100
|move|p1a: goat|Icy Wind|p2a: Latias
|-supereffective|p2a: Latias
|-damage|p2a: Latias|59/100
|-unboost|p2a: Latias|spe|1
|
|-weather|RainDance|[upkeep]
|-heal|p2a: Latias|65/100|[from] item: Leftovers
|upkeep
|turn|26
|
|switch|p1a: really annoying|Ferrothorn, F|100/100 par
|-damage|p1a: really annoying|94/100 par|[from] Stealth Rock
|move|p2a: Latias|Recover|p2a: Latias
|-heal|p2a: Latias|100/100
|
|-weather|RainDance|[upkeep]
|-heal|p1a: really annoying|100/100 par|[from] item: Leftovers
|upkeep
|turn|27
|
|move|p2a: Latias|Calm Mind|p2a: Latias
|-boost|p2a: Latias|spa|1
|-boost|p2a: Latias|spd|1
|cant|p1a: really annoying|par
|
|-weather|RainDance|[upkeep]
|upkeep
|turn|28
|
|move|p2a: Latias|Calm Mind|p2a: Latias
|-boost|p2a: Latias|spa|1
|-boost|p2a: Latias|spd|1
|move|p1a: really annoying|Gyro Ball|p2a: Latias
|-damage|p2a: Latias|54/100
|
|-weather|RainDance|[upkeep]
|-heal|p2a: Latias|60/100|[from] item: Leftovers
|upkeep
|turn|29
|
|move|p2a: Latias|Recover|p2a: Latias
|-heal|p2a: Latias|100/100
|move|p1a: really annoying|Gyro Ball|p2a: Latias
|-damage|p2a: Latias|53/100
|
|-weather|RainDance|[upkeep]
|-heal|p2a: Latias|59/100|[from] item: Leftovers
|upkeep
|turn|30
|
|switch|p1a: drip|Politoed, M|100/100
|-damage|p1a: drip|88/100|[from] Stealth Rock
|move|p2a: Latias|Recover|p2a: Latias
|-heal|p2a: Latias|100/100
|
|-weather|RainDance|[upkeep]
|-heal|p1a: drip|94/100|[from] item: Leftovers
|upkeep
|turn|31
|
|move|p2a: Latias|Dragon Pulse|p1a: drip
|-damage|p1a: drip|29/100
|move|p1a: drip|Encore|p2a: Latias
|-start|p2a: Latias|Encore
|
|-weather|RainDance|[upkeep]
|-heal|p1a: drip|35/100|[from] item: Leftovers
|upkeep
|turn|32
|
|move|p2a: Latias|Dragon Pulse|p1a: drip
|-damage|p1a: drip|0 fnt
|faint|p1a: drip
|
|-weather|RainDance|[upkeep]
|upkeep
|
|switch|p1a: really annoying|Ferrothorn, F|100/100 par
|-damage|p1a: really annoying|94/100 par|[from] Stealth Rock
|turn|33
|
|move|p2a: Latias|Dragon Pulse|p1a: really annoying
|-resisted|p1a: really annoying
|-damage|p1a: really annoying|62/100 par
|cant|p1a: really annoying|par
|
|-weather|RainDance|[upkeep]
|-heal|p1a: really annoying|69/100 par|[from] item: Leftovers
|upkeep
|turn|34
|
|move|p2a: Latias|Dragon Pulse|p1a: really annoying
|-resisted|p1a: really annoying
|-damage|p1a: really annoying|37/100 par
|move|p1a: really annoying|Gyro Ball|p2a: Latias
|-damage|p2a: Latias|54/100
|
|-weather|RainDance|[upkeep]
|-heal|p2a: Latias|60/100|[from] item: Leftovers
|-heal|p1a: really annoying|43/100 par|[from] item: Leftovers
|-end|p2a: Latias|Encore
|upkeep
|turn|35
|-message|Danthemanswagg forfeited.
|
|win|Rampagewebber
|l|☆Danthemanswagg
|raw|Danthemanswagg's rating: 1482 &rarr; <strong>1461</strong><br />(-21 for losing)
|raw|Rampagewebber's rating: 1460 &rarr; <strong>1482</strong><br />(+22 for winning)
