|j|☆Rheumatoid
|j|☆porrompompom
|player|p1|Rheumatoid|skyla|1539
|player|p2|porrompompom|170|1533
|teamsize|p1|6
|teamsize|p2|6
|gametype|singles
|gen|5
|tier|[Gen 5] OU
|rated|
|clearpoke
|poke|p1|Tyranitar, M|item
|poke|p1|Landorus-Therian, M|item
|poke|p1|Tentacruel, M|item
|poke|p1|Alakazam, F|item
|poke|p1|Ferrothorn, F|item
|poke|p1|Gengar, F|item
|poke|p2|Dragonite, M|item
|poke|p2|Jirachi|item
|poke|p2|Amoonguss, F|item
|poke|p2|Hippowdon, F|item
|poke|p2|Starmie|item
|poke|p2|Tyranitar, M|item
|rule|Species Clause: Limit one of each Pokémon
|rule|OHKO Clause: OHKO moves are banned
|rule|Moody Clause: Moody is banned
|rule|Evasion Moves Clause: Evasion moves are banned
|rule|Endless Battle Clause: Forcing endless battles is banned
|rule|HP Percentage Mod: HP is shown in percentages
|rule|Evasion Abilities Clause: Evasion abilities are banned
|rule|Baton Pass Clause: Limit one Baton Passer, can't pass Spe and other stats simultaneously
|rule|Sleep Clause: Sleep-inducing moves are banned
|rule|Swagger Clause: Swagger is banned
|teampreview
|
|start
|switch|p1a: Landorus|Landorus-Therian, M|100/100
|switch|p2a: Hippowdon|Hippowdon, F|100/100
|-ability|p1a: Landorus|Intimidate|boost
|-unboost|p2a: Hippowdon|atk|1
|-weather|Sandstorm|[from] ability: Sand Stream|[of] p2a: Hippowdon
|turn|1
|
|move|p1a: Landorus|U-turn|p2a: Hippowdon
|-damage|p2a: Hippowdon|86/100
|
|switch|p1a: Ferrothorn|Ferrothorn, F|100/100|[from]move: U-turn
|move|p2a: Hippowdon|Ice Fang|p1a: Ferrothorn
|-damage|p1a: Ferrothorn|94/100
|-damage|p2a: Hippowdon|73/100|[from] ability: Iron Barbs|[of] p1a: Ferrothorn
|
|-weather|Sandstorm|[upkeep]
|-heal|p2a: Hippowdon|79/100|[from] item: Leftovers
|-heal|p1a: Ferrothorn|100/100|[from] item: Leftovers
|upkeep
|turn|2
|
|move|p2a: Hippowdon|Stealth Rock|p1a: Ferrothorn
|-sidestart|p1: Rheumatoid|move: Stealth Rock
|move|p1a: Ferrothorn|Power Whip|p2a: Hippowdon
|-supereffective|p2a: Hippowdon
|-damage|p2a: Hippowdon|39/100
|
|-weather|Sandstorm|[upkeep]
|-heal|p2a: Hippowdon|46/100|[from] item: Leftovers
|upkeep
|turn|3
|
|move|p2a: Hippowdon|Slack Off|p2a: Hippowdon
|-heal|p2a: Hippowdon|96/100
|move|p1a: Ferrothorn|Spikes|p2a: Hippowdon
|-sidestart|p2: porrompompom|Spikes
|
|-weather|Sandstorm|[upkeep]
|-heal|p2a: Hippowdon|100/100|[from] item: Leftovers
|upkeep
|turn|4
|
|switch|p2a: Dragonite|Dragonite, M|100/100
|move|p1a: Ferrothorn|Spikes|p2a: Dragonite
|-sidestart|p2: porrompompom|Spikes
|
|-weather|Sandstorm|[upkeep]
|-damage|p2a: Dragonite|94/100|[from] Sandstorm
|-heal|p2a: Dragonite|100/100|[from] item: Leftovers
|upkeep
|turn|5
|
|move|p2a: Dragonite|Substitute|p2a: Dragonite
|-start|p2a: Dragonite|Substitute
|-damage|p2a: Dragonite|76/100
|move|p1a: Ferrothorn|Gyro Ball|p2a: Dragonite
|-end|p2a: Dragonite|Substitute
|
|-weather|Sandstorm|[upkeep]
|-damage|p2a: Dragonite|69/100|[from] Sandstorm
|-heal|p2a: Dragonite|76/100|[from] item: Leftovers
|upkeep
|turn|6
|
|move|p2a: Dragonite|Substitute|p2a: Dragonite
|-start|p2a: Dragonite|Substitute
|-damage|p2a: Dragonite|51/100
|move|p1a: Ferrothorn|Gyro Ball|p2a: Dragonite
|-end|p2a: Dragonite|Substitute
|
|-weather|Sandstorm|[upkeep]
|-damage|p2a: Dragonite|44/100|[from] Sandstorm
|-heal|p2a: Dragonite|51/100|[from] item: Leftovers
|upkeep
|turn|7
|
|move|p2a: Dragonite|Roost|p2a: Dragonite
|-heal|p2a: Dragonite|100/100
|-singleturn|p2a: Dragonite|move: Roost
|move|p1a: Ferrothorn|Gyro Ball|p2a: Dragonite
|-damage|p2a: Dragonite|83/100
|
|-weather|Sandstorm|[upkeep]
|-damage|p2a: Dragonite|77/100|[from] Sandstorm
|-heal|p2a: Dragonite|83/100|[from] item: Leftovers
|upkeep
|turn|8
|
|move|p2a: Dragonite|Substitute|p2a: Dragonite
|-start|p2a: Dragonite|Substitute
|-damage|p2a: Dragonite|58/100
|move|p1a: Ferrothorn|Gyro Ball|p2a: Dragonite
|-crit|p2a: Dragonite
|-end|p2a: Dragonite|Substitute
|
|-weather|Sandstorm|[upkeep]
|-damage|p2a: Dragonite|52/100|[from] Sandstorm
|-heal|p2a: Dragonite|58/100|[from] item: Leftovers
|upkeep
|turn|9
|
|move|p2a: Dragonite|Roost|p2a: Dragonite
|-heal|p2a: Dragonite|100/100
|-singleturn|p2a: Dragonite|move: Roost
|move|p1a: Ferrothorn|Leech Seed|p2a: Dragonite
|-start|p2a: Dragonite|move: Leech Seed
|
|-weather|Sandstorm|[upkeep]
|-damage|p2a: Dragonite|94/100|[from] Sandstorm
|-heal|p2a: Dragonite|100/100|[from] item: Leftovers
|-damage|p2a: Dragonite|88/100|[from] Leech Seed|[of] p1a: Ferrothorn
|upkeep
|turn|10
|
|switch|p2a: Amoonguss|Amoonguss, F|100/100
|-damage|p2a: Amoonguss|84/100|[from] Spikes
|switch|p1a: Tyranitar|Tyranitar, M|100/100
|-damage|p1a: Tyranitar|88/100|[from] Stealth Rock
|
|-weather|Sandstorm|[upkeep]
|-damage|p2a: Amoonguss|78/100|[from] Sandstorm
|-heal|p2a: Amoonguss|84/100|[from] item: Black Sludge
|upkeep
|turn|11
|
|move|p1a: Tyranitar|Stealth Rock|p2a: Amoonguss
|-sidestart|p2: porrompompom|move: Stealth Rock
|move|p2a: Amoonguss|Stun Spore|p1a: Tyranitar
|-status|p1a: Tyranitar|par
|
|-weather|Sandstorm|[upkeep]
|-damage|p2a: Amoonguss|78/100|[from] Sandstorm
|-heal|p2a: Amoonguss|84/100|[from] item: Black Sludge
|upkeep
|turn|12
|
|move|p2a: Amoonguss|Stun Spore|p1a: Tyranitar
|-fail|p1a: Tyranitar|par
|move|p1a: Tyranitar|Fire Blast|p2a: Amoonguss
|-supereffective|p2a: Amoonguss
|-damage|p2a: Amoonguss|48/100
|
|-weather|Sandstorm|[upkeep]
|-damage|p2a: Amoonguss|42/100|[from] Sandstorm
|-heal|p2a: Amoonguss|48/100|[from] item: Black Sludge
|upkeep
|turn|13
|
|switch|p2a: Starmie|Starmie|100/100
|-damage|p2a: Starmie|88/100|[from] Stealth Rock
|-damage|p2a: Starmie|72/100|[from] Spikes
|move|p1a: Tyranitar|Crunch|p2a: Starmie
|-supereffective|p2a: Starmie
|-damage|p2a: Starmie|0 fnt
|faint|p2a: Starmie
|
|-weather|Sandstorm|[upkeep]
|upkeep
|-message|porrompompom forfeited.
|
|win|Rheumatoid
|l|☆porrompompom
|raw|Rheumatoid's rating: 1513 &rarr; <strong>1534</strong><br />(+21 for winning)
|raw|porrompompom's rating: 1534 &rarr; <strong>1513</strong><br />(-21 for losing)
