|j|☆Crimsonbacon38
|j|☆Eve142812
|t:|1722639096
|gametype|singles
|player|p1|Crimsonbacon38|barry|1392
|player|p2|Eve142812|266|1353
|teamsize|p1|6
|teamsize|p2|6
|gen|5
|tier|[Gen 5] OU
|rated|
|rule|Species Clause: Limit one of each Pokémon
|rule|OHKO Clause: OHKO moves are banned
|rule|Moody Clause: Moody is banned
|rule|Evasion Items Clause: Evasion items are banned
|rule|Evasion Moves Clause: Evasion moves are banned
|rule|Endless Battle Clause: Forcing endless battles is banned
|rule|HP Percentage Mod: HP is shown in percentages
|rule|Evasion Abilities Clause: Evasion abilities are banned
|rule|Sleep Moves Clause: Sleep-inducing moves are banned
|rule|Swagger Clause: Swagger is banned
|rule|Baton Pass Stat Clause: No Baton Passer may have a way to boost its stats
|clearpoke
|poke|p1|Ferrothorn, F|item
|poke|p1|Politoed, M|item
|poke|p1|Keldeo|item
|poke|p1|Latios, M|item
|poke|p1|Garchomp, F|item
|poke|p1|Starmie|item
|poke|p2|Tyranitar, F|item
|poke|p2|Landorus-Therian, M|item
|poke|p2|Alakazam, M|item
|poke|p2|Gengar, F|item
|poke|p2|Excadrill, F|item
|poke|p2|Lucario, M|item
|teampreview
|
|t:|1722639112
|start
|switch|p1a: Politoed|Politoed, M|100/100
|switch|p2a: Tyranitar|Tyranitar, F|100/100
|-weather|RainDance|[from] ability: Drizzle|[of] p1a: Politoed
|-weather|Sandstorm|[from] ability: Sand Stream|[of] p2a: Tyranitar
|turn|1
|
|t:|1722639118
|move|p1a: Politoed|Hydro Pump|p2a: Tyranitar
|-supereffective|p2a: Tyranitar
|-damage|p2a: Tyranitar|50/100
|move|p2a: Tyranitar|Pursuit|p1a: Politoed
|-damage|p1a: Politoed|68/100
|
|-weather|Sandstorm|[upkeep]
|-damage|p1a: Politoed|62/100|[from] Sandstorm
|upkeep
|turn|2
|
|t:|1722639126
|switch|p2a: Gengar|Gengar, F|100/100
|move|p1a: Politoed|Hydro Pump|p2a: Gengar|[miss]
|-miss|p1a: Politoed|p2a: Gengar
|
|-weather|Sandstorm|[upkeep]
|-damage|p1a: Politoed|56/100|[from] Sandstorm
|-damage|p2a: Gengar|94/100|[from] Sandstorm
|-heal|p2a: Gengar|100/100|[from] item: Black Sludge
|upkeep
|turn|3
|
|t:|1722639132
|move|p1a: Politoed|Hydro Pump|p2a: Gengar
|-damage|p2a: Gengar|19/100
|move|p2a: Gengar|Will-O-Wisp|p1a: Politoed
|-status|p1a: Politoed|brn
|
|-weather|Sandstorm|[upkeep]
|-damage|p1a: Politoed|50/100 brn|[from] Sandstorm
|-damage|p2a: Gengar|13/100|[from] Sandstorm
|-heal|p2a: Gengar|19/100|[from] item: Black Sludge
|-damage|p1a: Politoed|37/100 brn|[from] brn
|upkeep
|turn|4
|
|t:|1722639142
|move|p1a: Politoed|Hydro Pump|p2a: Gengar
|-damage|p2a: Gengar|0 fnt
|faint|p2a: Gengar
|
|-weather|Sandstorm|[upkeep]
|-damage|p1a: Politoed|31/100 brn|[from] Sandstorm
|-damage|p1a: Politoed|19/100 brn|[from] brn
|upkeep
|
|t:|1722639151
|switch|p2a: Landorus|Landorus-Therian, M|100/100
|-ability|p2a: Landorus|Intimidate|boost
|-unboost|p1a: Politoed|atk|1
|turn|5
|
|t:|1722639156
|move|p2a: Landorus|U-turn|p1a: Politoed
|-damage|p1a: Politoed|0 fnt
|faint|p1a: Politoed
|
|t:|1722639168
|switch|p2a: Alakazam|Alakazam, M|100/100|[from] U-turn
|
|-weather|Sandstorm|[upkeep]
|upkeep
|
|t:|1722639183
|switch|p1a: Latios|Latios, M|100/100
|turn|6
|
|t:|1722639189
|switch|p1a: Keldeo|Keldeo|100/100
|move|p2a: Alakazam|Thunder Wave|p1a: Keldeo
|-status|p1a: Keldeo|par
|-enditem|p1a: Keldeo|Lum Berry|[eat]
|-curestatus|p1a: Keldeo|par|[msg]
|
|-weather|Sandstorm|[upkeep]
|-damage|p1a: Keldeo|94/100|[from] Sandstorm
|upkeep
|turn|7
|
|t:|1722639198
|switch|p1a: Ferrothorn|Ferrothorn, F|100/100
|move|p2a: Alakazam|Psychic|p1a: Ferrothorn
|-resisted|p1a: Ferrothorn
|-damage|p1a: Ferrothorn|81/100
|
|-weather|Sandstorm|[upkeep]
|upkeep
|turn|8
|
|t:|1722639203
|switch|p2a: Lucario|Lucario, M|100/100
|move|p1a: Ferrothorn|Gyro Ball|p2a: Lucario
|-resisted|p2a: Lucario
|-damage|p2a: Lucario|17/100
|
|-weather|Sandstorm|[upkeep]
|upkeep
|turn|9
|
|t:|1722639212
|switch|p1a: Garchomp|Garchomp, F|100/100
|move|p2a: Lucario|Drain Punch|p1a: Garchomp
|-damage|p1a: Garchomp|58/100
|-heal|p2a: Lucario|44/100|[from] drain|[of] p1a: Garchomp
|-damage|p2a: Lucario|31/100|[from] ability: Rough Skin|[of] p1a: Garchomp
|-damage|p2a: Lucario|21/100|[from] item: Life Orb
|
|-weather|Sandstorm|[upkeep]
|-heal|p1a: Garchomp|64/100|[from] item: Leftovers
|upkeep
|turn|10
|
|t:|1722639225
|move|p2a: Lucario|Extreme Speed|p1a: Garchomp
|-damage|p1a: Garchomp|30/100
|-damage|p2a: Lucario|9/100|[from] ability: Rough Skin|[of] p1a: Garchomp
|-damage|p2a: Lucario|0 fnt|[from] item: Life Orb
|faint|p2a: Lucario
|move|p1a: Garchomp|Stealth Rock|p2: Lucario
|-sidestart|p2: Eve142812|move: Stealth Rock
|
|-weather|Sandstorm|[upkeep]
|-heal|p1a: Garchomp|36/100|[from] item: Leftovers
|upkeep
|
|t:|1722639238
|switch|p2a: Alakazam|Alakazam, M|100/100
|turn|11
|
|t:|1722639246
|switch|p1a: Starmie|Starmie|100/100
|-item|p1a: Starmie|Air Balloon
|move|p2a: Alakazam|Hidden Power|p1a: Starmie
|-resisted|p1a: Starmie
|-damage|p1a: Starmie|82/100
|-enditem|p1a: Starmie|Air Balloon
|
|-weather|Sandstorm|[upkeep]
|-damage|p1a: Starmie|76/100|[from] Sandstorm
|upkeep
|turn|12
|
|t:|1722639254
|switch|p2a: Tyranitar|Tyranitar, F|50/100
|-damage|p2a: Tyranitar|38/100|[from] Stealth Rock
|move|p1a: Starmie|Ice Beam|p2a: Tyranitar
|-damage|p2a: Tyranitar|21/100
|
|-weather|Sandstorm|[upkeep]
|-damage|p1a: Starmie|69/100|[from] Sandstorm
|upkeep
|turn|13
|
|t:|1722639263
|move|p1a: Starmie|Hydro Pump|p2a: Tyranitar
|-supereffective|p2a: Tyranitar
|-damage|p2a: Tyranitar|0 fnt
|faint|p2a: Tyranitar
|
|-weather|Sandstorm|[upkeep]
|-damage|p1a: Starmie|63/100|[from] Sandstorm
|upkeep
|
|t:|1722639265
|switch|p2a: Landorus|Landorus-Therian, M|100/100
|-damage|p2a: Landorus|88/100|[from] Stealth Rock
|-ability|p2a: Landorus|Intimidate|boost
|-unboost|p1a: Starmie|atk|1
|turn|14
|
|t:|1722639273
|switch|p1a: Ferrothorn|Ferrothorn, F|81/100
|move|p2a: Landorus|U-turn|p1a: Ferrothorn
|-damage|p1a: Ferrothorn|61/100
|-damage|p2a: Landorus|76/100|[from] ability: Iron Barbs|[of] p1a: Ferrothorn
|
|t:|1722639278
|switch|p2a: Excadrill|Excadrill, F|100/100|[from] U-turn
|-damage|p2a: Excadrill|97/100|[from] Stealth Rock
|-item|p2a: Excadrill|Air Balloon
|
|-weather|Sandstorm|[upkeep]
|upkeep
|turn|15
|
|t:|1722639285
|move|p2a: Excadrill|Stealth Rock|p1a: Ferrothorn
|-sidestart|p1: Crimsonbacon38|move: Stealth Rock
|move|p1a: Ferrothorn|Gyro Ball|p2a: Excadrill
|-resisted|p2a: Excadrill
|-crit|p2a: Excadrill
|-damage|p2a: Excadrill|0 fnt
|-enditem|p2a: Excadrill|Air Balloon
|faint|p2a: Excadrill
|
|-weather|Sandstorm|[upkeep]
|upkeep
|
|t:|1722639291
|switch|p2a: Alakazam|Alakazam, M|100/100
|turn|16
|
|t:|1722639297
|move|p2a: Alakazam|Focus Blast|p1a: Ferrothorn
|-supereffective|p1a: Ferrothorn
|-damage|p1a: Ferrothorn|0 fnt
|faint|p1a: Ferrothorn
|
|-weather|Sandstorm|[upkeep]
|upkeep
|
|t:|1722639301
|switch|p1a: Starmie|Starmie|63/100
|-damage|p1a: Starmie|51/100|[from] Stealth Rock
|turn|17
|
|t:|1722639307
|move|p2a: Alakazam|Thunder Wave|p1a: Starmie
|-status|p1a: Starmie|par
|cant|p1a: Starmie|par
|
|-weather|Sandstorm|[upkeep]
|-damage|p1a: Starmie|45/100 par|[from] Sandstorm
|upkeep
|turn|18
|
|t:|1722639312
|move|p2a: Alakazam|Psychic|p1a: Starmie
|-resisted|p1a: Starmie
|-damage|p1a: Starmie|10/100 par
|cant|p1a: Starmie|par
|
|-weather|Sandstorm|[upkeep]
|-damage|p1a: Starmie|4/100 par|[from] Sandstorm
|upkeep
|turn|19
|
|t:|1722639326
|move|p2a: Alakazam|Psychic|p1a: Starmie
|-resisted|p1a: Starmie
|-damage|p1a: Starmie|0 fnt
|faint|p1a: Starmie
|
|-weather|Sandstorm|[upkeep]
|upkeep
|
|t:|1722639329
|switch|p1a: Latios|Latios, M|100/100
|-damage|p1a: Latios|88/100|[from] Stealth Rock
|turn|20
|
|t:|1722639333
|move|p1a: Latios|Surf|p2a: Alakazam
|-damage|p2a: Alakazam|50/100
|move|p2a: Alakazam|Thunder Wave|p1a: Latios
|-status|p1a: Latios|par
|
|-weather|Sandstorm|[upkeep]
|-damage|p1a: Latios|82/100 par|[from] Sandstorm
|upkeep
|turn|21
|
|t:|1722639338
|move|p2a: Alakazam|Hidden Power|p1a: Latios
|-supereffective|p1a: Latios
|-damage|p1a: Latios|30/100 par
|move|p1a: Latios|Surf|p2a: Alakazam
|-damage|p2a: Alakazam|0 fnt
|faint|p2a: Alakazam
|
|-weather|Sandstorm|[upkeep]
|-damage|p1a: Latios|24/100 par|[from] Sandstorm
|upkeep
|
|t:|1722639344
|switch|p2a: Landorus|Landorus-Therian, M|76/100
|-damage|p2a: Landorus|64/100|[from] Stealth Rock
|-ability|p2a: Landorus|Intimidate|boost
|-unboost|p1a: Latios|atk|1
|turn|22
|
|t:|1722639355
|move|p2a: Landorus|Rock Slide|p1a: Latios|[miss]
|-miss|p2a: Landorus|p1a: Latios
|cant|p1a: Latios|par
|
|-weather|Sandstorm|[upkeep]
|-damage|p1a: Latios|18/100 par|[from] Sandstorm
|upkeep
|turn|23
|
|t:|1722639357
|move|p2a: Landorus|Rock Slide|p1a: Latios
|-damage|p1a: Latios|0 fnt
|faint|p1a: Latios
|
|-weather|Sandstorm|[upkeep]
|upkeep
|
|t:|1722639359
|switch|p1a: Keldeo|Keldeo|94/100
|-damage|p1a: Keldeo|88/100|[from] Stealth Rock
|turn|24
|
|t:|1722639361
|move|p2a: Landorus|Rock Slide|p1a: Keldeo
|-resisted|p1a: Keldeo
|-damage|p1a: Keldeo|71/100
|cant|p1a: Keldeo|flinch
|
|-weather|Sandstorm|[upkeep]
|-damage|p1a: Keldeo|65/100|[from] Sandstorm
|upkeep
|turn|25
|
|t:|1722639373
|move|p2a: Landorus|Rock Slide|p1a: Keldeo
|-resisted|p1a: Keldeo
|-damage|p1a: Keldeo|48/100
|cant|p1a: Keldeo|flinch
|
|-weather|Sandstorm|[upkeep]
|-damage|p1a: Keldeo|42/100|[from] Sandstorm
|upkeep
|turn|26
|
|t:|1722639378
|move|p2a: Landorus|Rock Slide|p1a: Keldeo
|-resisted|p1a: Keldeo
|-damage|p1a: Keldeo|26/100
|move|p1a: Keldeo|Surf|p2a: Landorus
|-supereffective|p2a: Landorus
|-damage|p2a: Landorus|0 fnt
|faint|p2a: Landorus
|
|win|Crimsonbacon38
|raw|Crimsonbacon38's rating: 1392 &rarr; <strong>1410</strong><br />(+18 for winning)
|raw|Eve142812's rating: 1353 &rarr; <strong>1335</strong><br />(-18 for losing)
|l|☆Eve142812
|player|p2|
|c|☆Crimsonbacon38|gg
