|j|☆Accelerock Ttar
|j|☆jz's mom
|t:|1744680680
|gametype|singles
|player|p1|Accelerock Ttar|ethan-gen2|1440
|player|p2|jz's mom|wallace|1415
|teamsize|p1|6
|teamsize|p2|6
|gen|5
|tier|[Gen 5] OU
|rated|
|rule|Species Clause: Limit one of each Pokémon
|rule|OHKO Clause: OHKO moves are banned
|rule|Moody Clause: Moody is banned
|rule|Evasion Items Clause: Evasion items are banned
|rule|Evasion Moves Clause: Evasion moves are banned
|rule|Endless Battle Clause: Forcing endless battles is banned
|rule|HP Percentage Mod: HP is shown in percentages
|rule|Evasion Abilities Clause: Evasion abilities are banned
|rule|Sleep Moves Clause: Sleep-inducing moves are banned
|rule|Swagger Clause: Swagger is banned
|rule|Baton Pass Stat Clause: No Baton Passer may have a way to boost its stats
|clearpoke
|poke|p1|Froslass, F|item
|poke|p1|Latios, M|item
|poke|p1|Scizor, F|item
|poke|p1|Garchomp, M|item
|poke|p1|Alakazam, M|item
|poke|p1|Dragonite, M|item
|poke|p2|Hippowdon, F|item
|poke|p2|Ferrothorn, F|item
|poke|p2|Magnezone|item
|poke|p2|Latios, M|item
|poke|p2|Excadrill, M|item
|poke|p2|Reuniclus, M|item
|teampreview
|inactive|Battle timer is ON: inactive players will automatically lose when time's up. (requested by jz's mom)
|
|t:|1744680697
|start
|switch|p1a: Latios|Latios, M|100/100
|switch|p2a: Hippowdon|Hippowdon, F|100/100
|-weather|Sandstorm|[from] ability: Sand Stream|[of] p2a: Hippowdon
|turn|1
|c|☆Accelerock Ttar|hf
|inactive|Accelerock Ttar also wants the timer to be on.
|
|t:|1744680714
|switch|p2a: Ferrothorn|Ferrothorn, F|100/100
|move|p1a: Latios|Draco Meteor|p2a: Ferrothorn
|-resisted|p2a: Ferrothorn
|-damage|p2a: Ferrothorn|64/100
|-unboost|p1a: Latios|spa|2
|-damage|p1a: Latios|91/100|[from] item: Life Orb
|
|-weather|Sandstorm|[upkeep]
|-damage|p1a: Latios|85/100|[from] Sandstorm
|-heal|p2a: Ferrothorn|70/100|[from] item: Leftovers
|upkeep
|turn|2
|c|☆jz's mom|u2
|
|t:|1744680733
|move|p1a: Latios|Hidden Power|p2a: Ferrothorn
|-supereffective|p2a: Ferrothorn
|-damage|p2a: Ferrothorn|23/100
|-damage|p1a: Latios|75/100|[from] item: Life Orb
|move|p2a: Ferrothorn|Spikes|p1a: Latios
|-sidestart|p1: Accelerock Ttar|Spikes
|
|-weather|Sandstorm|[upkeep]
|-damage|p1a: Latios|69/100|[from] Sandstorm
|-heal|p2a: Ferrothorn|29/100|[from] item: Leftovers
|upkeep
|turn|3
|
|t:|1744680750
|switch|p1a: Garchomp|Garchomp, M|100/100
|-damage|p1a: Garchomp|88/100|[from] Spikes
|move|p2a: Ferrothorn|Protect||[still]
|-fail|p2a: Ferrothorn
|
|-weather|Sandstorm|[upkeep]
|-heal|p2a: Ferrothorn|35/100|[from] item: Leftovers
|upkeep
|turn|4
|inactive|Accelerock Ttar has 120 seconds left.
|
|t:|1744680768
|switch|p2a: Latios|Latios, M|100/100
|move|p1a: Garchomp|Earthquake|p2a: Latios
|-immune|p2a: Latios|[from] ability: Levitate
|
|-weather|Sandstorm|[upkeep]
|-damage|p2a: Latios|95/100|[from] Sandstorm
|upkeep
|turn|5
|inactive|Accelerock Ttar has 120 seconds left.
|
|t:|1744680788
|switch|p1a: Scizor|Scizor, F|100/100
|-damage|p1a: Scizor|88/100|[from] Spikes
|move|p2a: Latios|Surf|p1a: Scizor
|-damage|p1a: Scizor|17/100
|
|-weather|Sandstorm|[upkeep]
|-damage|p2a: Latios|89/100|[from] Sandstorm
|upkeep
|turn|6
|inactive|Accelerock Ttar has 120 seconds left.
|
|t:|1744680809
|move|p1a: Scizor|Bullet Punch|p2a: Latios
|-damage|p2a: Latios|24/100
|-damage|p1a: Scizor|8/100|[from] item: Life Orb
|move|p2a: Latios|Surf|p1a: Scizor
|-damage|p1a: Scizor|0 fnt
|faint|p1a: Scizor
|
|-weather|Sandstorm|[upkeep]
|-damage|p2a: Latios|18/100|[from] Sandstorm
|upkeep
|
|t:|1744680825
|switch|p1a: Dragonite|Dragonite, M|100/100
|turn|7
|
|t:|1744680843
|switch|p2a: Hippowdon|Hippowdon, F|100/100
|move|p1a: Dragonite|Dragon Dance|p1a: Dragonite
|-boost|p1a: Dragonite|atk|1
|-boost|p1a: Dragonite|spe|1
|
|-weather|Sandstorm|[upkeep]
|-damage|p1a: Dragonite|94/100|[from] Sandstorm
|upkeep
|turn|8
|inactive|Accelerock Ttar has 90 seconds left.
|
|t:|1744680859
|move|p1a: Dragonite|Outrage|p2a: Hippowdon
|-damage|p2a: Hippowdon|37/100
|move|p2a: Hippowdon|Whirlwind|p1a: Dragonite
|drag|p1a: Garchomp|Garchomp, M|88/100
|-damage|p1a: Garchomp|76/100|[from] Spikes
|
|-weather|Sandstorm|[upkeep]
|-heal|p2a: Hippowdon|44/100|[from] item: Leftovers
|upkeep
|turn|9
|inactive|Accelerock Ttar has 90 seconds left.
|
|t:|1744680876
|switch|p2a: Magnezone|Magnezone|100/100
|-item|p2a: Magnezone|Air Balloon
|move|p1a: Garchomp|Swords Dance|p1a: Garchomp
|-boost|p1a: Garchomp|atk|2
|
|-weather|Sandstorm|[upkeep]
|upkeep
|turn|10
|inactive|Accelerock Ttar has 90 seconds left.
|
|t:|1744680892
|move|p1a: Garchomp|Outrage|p2a: Magnezone
|-resisted|p2a: Magnezone
|-damage|p2a: Magnezone|35/100
|-enditem|p2a: Magnezone|Air Balloon
|move|p2a: Magnezone|Hidden Power|p1a: Garchomp
|-resisted|p1a: Garchomp
|-damage|p1a: Garchomp|63/100
|
|-weather|Sandstorm|[upkeep]
|upkeep
|turn|11
|
|t:|1744680909
|move|p1a: Garchomp|Outrage|p2a: Magnezone|[from] lockedmove
|-resisted|p2a: Magnezone
|-damage|p2a: Magnezone|0 fnt
|faint|p2a: Magnezone
|
|-weather|Sandstorm|[upkeep]
|upkeep
|
|t:|1744680921
|switch|p2a: Excadrill|Excadrill, M|100/100
|turn|12
|
|t:|1744680942
|move|p2a: Excadrill|Iron Head|p1a: Garchomp
|-damage|p1a: Garchomp|0 fnt
|-damage|p2a: Excadrill|88/100|[from] ability: Rough Skin|[of] p1a: Garchomp
|faint|p1a: Garchomp
|
|-weather|Sandstorm|[upkeep]
|upkeep
|
|t:|1744680959
|switch|p1a: Dragonite|Dragonite, M|94/100
|turn|13
|inactive|Accelerock Ttar has 60 seconds left.
|
|t:|1744680976
|switch|p2a: Latios|Latios, M|18/100
|move|p1a: Dragonite|Fire Punch|p2a: Latios
|-resisted|p2a: Latios
|-crit|p2a: Latios
|-damage|p2a: Latios|0 fnt
|faint|p2a: Latios
|
|-weather|Sandstorm|[upkeep]
|-damage|p1a: Dragonite|88/100|[from] Sandstorm
|upkeep
|
|t:|1744680981
|switch|p2a: Hippowdon|Hippowdon, F|44/100
|turn|14
|inactive|Accelerock Ttar has 60 seconds left.
|
|t:|1744680998
|move|p1a: Dragonite|Dragon Dance|p1a: Dragonite
|-boost|p1a: Dragonite|atk|1
|-boost|p1a: Dragonite|spe|1
|move|p2a: Hippowdon|Slack Off|p2a: Hippowdon
|-heal|p2a: Hippowdon|94/100
|
|-weather|Sandstorm|[upkeep]
|-damage|p1a: Dragonite|82/100|[from] Sandstorm
|-heal|p2a: Hippowdon|99/100|[from] item: Leftovers
|upkeep
|turn|15
|inactive|Accelerock Ttar has 60 seconds left.
|inactive|jz's mom has 120 seconds left.
|
|t:|1744681064
|move|p1a: Dragonite|Outrage|p2a: Hippowdon
|-damage|p2a: Hippowdon|40/100
|move|p2a: Hippowdon|Stealth Rock|p1a: Dragonite
|-sidestart|p1: Accelerock Ttar|move: Stealth Rock
|
|-weather|Sandstorm|[upkeep]
|-damage|p1a: Dragonite|76/100|[from] Sandstorm
|-heal|p2a: Hippowdon|46/100|[from] item: Leftovers
|upkeep
|turn|16
|inactive|Accelerock Ttar has 60 seconds left.
|inactive|jz's mom has 90 seconds left.
|
|t:|1744681104
|move|p1a: Dragonite|Outrage|p2a: Hippowdon|[from] lockedmove
|-damage|p2a: Hippowdon|0 fnt
|faint|p2a: Hippowdon
|-start|p1a: Dragonite|confusion|[fatigue]
|
|-weather|Sandstorm|[upkeep]
|-damage|p1a: Dragonite|70/100|[from] Sandstorm
|upkeep
|
|t:|1744681111
|switch|p2a: Excadrill|Excadrill, M|88/100
|turn|17
|inactive|Accelerock Ttar has 60 seconds left.
|
|t:|1744681129
|move|p2a: Excadrill|Rock Slide|p1a: Dragonite
|-supereffective|p1a: Dragonite
|-damage|p1a: Dragonite|0 fnt
|faint|p1a: Dragonite
|
|-weather|Sandstorm|[upkeep]
|upkeep
|inactive|Accelerock Ttar has 60 seconds left.
|
|t:|1744681146
|switch|p1a: Alakazam|Alakazam, M|100/100
|turn|18
|inactive|jz's mom has 90 seconds left.
|
|t:|1744681163
|switch|p2a: Ferrothorn|Ferrothorn, F|35/100
|move|p1a: Alakazam|Focus Blast|p2a: Ferrothorn
|-supereffective|p2a: Ferrothorn
|-damage|p2a: Ferrothorn|0 fnt
|faint|p2a: Ferrothorn
|
|-weather|Sandstorm|[upkeep]
|upkeep
|
|t:|1744681165
|switch|p2a: Reuniclus|Reuniclus, M|100/100
|turn|19
|
|t:|1744681174
|move|p1a: Alakazam|Signal Beam|p2a: Reuniclus
|-supereffective|p2a: Reuniclus
|-damage|p2a: Reuniclus|54/100
|move|p2a: Reuniclus|Hidden Power|p1a: Alakazam
|-crit|p1a: Alakazam
|-damage|p1a: Alakazam|42/100
|
|-weather|Sandstorm|[upkeep]
|-heal|p2a: Reuniclus|60/100|[from] item: Leftovers
|upkeep
|turn|20
|inactive|Accelerock Ttar has 60 seconds left.
|
|t:|1744681188
|move|p1a: Alakazam|Signal Beam|p2a: Reuniclus
|-supereffective|p2a: Reuniclus
|-damage|p2a: Reuniclus|9/100
|move|p2a: Reuniclus|Thunder|p1a: Alakazam
|-damage|p1a: Alakazam|0 fnt
|faint|p1a: Alakazam
|
|-weather|Sandstorm|[upkeep]
|-heal|p2a: Reuniclus|15/100|[from] item: Leftovers
|upkeep
|inactive|Accelerock Ttar has 60 seconds left.
|
|t:|1744681204
|switch|p1a: Froslass|Froslass, F|100/100
|-damage|p1a: Froslass|88/100|[from] Spikes
|-damage|p1a: Froslass|63/100|[from] Stealth Rock
|turn|21
|
|t:|1744681220
|move|p1a: Froslass|Spikes|p2a: Reuniclus
|-sidestart|p2: jz's mom|Spikes
|move|p2a: Reuniclus|Thunder|p1a: Froslass
|-damage|p1a: Froslass|17/100
|-start|p2a: Reuniclus|Disable|Thunder|[from] ability: Cursed Body|[of] p1a: Froslass
|
|-weather|Sandstorm|[upkeep]
|-damage|p1a: Froslass|10/100|[from] Sandstorm
|-heal|p2a: Reuniclus|21/100|[from] item: Leftovers
|upkeep
|turn|22
|
|t:|1744681227
|move|p1a: Froslass|Icy Wind|p2a: Reuniclus
|-damage|p2a: Reuniclus|5/100
|-unboost|p2a: Reuniclus|spe|1
|move|p2a: Reuniclus|Hidden Power|p1a: Froslass
|-resisted|p1a: Froslass
|-damage|p1a: Froslass|0 fnt
|faint|p1a: Froslass
|
|-weather|Sandstorm|[upkeep]
|-heal|p2a: Reuniclus|11/100|[from] item: Leftovers
|upkeep
|
|t:|1744681234
|switch|p1a: Latios|Latios, M|69/100
|-damage|p1a: Latios|56/100|[from] Stealth Rock
|turn|23
|
|t:|1744681243
|move|p1a: Latios|Draco Meteor|p2a: Reuniclus
|-damage|p2a: Reuniclus|0 fnt
|-unboost|p1a: Latios|spa|2
|faint|p2a: Reuniclus
|-damage|p1a: Latios|46/100|[from] item: Life Orb
|
|-weather|Sandstorm|[upkeep]
|-damage|p1a: Latios|40/100|[from] Sandstorm
|upkeep
|
|t:|1744681244
|switch|p2a: Excadrill|Excadrill, M|88/100
|-damage|p2a: Excadrill|76/100|[from] Spikes
|turn|24
|
|t:|1744681247
|move|p2a: Excadrill|Iron Head|p1a: Latios
|-damage|p1a: Latios|0 fnt
|faint|p1a: Latios
|
|win|jz's mom
|raw|Accelerock Ttar's rating: 1440 &rarr; <strong>1419</strong><br />(-21 for losing)
|raw|jz&apos;s mom's rating: 1415 &rarr; <strong>1436</strong><br />(+21 for winning)
|c|☆jz's mom|gg
|c|☆Accelerock Ttar|gg
