|j|‽Darkortex
|j|☆Spyro190
|t:|1723413359
|gametype|singles
|player|p1|Darkortex|hilbert|1515
|player|p2|Spyro190|bugcatcher-gen4dp|1408
|teamsize|p1|6
|teamsize|p2|6
|gen|5
|tier|[Gen 5] OU
|rated|
|rule|Species Clause: Limit one of each Pokémon
|rule|OHKO Clause: OHKO moves are banned
|rule|Moody Clause: Moody is banned
|rule|Evasion Items Clause: Evasion items are banned
|rule|Evasion Moves Clause: Evasion moves are banned
|rule|Endless Battle Clause: Forcing endless battles is banned
|rule|HP Percentage Mod: HP is shown in percentages
|rule|Evasion Abilities Clause: Evasion abilities are banned
|rule|Sleep Moves Clause: Sleep-inducing moves are banned
|rule|Swagger Clause: Swagger is banned
|rule|Baton Pass Stat Clause: No Baton Passer may have a way to boost its stats
|clearpoke
|poke|p1|Garchomp, F|item
|poke|p1|Dragonite, M|item
|poke|p1|Magnezone|item
|poke|p1|Latios, M|item
|poke|p1|Scizor, F|item
|poke|p1|Starmie|item
|poke|p2|Tyranitar, F|item
|poke|p2|Gliscor, F|item
|poke|p2|Celebi|item
|poke|p2|Terrakion|item
|poke|p2|Jellicent, F|item
|poke|p2|Heatran, F|item
|teampreview
|inactive|Battle timer is ON: inactive players will automatically lose when time's up. (requested by Darkortex)
|
|t:|1723413376
|start
|switch|p1a: Starmie|Starmie|100/100
|switch|p2a: Lando|Gliscor, F|100/100
|turn|1
|
|t:|1723413381
|move|p2a: Lando|Protect|p2a: Lando
|-singleturn|p2a: Lando|Protect
|move|p1a: Starmie|Ice Beam|p2a: Lando
|-activate|p2a: Lando|move: Protect
|
|-status|p2a: Lando|tox|[from] item: Toxic Orb
|upkeep
|turn|2
|
|t:|1723413386
|switch|p2a: Slowsis|Jellicent, F|100/100
|move|p1a: Starmie|Thunderbolt|p2a: Slowsis
|-supereffective|p2a: Slowsis
|-damage|p2a: Slowsis|30/100
|-damage|p1a: Starmie|91/100|[from] item: Life Orb
|
|-heal|p2a: Slowsis|37/100|[from] item: Leftovers
|upkeep
|turn|3
|
|t:|1723413393
|switch|p2a: TAR Veneto|Tyranitar, F|100/100
|-weather|Sandstorm|[from] ability: Sand Stream|[of] p2a: TAR Veneto
|move|p1a: Starmie|Thunderbolt|p2a: TAR Veneto
|-damage|p2a: TAR Veneto|66/100
|-damage|p1a: Starmie|81/100|[from] item: Life Orb
|
|-weather|Sandstorm|[upkeep]
|-damage|p1a: Starmie|74/100|[from] Sandstorm
|upkeep
|turn|4
|
|t:|1723413398
|move|p2a: TAR Veneto|Pursuit|p1a: Starmie
|-supereffective|p1a: Starmie
|-damage|p1a: Starmie|14/100
|move|p1a: Starmie|Hydro Pump|p2a: TAR Veneto
|-supereffective|p2a: TAR Veneto
|-damage|p2a: TAR Veneto|0 fnt
|faint|p2a: TAR Veneto
|-damage|p1a: Starmie|4/100|[from] item: Life Orb
|
|-weather|Sandstorm|[upkeep]
|-damage|p1a: Starmie|0 fnt|[from] Sandstorm
|faint|p1a: Starmie
|upkeep
|
|t:|1723413414
|switch|p1a: Garchomp|Garchomp, F|100/100
|switch|p2a: Terùnkion|Terrakion|100/100
|turn|5
|
|t:|1723413416
|move|p2a: Terùnkion|Close Combat|p1a: Garchomp
|-damage|p1a: Garchomp|7/100
|-unboost|p2a: Terùnkion|def|1
|-unboost|p2a: Terùnkion|spd|1
|-damage|p2a: Terùnkion|88/100|[from] ability: Rough Skin|[of] p1a: Garchomp
|move|p1a: Garchomp|Earthquake|p2a: Terùnkion
|-supereffective|p2a: Terùnkion
|-damage|p2a: Terùnkion|0 fnt
|faint|p2a: Terùnkion
|
|-weather|Sandstorm|[upkeep]
|upkeep
|
|t:|1723413425
|switch|p2a: Ynnuc|Celebi|100/100
|turn|6
|
|t:|1723413428
|switch|p1a: Scizor|Scizor, F|100/100
|move|p2a: Ynnuc|Stealth Rock|p1a: Scizor
|-sidestart|p1: Darkortex|move: Stealth Rock
|
|-weather|Sandstorm|[upkeep]
|-damage|p2a: Ynnuc|94/100|[from] Sandstorm
|-heal|p2a: Ynnuc|100/100|[from] item: Leftovers
|upkeep
|turn|7
|
|t:|1723413433
|move|p2a: Ynnuc|U-turn|p1a: Scizor
|-resisted|p1a: Scizor
|-damage|p1a: Scizor|93/100
|
|t:|1723413436
|switch|p2a: Lando|Gliscor, F|100/100 tox|[from] U-turn
|move|p1a: Scizor|U-turn|p2a: Lando
|-resisted|p2a: Lando
|-damage|p2a: Lando|76/100 tox
|
|t:|1723413441
|switch|p1a: Garchomp|Garchomp, F|7/100|[from] U-turn
|-damage|p1a: Garchomp|1/100|[from] Stealth Rock
|
|-weather|Sandstorm|[upkeep]
|-heal|p2a: Lando|88/100 tox|[from] ability: Poison Heal
|upkeep
|turn|8
|
|t:|1723413448
|move|p1a: Garchomp|Stealth Rock|p2a: Lando
|-sidestart|p2: Spyro190|move: Stealth Rock
|move|p2a: Lando|Earthquake|p1a: Garchomp
|-damage|p1a: Garchomp|0 fnt
|faint|p1a: Garchomp
|
|-weather|Sandstorm|[upkeep]
|-heal|p2a: Lando|100/100 tox|[from] ability: Poison Heal
|upkeep
|
|t:|1723413451
|switch|p1a: Latios|Latios, M|100/100
|-damage|p1a: Latios|88/100|[from] Stealth Rock
|turn|9
|
|t:|1723413455
|move|p2a: Lando|Protect|p2a: Lando
|-singleturn|p2a: Lando|Protect
|move|p1a: Latios|Surf|p2a: Lando
|-activate|p2a: Lando|move: Protect
|
|-weather|Sandstorm|[upkeep]
|-damage|p1a: Latios|82/100|[from] Sandstorm
|upkeep
|turn|10
|
|t:|1723413460
|switch|p1a: Scizor|Scizor, F|93/100
|-damage|p1a: Scizor|80/100|[from] Stealth Rock
|switch|p2a: Slowsis|Jellicent, F|37/100
|-damage|p2a: Slowsis|24/100|[from] Stealth Rock
|
|-weather|Sandstorm|[upkeep]
|-damage|p2a: Slowsis|18/100|[from] Sandstorm
|-heal|p2a: Slowsis|24/100|[from] item: Leftovers
|upkeep
|turn|11
|
|t:|1723413465
|move|p2a: Slowsis|Will-O-Wisp|p1a: Scizor|[miss]
|-miss|p2a: Slowsis|p1a: Scizor
|move|p1a: Scizor|Pursuit|p2a: Slowsis
|-supereffective|p2a: Slowsis
|-damage|p2a: Slowsis|0 fnt
|faint|p2a: Slowsis
|
|-weather|Sandstorm|[upkeep]
|upkeep
|
|t:|1723413470
|switch|p2a: Hit N. Run|Heatran, F|100/100
|-damage|p2a: Hit N. Run|88/100|[from] Stealth Rock
|turn|12
|
|t:|1723413473
|switch|p1a: Magnezone|Magnezone|100/100
|-damage|p1a: Magnezone|94/100|[from] Stealth Rock
|-item|p1a: Magnezone|Air Balloon
|move|p2a: Hit N. Run|Lava Plume|p1a: Magnezone
|-supereffective|p1a: Magnezone
|-damage|p1a: Magnezone|0 fnt
|-enditem|p1a: Magnezone|Air Balloon
|faint|p1a: Magnezone
|
|-weather|Sandstorm|[upkeep]
|-heal|p2a: Hit N. Run|94/100|[from] item: Leftovers
|upkeep
|
|t:|1723413475
|switch|p1a: Latios|Latios, M|82/100
|-damage|p1a: Latios|70/100|[from] Stealth Rock
|turn|13
|
|t:|1723413480
|move|p2a: Hit N. Run|Protect|p2a: Hit N. Run
|-singleturn|p2a: Hit N. Run|Protect
|move|p1a: Latios|Surf|p2a: Hit N. Run
|-activate|p2a: Hit N. Run|move: Protect
|
|-weather|Sandstorm|[upkeep]
|-damage|p1a: Latios|64/100|[from] Sandstorm
|-heal|p2a: Hit N. Run|100/100|[from] item: Leftovers
|upkeep
|turn|14
|
|t:|1723413485
|switch|p2a: Ynnuc|Celebi|100/100
|-damage|p2a: Ynnuc|88/100|[from] Stealth Rock
|move|p1a: Latios|Surf|p2a: Ynnuc
|-resisted|p2a: Ynnuc
|-damage|p2a: Ynnuc|75/100
|
|-weather|Sandstorm|[upkeep]
|-damage|p1a: Latios|58/100|[from] Sandstorm
|-damage|p2a: Ynnuc|69/100|[from] Sandstorm
|-heal|p2a: Ynnuc|75/100|[from] item: Leftovers
|upkeep
|turn|15
|
|t:|1723413491
|switch|p1a: Scizor|Scizor, F|80/100
|-damage|p1a: Scizor|68/100|[from] Stealth Rock
|move|p2a: Ynnuc|U-turn|p1a: Scizor
|-resisted|p1a: Scizor
|-damage|p1a: Scizor|60/100
|
|t:|1723413493
|switch|p2a: Hit N. Run|Heatran, F|100/100|[from] U-turn
|-damage|p2a: Hit N. Run|88/100|[from] Stealth Rock
|
|-weather|Sandstorm|[upkeep]
|-heal|p2a: Hit N. Run|94/100|[from] item: Leftovers
|upkeep
|turn|16
|
|t:|1723413496
|switch|p1a: Latios|Latios, M|58/100
|-damage|p1a: Latios|46/100|[from] Stealth Rock
|move|p2a: Hit N. Run|Lava Plume|p1a: Latios
|-resisted|p1a: Latios
|-damage|p1a: Latios|24/100
|
|-weather|Sandstorm|[upkeep]
|-damage|p1a: Latios|18/100|[from] Sandstorm
|-heal|p2a: Hit N. Run|100/100|[from] item: Leftovers
|upkeep
|turn|17
|
|t:|1723413499
|move|p2a: Hit N. Run|Protect|p2a: Hit N. Run
|-singleturn|p2a: Hit N. Run|Protect
|move|p1a: Latios|Surf|p2a: Hit N. Run
|-activate|p2a: Hit N. Run|move: Protect
|
|-weather|Sandstorm|[upkeep]
|-damage|p1a: Latios|12/100|[from] Sandstorm
|upkeep
|turn|18
|
|t:|1723413503
|switch|p1a: Scizor|Scizor, F|60/100
|-damage|p1a: Scizor|48/100|[from] Stealth Rock
|switch|p2a: Ynnuc|Celebi|75/100
|-damage|p2a: Ynnuc|63/100|[from] Stealth Rock
|
|-weather|Sandstorm|[upkeep]
|-damage|p2a: Ynnuc|57/100|[from] Sandstorm
|-heal|p2a: Ynnuc|63/100|[from] item: Leftovers
|upkeep
|turn|19
|
|t:|1723413509
|move|p2a: Ynnuc|Recover|p2a: Ynnuc
|-heal|p2a: Ynnuc|100/100
|move|p1a: Scizor|Pursuit|p2a: Ynnuc
|-supereffective|p2a: Ynnuc
|-damage|p2a: Ynnuc|56/100
|
|-weather|Sandstorm|[upkeep]
|-damage|p2a: Ynnuc|50/100|[from] Sandstorm
|-heal|p2a: Ynnuc|56/100|[from] item: Leftovers
|upkeep
|turn|20
|
|t:|1723413514
|move|p2a: Ynnuc|Psychic|p1a: Scizor
|-resisted|p1a: Scizor
|-damage|p1a: Scizor|28/100
|move|p1a: Scizor|Pursuit|p2a: Ynnuc
|-supereffective|p2a: Ynnuc
|-damage|p2a: Ynnuc|6/100
|
|-weather|Sandstorm|[upkeep]
|-damage|p2a: Ynnuc|0 fnt|[from] Sandstorm
|faint|p2a: Ynnuc
|upkeep
|
|t:|1723413522
|switch|p2a: Lando|Gliscor, F|100/100 tox
|-damage|p2a: Lando|88/100 tox|[from] Stealth Rock
|turn|21
|
|t:|1723413529
|switch|p1a: Latios|Latios, M|12/100
|-damage|p1a: Latios|0 fnt|[from] Stealth Rock
|faint|p1a: Latios
|move|p2a: Lando|Swords Dance|p2a: Lando
|-boost|p2a: Lando|atk|2
|
|-weather|Sandstorm|[upkeep]
|-heal|p2a: Lando|100/100 tox|[from] ability: Poison Heal
|upkeep
|
|t:|1723413533
|switch|p1a: Scizor|Scizor, F|28/100
|-damage|p1a: Scizor|16/100|[from] Stealth Rock
|turn|22
|
|t:|1723413542
|move|p1a: Scizor|Bullet Punch|p2a: Lando
|-damage|p2a: Lando|60/100 tox
|move|p2a: Lando|Earthquake|p1a: Scizor
|-damage|p1a: Scizor|0 fnt
|faint|p1a: Scizor
|
|-weather|Sandstorm|[upkeep]
|-heal|p2a: Lando|73/100 tox|[from] ability: Poison Heal
|upkeep
|
|t:|1723413545
|switch|p1a: Dragonite|Dragonite, M|100/100
|-damage|p1a: Dragonite|76/100|[from] Stealth Rock
|turn|23
|
|t:|1723413554
|move|p1a: Dragonite|Outrage|p2a: Lando
|-damage|p2a: Lando|17/100 tox
|move|p2a: Lando|Facade|p1a: Dragonite
|-damage|p1a: Dragonite|5/100
|
|-weather|Sandstorm|[upkeep]
|-damage|p1a: Dragonite|0 fnt|[from] Sandstorm
|faint|p1a: Dragonite
|
|win|Spyro190
|upkeep
|raw|Darkortex's rating: 1515 &rarr; <strong>1489</strong><br />(-26 for losing)
|raw|Spyro190's rating: 1408 &rarr; <strong>1434</strong><br />(+26 for winning)
