|j|☆ghosted by brizz
|j|☆Xurkiyee
|t:|1708004093
|gametype|singles
|player|p1|ghosted by brizz|mina-lgpe|1574
|player|p2|Xurkiyee|kimonogirl|1559
|teamsize|p1|6
|teamsize|p2|6
|gen|5
|tier|[Gen 5] OU
|rated|
|rule|Species Clause: Limit one of each Pokémon
|rule|OHKO Clause: OHKO moves are banned
|rule|Moody Clause: Moody is banned
|rule|Evasion Items Clause: Evasion items are banned
|rule|Evasion Moves Clause: Evasion moves are banned
|rule|Endless Battle Clause: Forcing endless battles is banned
|rule|HP Percentage Mod: HP is shown in percentages
|rule|Evasion Abilities Clause: Evasion abilities are banned
|rule|Sleep Moves Clause: Sleep-inducing moves are banned
|rule|Swagger Clause: Swagger is banned
|rule|Baton Pass Stat Clause: No Baton Passer may have a way to boost its stats
|clearpoke
|poke|p1|Politoed, M|item
|poke|p1|Excadrill, M|item
|poke|p1|Vaporeon, M|item
|poke|p1|Scizor, F|item
|poke|p1|Gyarados, M|item
|poke|p1|Latias, F|item
|poke|p2|Tyranitar, F|item
|poke|p2|Reuniclus, F|item
|poke|p2|Jellicent, F|item
|poke|p2|Latios, M|item
|poke|p2|Gliscor, M|item
|poke|p2|Skarmory, F|item
|teampreview
|inactive|Battle timer is ON: inactive players will automatically lose when time's up. (requested by ghosted by brizz)
|inactive|Xurkiyee has 120 seconds left.
|
|t:|1708004135
|start
|switch|p1a: Excadrill|Excadrill, M|100/100
|switch|p2a: Gliscor|Gliscor, M|100/100
|-ability|p1a: Excadrill|Mold Breaker
|turn|1
|c|☆Xurkiyee|Hf
|c|☆ghosted by brizz|hf
|
|t:|1708004143
|move|p1a: Excadrill|Fling|p2a: Gliscor
|-damage|p2a: Gliscor|94/100
|-status|p2a: Gliscor|par
|-enditem|p1a: Excadrill|Light Ball|[from] move: Fling
|move|p2a: Gliscor|Stealth Rock|p1a: Excadrill
|-sidestart|p1: ghosted by brizz|move: Stealth Rock
|
|upkeep
|turn|2
|
|t:|1708004152
|move|p1a: Excadrill|Stealth Rock|p2a: Gliscor
|-sidestart|p2: Xurkiyee|move: Stealth Rock
|move|p2a: Gliscor|Earthquake|p1a: Excadrill
|-supereffective|p1a: Excadrill
|-damage|p1a: Excadrill|10/100
|
|upkeep
|turn|3
|c|☆Xurkiyee|Bruh
|c|☆Xurkiyee|Thats funny
|
|t:|1708004168
|move|p1a: Excadrill|Rapid Spin|p2a: Gliscor
|-damage|p2a: Gliscor|89/100 par
|-sideend|p1: ghosted by brizz|Stealth Rock|[from] move: Rapid Spin|[of] p1a: Excadrill
|move|p2a: Gliscor|Earthquake|p1a: Excadrill
|-supereffective|p1a: Excadrill
|-damage|p1a: Excadrill|0 fnt
|faint|p1a: Excadrill
|
|upkeep
|
|t:|1708004180
|switch|p1a: Vaporeon|Vaporeon, M|100/100
|turn|4
|
|t:|1708004188
|switch|p2a: Reuniclus|Reuniclus, F|100/100
|move|p1a: Vaporeon|Substitute|p1a: Vaporeon
|-start|p1a: Vaporeon|Substitute
|-damage|p1a: Vaporeon|76/100
|
|-heal|p1a: Vaporeon|82/100|[from] item: Leftovers
|upkeep
|turn|5
|
|t:|1708004196
|move|p1a: Vaporeon|Aqua Ring|p1a: Vaporeon
|-start|p1a: Vaporeon|Aqua Ring
|move|p2a: Reuniclus|Focus Blast|p1a: Vaporeon
|-activate|p1a: Vaporeon|Substitute|[damage]
|
|-heal|p1a: Vaporeon|88/100|[from] item: Leftovers
|-heal|p1a: Vaporeon|94/100|[from] Aqua Ring
|upkeep
|turn|6
|
|t:|1708004204
|switch|p2a: Skarmory|Skarmory, F|100/100
|-damage|p2a: Skarmory|88/100|[from] Stealth Rock
|move|p1a: Vaporeon|Baton Pass|p1a: Vaporeon
|
|t:|1708004208
|switch|p1a: Gyarados|Gyarados, M|100/100|[from] Baton Pass
|-ability|p1a: Gyarados|Intimidate|boost
|-unboost|p2a: Skarmory|atk|1
|
|-heal|p2a: Skarmory|94/100|[from] item: Leftovers
|upkeep
|turn|7
|
|t:|1708004212
|move|p1a: Gyarados|Waterfall|p2a: Skarmory
|-damage|p2a: Skarmory|64/100
|move|p2a: Skarmory|Whirlwind|p1a: Gyarados
|drag|p1a: Scizor|Scizor, F|100/100
|
|-heal|p2a: Skarmory|70/100|[from] item: Leftovers
|upkeep
|turn|8
|
|t:|1708004217
|move|p1a: Scizor|U-turn|p2a: Skarmory
|-resisted|p2a: Skarmory
|-damage|p2a: Skarmory|63/100
|
|t:|1708004219
|switch|p1a: Politoed|Politoed, M|100/100|[from] U-turn
|-weather|RainDance|[from] ability: Drizzle|[of] p1a: Politoed
|move|p2a: Skarmory|Roost|p2a: Skarmory
|-heal|p2a: Skarmory|100/100
|-singleturn|p2a: Skarmory|move: Roost
|
|-weather|RainDance|[upkeep]
|upkeep
|turn|9
|
|t:|1708004222
|switch|p2a: Jellicent|Jellicent, F|100/100
|-damage|p2a: Jellicent|88/100|[from] Stealth Rock
|-item|p2a: Jellicent|Air Balloon
|move|p1a: Politoed|Hydro Pump|p2a: Jellicent
|-heal|p2a: Jellicent|100/100|[from] ability: Water Absorb|[of] p1a: Politoed
|
|-weather|RainDance|[upkeep]
|upkeep
|turn|10
|
|t:|1708004225
|switch|p1a: Vaporeon|Vaporeon, M|94/100
|move|p2a: Jellicent|Will-O-Wisp|p1a: Vaporeon
|-status|p1a: Vaporeon|brn
|
|-weather|RainDance|[upkeep]
|-activate|p1a: Vaporeon|ability: Hydration
|-curestatus|p1a: Vaporeon|brn|[msg]
|-heal|p1a: Vaporeon|99/100|[from] item: Leftovers
|upkeep
|turn|11
|
|t:|1708004229
|move|p1a: Vaporeon|Substitute|p1a: Vaporeon
|-start|p1a: Vaporeon|Substitute
|-damage|p1a: Vaporeon|75/100
|move|p2a: Jellicent|Taunt|p1a: Vaporeon
|-start|p1a: Vaporeon|move: Taunt
|
|-weather|RainDance|[upkeep]
|-heal|p1a: Vaporeon|81/100|[from] item: Leftovers
|upkeep
|turn|12
|
|t:|1708004232
|move|p1a: Vaporeon|Scald|p2a: Jellicent
|-immune|p2a: Jellicent|[from] ability: Water Absorb
|move|p2a: Jellicent|Night Shade|p1a: Vaporeon
|-activate|p1a: Vaporeon|Substitute|[damage]
|
|-weather|RainDance|[upkeep]
|-heal|p1a: Vaporeon|87/100|[from] item: Leftovers
|upkeep
|turn|13
|
|t:|1708004235
|move|p1a: Vaporeon|Scald|p2a: Jellicent
|-immune|p2a: Jellicent|[from] ability: Water Absorb
|move|p2a: Jellicent|Night Shade|p1a: Vaporeon
|-end|p1a: Vaporeon|Substitute
|
|-weather|RainDance|[upkeep]
|-heal|p1a: Vaporeon|93/100|[from] item: Leftovers
|upkeep
|turn|14
|
|t:|1708004243
|move|p1a: Vaporeon|Scald|p2a: Jellicent
|-immune|p2a: Jellicent|[from] ability: Water Absorb
|move|p2a: Jellicent|Night Shade|p1a: Vaporeon
|-damage|p1a: Vaporeon|72/100
|
|-weather|RainDance|[upkeep]
|-heal|p1a: Vaporeon|78/100|[from] item: Leftovers
|-end|p1a: Vaporeon|move: Taunt
|upkeep
|turn|15
|
|t:|1708004246
|move|p1a: Vaporeon|Aqua Ring|p1a: Vaporeon
|-start|p1a: Vaporeon|Aqua Ring
|move|p2a: Jellicent|Taunt|p1a: Vaporeon
|-start|p1a: Vaporeon|move: Taunt
|
|-weather|RainDance|[upkeep]
|-heal|p1a: Vaporeon|84/100|[from] item: Leftovers
|-heal|p1a: Vaporeon|90/100|[from] Aqua Ring
|upkeep
|turn|16
|
|t:|1708004251
|move|p1a: Vaporeon|Scald|p2a: Jellicent
|-immune|p2a: Jellicent|[from] ability: Water Absorb
|move|p2a: Jellicent|Will-O-Wisp|p1a: Vaporeon
|-status|p1a: Vaporeon|brn
|
|-weather|RainDance|[upkeep]
|-activate|p1a: Vaporeon|ability: Hydration
|-curestatus|p1a: Vaporeon|brn|[msg]
|-heal|p1a: Vaporeon|96/100|[from] item: Leftovers
|-heal|p1a: Vaporeon|100/100|[from] Aqua Ring
|upkeep
|turn|17
|
|t:|1708004258
|move|p1a: Vaporeon|Scald|p2a: Jellicent
|-immune|p2a: Jellicent|[from] ability: Water Absorb
|move|p2a: Jellicent|Night Shade|p1a: Vaporeon
|-damage|p1a: Vaporeon|79/100
|
|-weather|RainDance|[upkeep]
|-heal|p1a: Vaporeon|85/100|[from] item: Leftovers
|-heal|p1a: Vaporeon|91/100|[from] Aqua Ring
|upkeep
|turn|18
|
|t:|1708004260
|move|p1a: Vaporeon|Scald|p2a: Jellicent
|-immune|p2a: Jellicent|[from] ability: Water Absorb
|move|p2a: Jellicent|Night Shade|p1a: Vaporeon
|-damage|p1a: Vaporeon|69/100
|
|-weather|RainDance|[upkeep]
|-heal|p1a: Vaporeon|75/100|[from] item: Leftovers
|-heal|p1a: Vaporeon|81/100|[from] Aqua Ring
|-end|p1a: Vaporeon|move: Taunt
|upkeep
|turn|19
|
|t:|1708004266
|move|p1a: Vaporeon|Substitute|p1a: Vaporeon
|-start|p1a: Vaporeon|Substitute
|-damage|p1a: Vaporeon|57/100
|move|p2a: Jellicent|Taunt|p1a: Vaporeon
|-start|p1a: Vaporeon|move: Taunt
|
|-weather|RainDance|[upkeep]
|-heal|p1a: Vaporeon|63/100|[from] item: Leftovers
|-heal|p1a: Vaporeon|69/100|[from] Aqua Ring
|upkeep
|turn|20
|
|t:|1708004267
|move|p1a: Vaporeon|Scald|p2a: Jellicent
|-immune|p2a: Jellicent|[from] ability: Water Absorb
|move|p2a: Jellicent|Night Shade|p1a: Vaporeon
|-activate|p1a: Vaporeon|Substitute|[damage]
|
|-weather|RainDance|[upkeep]
|-heal|p1a: Vaporeon|75/100|[from] item: Leftovers
|-heal|p1a: Vaporeon|81/100|[from] Aqua Ring
|upkeep
|turn|21
|
|t:|1708004271
|move|p1a: Vaporeon|Scald|p2a: Jellicent
|-immune|p2a: Jellicent|[from] ability: Water Absorb
|move|p2a: Jellicent|Night Shade|p1a: Vaporeon
|-end|p1a: Vaporeon|Substitute
|
|-weather|RainDance|[upkeep]
|-heal|p1a: Vaporeon|87/100|[from] item: Leftovers
|-heal|p1a: Vaporeon|93/100|[from] Aqua Ring
|upkeep
|turn|22
|
|t:|1708004278
|move|p1a: Vaporeon|Scald|p2a: Jellicent
|-immune|p2a: Jellicent|[from] ability: Water Absorb
|move|p2a: Jellicent|Will-O-Wisp|p1a: Vaporeon
|-status|p1a: Vaporeon|brn
|
|-weather|RainDance|[upkeep]
|-activate|p1a: Vaporeon|ability: Hydration
|-curestatus|p1a: Vaporeon|brn|[msg]
|-heal|p1a: Vaporeon|99/100|[from] item: Leftovers
|-heal|p1a: Vaporeon|100/100|[from] Aqua Ring
|-end|p1a: Vaporeon|move: Taunt
|upkeep
|turn|23
|
|t:|1708004291
|move|p1a: Vaporeon|Aqua Ring||[still]
|-fail|p1a: Vaporeon
|move|p2a: Jellicent|Taunt|p1a: Vaporeon
|-start|p1a: Vaporeon|move: Taunt
|
|-weather|RainDance|[upkeep]
|upkeep
|turn|24
|
|t:|1708004298
|move|p1a: Vaporeon|Scald|p2a: Jellicent
|-immune|p2a: Jellicent|[from] ability: Water Absorb
|move|p2a: Jellicent|Taunt||[still]
|-fail|p2a: Jellicent
|
|-weather|RainDance|[upkeep]
|upkeep
|turn|25
|
|t:|1708004301
|move|p1a: Vaporeon|Scald|p2a: Jellicent
|-immune|p2a: Jellicent|[from] ability: Water Absorb
|move|p2a: Jellicent|Will-O-Wisp|p1a: Vaporeon
|-status|p1a: Vaporeon|brn
|
|-weather|RainDance|[upkeep]
|-activate|p1a: Vaporeon|ability: Hydration
|-curestatus|p1a: Vaporeon|brn|[msg]
|upkeep
|turn|26
|
|t:|1708004306
|move|p1a: Vaporeon|Scald|p2a: Jellicent
|-immune|p2a: Jellicent|[from] ability: Water Absorb
|move|p2a: Jellicent|Will-O-Wisp|p1a: Vaporeon
|-status|p1a: Vaporeon|brn
|
|-weather|RainDance|[upkeep]
|-activate|p1a: Vaporeon|ability: Hydration
|-curestatus|p1a: Vaporeon|brn|[msg]
|-end|p1a: Vaporeon|move: Taunt
|upkeep
|turn|27
|
|t:|1708004315
|move|p1a: Vaporeon|Baton Pass|p1a: Vaporeon
|
|t:|1708004317
|switch|p1a: Gyarados|Gyarados, M|100/100|[from] Baton Pass
|-ability|p1a: Gyarados|Intimidate|boost
|-unboost|p2a: Jellicent|atk|1
|move|p2a: Jellicent|Taunt|p1a: Gyarados
|-start|p1a: Gyarados|move: Taunt
|
|-weather|RainDance|[upkeep]
|upkeep
|turn|28
|
|t:|1708004322
|switch|p1a: Vaporeon|Vaporeon, M|100/100
|move|p2a: Jellicent|Will-O-Wisp|p1a: Vaporeon
|-status|p1a: Vaporeon|brn
|
|-weather|RainDance|[upkeep]
|-activate|p1a: Vaporeon|ability: Hydration
|-curestatus|p1a: Vaporeon|brn|[msg]
|upkeep
|turn|29
|
|t:|1708004327
|move|p1a: Vaporeon|Aqua Ring|p1a: Vaporeon
|-start|p1a: Vaporeon|Aqua Ring
|move|p2a: Jellicent|Taunt|p1a: Vaporeon
|-start|p1a: Vaporeon|move: Taunt
|
|-weather|RainDance|[upkeep]
|upkeep
|turn|30
|
|t:|1708004338
|move|p1a: Vaporeon|Scald|p2a: Jellicent
|-immune|p2a: Jellicent|[from] ability: Water Absorb
|move|p2a: Jellicent|Will-O-Wisp|p1a: Vaporeon
|-status|p1a: Vaporeon|brn
|
|-weather|RainDance|[upkeep]
|-activate|p1a: Vaporeon|ability: Hydration
|-curestatus|p1a: Vaporeon|brn|[msg]
|upkeep
|turn|31
|
|t:|1708004341
|switch|p1a: Latias|Latias, F|100/100
|move|p2a: Jellicent|Taunt|p1a: Latias
|-start|p1a: Latias|move: Taunt
|
|-weather|RainDance|[upkeep]
|upkeep
|turn|32
|
|t:|1708004345
|switch|p1a: Vaporeon|Vaporeon, M|100/100
|switch|p2a: Tyranitar|Tyranitar, F|100/100
|-damage|p2a: Tyranitar|88/100|[from] Stealth Rock
|-weather|Sandstorm|[from] ability: Sand Stream|[of] p2a: Tyranitar
|
|-weather|Sandstorm|[upkeep]
|-damage|p1a: Vaporeon|94/100|[from] Sandstorm
|-heal|p1a: Vaporeon|100/100|[from] item: Leftovers
|upkeep
|turn|33
|
|t:|1708004352
|move|p1a: Vaporeon|Scald|p2a: Tyranitar
|-supereffective|p2a: Tyranitar
|-damage|p2a: Tyranitar|64/100
|move|p2a: Tyranitar|Crunch|p1a: Vaporeon
|-crit|p1a: Vaporeon
|-damage|p1a: Vaporeon|23/100
|
|-weather|Sandstorm|[upkeep]
|-damage|p1a: Vaporeon|17/100|[from] Sandstorm
|-heal|p1a: Vaporeon|23/100|[from] item: Leftovers
|upkeep
|turn|34
|
|t:|1708004358
|move|p1a: Vaporeon|Scald|p2a: Tyranitar
|-supereffective|p2a: Tyranitar
|-damage|p2a: Tyranitar|42/100
|move|p2a: Tyranitar|Pursuit|p1a: Vaporeon
|-damage|p1a: Vaporeon|2/100
|
|-weather|Sandstorm|[upkeep]
|-damage|p1a: Vaporeon|0 fnt|[from] Sandstorm
|faint|p1a: Vaporeon
|upkeep
|
|t:|1708004373
|switch|p1a: Scizor|Scizor, F|100/100
|turn|35
|
|t:|1708004379
|switch|p2a: Gliscor|Gliscor, M|89/100 par
|-damage|p2a: Gliscor|77/100 par|[from] Stealth Rock
|move|p1a: Scizor|U-turn|p2a: Gliscor
|-resisted|p2a: Gliscor
|-damage|p2a: Gliscor|65/100 par
|
|t:|1708004383
|switch|p1a: Gyarados|Gyarados, M|100/100|[from] U-turn
|-ability|p1a: Gyarados|Intimidate|boost
|-unboost|p2a: Gliscor|atk|1
|
|-weather|Sandstorm|[upkeep]
|-damage|p1a: Gyarados|94/100|[from] Sandstorm
|-heal|p1a: Gyarados|100/100|[from] item: Leftovers
|upkeep
|turn|36
|
|t:|1708004389
|switch|p2a: Skarmory|Skarmory, F|100/100
|-damage|p2a: Skarmory|88/100|[from] Stealth Rock
|move|p1a: Gyarados|Dragon Dance|p1a: Gyarados
|-boost|p1a: Gyarados|atk|1
|-boost|p1a: Gyarados|spe|1
|
|-weather|Sandstorm|[upkeep]
|-damage|p1a: Gyarados|94/100|[from] Sandstorm
|-heal|p1a: Gyarados|100/100|[from] item: Leftovers
|-heal|p2a: Skarmory|94/100|[from] item: Leftovers
|upkeep
|turn|37
|
|t:|1708004392
|move|p1a: Gyarados|Waterfall|p2a: Skarmory
|-damage|p2a: Skarmory|51/100
|move|p2a: Skarmory|Whirlwind|p1a: Gyarados
|drag|p1a: Politoed|Politoed, M|100/100
|-weather|RainDance|[from] ability: Drizzle|[of] p1a: Politoed
|
|-weather|RainDance|[upkeep]
|-heal|p2a: Skarmory|57/100|[from] item: Leftovers
|upkeep
|turn|38
|
|t:|1708004399
|switch|p1a: Latias|Latias, F|100/100
|switch|p2a: Gliscor|Gliscor, M|65/100 par
|-damage|p2a: Gliscor|52/100 par|[from] Stealth Rock
|
|-weather|RainDance|[upkeep]
|upkeep
|turn|39
|
|t:|1708004402
|move|p1a: Latias|Ice Beam|p2a: Gliscor
|-supereffective|p2a: Gliscor
|-damage|p2a: Gliscor|0 fnt
|faint|p2a: Gliscor
|
|-weather|RainDance|[upkeep]
|upkeep
|
|t:|1708004405
|switch|p2a: Tyranitar|Tyranitar, F|42/100
|-damage|p2a: Tyranitar|30/100|[from] Stealth Rock
|-weather|Sandstorm|[from] ability: Sand Stream|[of] p2a: Tyranitar
|turn|40
|
|t:|1708004408
|move|p1a: Latias|Thunder Wave|p2a: Tyranitar
|-status|p2a: Tyranitar|par
|cant|p2a: Tyranitar|par
|
|-weather|Sandstorm|[upkeep]
|-damage|p1a: Latias|94/100|[from] Sandstorm
|upkeep
|turn|41
|
|t:|1708004412
|move|p1a: Latias|Ice Beam|p2a: Tyranitar
|-damage|p2a: Tyranitar|19/100 par
|move|p2a: Tyranitar|Thunder Wave|p1a: Latias
|-status|p1a: Latias|par
|
|-weather|Sandstorm|[upkeep]
|-damage|p1a: Latias|88/100 par|[from] Sandstorm
|upkeep
|turn|42
|
|t:|1708004416
|move|p1a: Latias|Ice Beam|p2a: Tyranitar
|-damage|p2a: Tyranitar|10/100 par
|cant|p2a: Tyranitar|par
|
|-weather|Sandstorm|[upkeep]
|-damage|p1a: Latias|82/100 par|[from] Sandstorm
|upkeep
|turn|43
|
|t:|1708004422
|switch|p2a: Reuniclus|Reuniclus, F|100/100
|move|p1a: Latias|Roost|p1a: Latias
|-heal|p1a: Latias|100/100 par
|-singleturn|p1a: Latias|move: Roost
|
|-weather|Sandstorm|[upkeep]
|-damage|p1a: Latias|94/100 par|[from] Sandstorm
|upkeep
|turn|44
|
|t:|1708004428
|move|p2a: Reuniclus|Calm Mind|p2a: Reuniclus
|-boost|p2a: Reuniclus|spa|1
|-boost|p2a: Reuniclus|spd|1
|move|p1a: Latias|Thunder Wave|p2a: Reuniclus
|-status|p2a: Reuniclus|par
|
|-weather|Sandstorm|[upkeep]
|-damage|p1a: Latias|88/100 par|[from] Sandstorm
|upkeep
|turn|45
|
|t:|1708004432
|switch|p1a: Politoed|Politoed, M|100/100
|-weather|RainDance|[from] ability: Drizzle|[of] p1a: Politoed
|move|p2a: Reuniclus|Psyshock|p1a: Politoed
|-damage|p1a: Politoed|34/100
|
|-weather|RainDance|[upkeep]
|upkeep
|turn|46
|
|t:|1708004435
|switch|p1a: Scizor|Scizor, F|100/100
|move|p2a: Reuniclus|Psyshock|p1a: Scizor
|-resisted|p1a: Scizor
|-damage|p1a: Scizor|71/100
|
|-weather|RainDance|[upkeep]
|upkeep
|turn|47
|
|t:|1708004438
|move|p1a: Scizor|U-turn|p2a: Reuniclus
|-supereffective|p2a: Reuniclus
|-damage|p2a: Reuniclus|52/100 par
|
|t:|1708004442
|switch|p1a: Politoed|Politoed, M|34/100|[from] U-turn
|move|p2a: Reuniclus|Recover|p2a: Reuniclus
|-heal|p2a: Reuniclus|100/100 par
|
|-weather|RainDance|[upkeep]
|upkeep
|turn|48
|
|t:|1708004444
|move|p1a: Politoed|Encore|p2a: Reuniclus
|-start|p2a: Reuniclus|Encore
|move|p2a: Reuniclus|Recover||[still]
|-fail|p2a: Reuniclus|heal
|
|-weather|RainDance|[upkeep]
|upkeep
|turn|49
|
|t:|1708004449
|switch|p1a: Gyarados|Gyarados, M|100/100
|-ability|p1a: Gyarados|Intimidate|boost
|-unboost|p2a: Reuniclus|atk|1
|switch|p2a: Jellicent|Jellicent, F|100/100
|-damage|p2a: Jellicent|88/100|[from] Stealth Rock
|-item|p2a: Jellicent|Air Balloon
|
|-weather|RainDance|[upkeep]
|upkeep
|turn|50
|
|t:|1708004456
|move|p1a: Gyarados|Substitute|p1a: Gyarados
|-start|p1a: Gyarados|Substitute
|-damage|p1a: Gyarados|76/100
|move|p2a: Jellicent|Will-O-Wisp||[still]
|-fail|p2a: Jellicent
|
|-weather|RainDance|[upkeep]
|-heal|p1a: Gyarados|82/100|[from] item: Leftovers
|upkeep
|turn|51
|
|t:|1708004459
|move|p1a: Gyarados|Dragon Dance|p1a: Gyarados
|-boost|p1a: Gyarados|atk|1
|-boost|p1a: Gyarados|spe|1
|move|p2a: Jellicent|Taunt|p1a: Gyarados
|-start|p1a: Gyarados|move: Taunt
|
|-weather|RainDance|[upkeep]
|-heal|p1a: Gyarados|88/100|[from] item: Leftovers
|upkeep
|turn|52
|
|t:|1708004463
|move|p1a: Gyarados|Outrage|p2a: Jellicent
|-damage|p2a: Jellicent|40/100
|-enditem|p2a: Jellicent|Air Balloon
|move|p2a: Jellicent|Night Shade|p1a: Gyarados
|-end|p1a: Gyarados|Substitute
|
|-weather|RainDance|[upkeep]
|-heal|p1a: Gyarados|94/100|[from] item: Leftovers
|upkeep
|turn|53
|
|t:|1708004479
|switch|p2a: Skarmory|Skarmory, F|57/100
|-damage|p2a: Skarmory|45/100|[from] Stealth Rock
|move|p1a: Gyarados|Outrage|p2a: Skarmory|[from]lockedmove
|-resisted|p2a: Skarmory
|-damage|p2a: Skarmory|22/100
|
|-weather|RainDance|[upkeep]
|-heal|p1a: Gyarados|100/100|[from] item: Leftovers
|-heal|p2a: Skarmory|28/100|[from] item: Leftovers
|upkeep
|turn|54
|
|t:|1708004488
|move|p1a: Gyarados|Outrage|p2a: Skarmory|[from]lockedmove
|-resisted|p2a: Skarmory
|-damage|p2a: Skarmory|7/100
|-start|p1a: Gyarados|confusion|[fatigue]
|move|p2a: Skarmory|Roost|p2a: Skarmory
|-heal|p2a: Skarmory|57/100
|-singleturn|p2a: Skarmory|move: Roost
|
|-weather|RainDance|[upkeep]
|-heal|p2a: Skarmory|63/100|[from] item: Leftovers
|-end|p1a: Gyarados|move: Taunt
|upkeep
|turn|55
|
|t:|1708004497
|switch|p1a: Politoed|Politoed, M|34/100
|move|p2a: Skarmory|Roost|p2a: Skarmory
|-heal|p2a: Skarmory|100/100
|-singleturn|p2a: Skarmory|move: Roost
|
|-weather|RainDance|[upkeep]
|upkeep
|turn|56
|l|☆Xurkiyee
|inactive|Xurkiyee disconnected and has a minute to reconnect!
|player|p2|
|j|☆Xurkiyee
|inactive|Xurkiyee reconnected and has 135 seconds left.
|player|p2|Xurkiyee|kimonogirl
|
|t:|1708004516
|switch|p1a: Scizor|Scizor, F|71/100
|switch|p2a: Reuniclus|Reuniclus, F|100/100 par
|
|-weather|RainDance|[upkeep]
|upkeep
|turn|57
|
|t:|1708004524
|move|p1a: Scizor|U-turn|p2a: Reuniclus
|-supereffective|p2a: Reuniclus
|-damage|p2a: Reuniclus|45/100 par
|
|t:|1708004531
|switch|p1a: Gyarados|Gyarados, M|100/100|[from] U-turn
|-ability|p1a: Gyarados|Intimidate|boost
|-unboost|p2a: Reuniclus|atk|1
|move|p2a: Reuniclus|Focus Blast|p1a: Gyarados|[miss]
|-miss|p2a: Reuniclus|p1a: Gyarados
|
|-weather|RainDance|[upkeep]
|-heal|p2a: Reuniclus|51/100 par|[from] item: Leftovers
|upkeep
|turn|58
|
|t:|1708004536
|move|p1a: Gyarados|Dragon Dance|p1a: Gyarados
|-boost|p1a: Gyarados|atk|1
|-boost|p1a: Gyarados|spe|1
|move|p2a: Reuniclus|Psyshock|p1a: Gyarados
|-damage|p1a: Gyarados|59/100
|
|-weather|RainDance|[upkeep]
|-heal|p1a: Gyarados|65/100|[from] item: Leftovers
|-heal|p2a: Reuniclus|57/100 par|[from] item: Leftovers
|upkeep
|turn|59
|
|t:|1708004542
|switch|p2a: Tyranitar|Tyranitar, F|10/100 par
|-damage|p2a: Tyranitar|0 fnt|[from] Stealth Rock
|faint|p2a: Tyranitar
|move|p1a: Gyarados|Waterfall|p2: Tyranitar|[notarget]
|-fail|p1a: Gyarados
|
|-weather|RainDance|[upkeep]
|-heal|p1a: Gyarados|71/100|[from] item: Leftovers
|upkeep
|
|t:|1708004544
|switch|p2a: Skarmory|Skarmory, F|100/100
|-damage|p2a: Skarmory|88/100|[from] Stealth Rock
|turn|60
|
|t:|1708004548
|move|p1a: Gyarados|Waterfall|p2a: Skarmory
|-crit|p2a: Skarmory
|-damage|p2a: Skarmory|0 fnt
|faint|p2a: Skarmory
|
|-weather|RainDance|[upkeep]
|-heal|p1a: Gyarados|78/100|[from] item: Leftovers
|upkeep
|
|t:|1708004553
|switch|p2a: Latios|Latios, M|100/100
|-damage|p2a: Latios|88/100|[from] Stealth Rock
|turn|61
|
|t:|1708004562
|switch|p1a: Latias|Latias, F|88/100 par
|move|p2a: Latios|Draco Meteor|p1a: Latias
|-supereffective|p1a: Latias
|-damage|p1a: Latias|0 fnt
|-unboost|p2a: Latios|spa|2
|faint|p1a: Latias
|
|-weather|RainDance|[upkeep]
|upkeep
|
|t:|1708004564
|switch|p1a: Scizor|Scizor, F|71/100
|turn|62
|
|t:|1708004567
|move|p2a: Latios|Draco Meteor|p1a: Scizor
|-resisted|p1a: Scizor
|-damage|p1a: Scizor|45/100
|-unboost|p2a: Latios|spa|2
|move|p1a: Scizor|Pursuit|p2a: Latios
|-supereffective|p2a: Latios
|-damage|p2a: Latios|28/100
|
|-weather|RainDance|[upkeep]
|upkeep
|turn|63
|
|t:|1708004570
|move|p2a: Latios|Draco Meteor|p1a: Scizor
|-resisted|p1a: Scizor
|-damage|p1a: Scizor|28/100
|-unboost|p2a: Latios|spa|2
|move|p1a: Scizor|Pursuit|p2a: Latios
|-supereffective|p2a: Latios
|-damage|p2a: Latios|0 fnt
|faint|p2a: Latios
|
|-weather|RainDance|[upkeep]
|upkeep
|
|t:|1708004573
|switch|p2a: Jellicent|Jellicent, F|40/100
|-damage|p2a: Jellicent|28/100|[from] Stealth Rock
|turn|64
|
|t:|1708004574
|move|p1a: Scizor|Pursuit|p2a: Jellicent
|-supereffective|p2a: Jellicent
|-damage|p2a: Jellicent|0 fnt
|faint|p2a: Jellicent
|
|-weather|RainDance|[upkeep]
|upkeep
|
|t:|1708004577
|switch|p2a: Reuniclus|Reuniclus, F|57/100 par
|turn|65
|
|t:|1708004581
|switch|p1a: Politoed|Politoed, M|34/100
|cant|p2a: Reuniclus|par
|
|-weather|RainDance|[upkeep]
|-heal|p2a: Reuniclus|63/100 par|[from] item: Leftovers
|upkeep
|turn|66
|
|t:|1708004586
|move|p1a: Politoed|Hydro Pump|p2a: Reuniclus|[miss]
|-miss|p1a: Politoed|p2a: Reuniclus
|move|p2a: Reuniclus|Psyshock|p1a: Politoed
|-damage|p1a: Politoed|0 fnt
|faint|p1a: Politoed
|
|-weather|RainDance|[upkeep]
|-heal|p2a: Reuniclus|69/100 par|[from] item: Leftovers
|upkeep
|
|t:|1708004589
|switch|p1a: Gyarados|Gyarados, M|78/100
|-ability|p1a: Gyarados|Intimidate|boost
|-unboost|p2a: Reuniclus|atk|1
|turn|67
|
|t:|1708004591
|move|p1a: Gyarados|Waterfall|p2a: Reuniclus
|-damage|p2a: Reuniclus|27/100 par
|cant|p2a: Reuniclus|flinch
|
|-weather|RainDance|[upkeep]
|-heal|p1a: Gyarados|84/100|[from] item: Leftovers
|-heal|p2a: Reuniclus|34/100 par|[from] item: Leftovers
|upkeep
|turn|68
|c|☆Xurkiyee|ggg
|c|☆ghosted by brizz|gg
|-message|Xurkiyee forfeited.
|
|win|ghosted by brizz
|raw|ghosted by brizz's rating: 1574 &rarr; <strong>1593</strong><br />(+19 for winning)
|raw|Xurkiyee's rating: 1559 &rarr; <strong>1540</strong><br />(-19 for losing)
|l|☆Xurkiyee
|player|p2|
