|j|☆CroCoeur
|j|☆Olden Polynice
|player|p1|CroCoeur|161
|player|p2|Olden Polynice|69
|teamsize|p1|6
|teamsize|p2|6
|gametype|singles
|gen|5
|tier|[Gen 5] OU
|rated|
|rule|Sleep Clause Mod: Limit one foe put to sleep
|rule|Species Clause: Limit one of each Pokémon
|rule|OHKO Clause: OHKO moves are banned
|rule|Moody Clause: Moody is banned
|rule|Evasion Moves Clause: Evasion moves are banned
|rule|Endless Battle Clause: Forcing endless battles is banned
|rule|HP Percentage Mod: HP is shown in percentages
|rule|Evasion Abilities Clause: Evasion abilities are banned
|rule|Baton Pass Clause: Limit one Baton Passer, can't pass Spe and other stats simultaneously
|rule|Swagger Clause: Swagger is banned
|clearpoke
|poke|p1|Politoed, M|item
|poke|p1|Vaporeon, F|item
|poke|p1|Celebi|item
|poke|p1|Ferrothorn, M|item
|poke|p1|Latios, M|item
|poke|p1|Jirachi|item
|poke|p2|Infernape, M|item
|poke|p2|Tyranitar, M|item
|poke|p2|Gastrodon, M|item
|poke|p2|Reuniclus, M|item
|poke|p2|Gengar, F|item
|poke|p2|Skarmory, F|item
|teampreview
|inactive|Battle timer is ON: inactive players will automatically lose when time's up. (requested by CroCoeur)
|
|start
|switch|p1a: Politoed|Politoed, M|100/100
|switch|p2a: Tyranitar|Tyranitar, M|100/100
|-weather|RainDance|[from] ability: Drizzle|[of] p1a: Politoed
|-weather|Sandstorm|[from] ability: Sand Stream|[of] p2a: Tyranitar
|turn|1
|
|move|p1a: Politoed|Hydro Pump|p2a: Tyranitar
|-supereffective|p2a: Tyranitar
|-damage|p2a: Tyranitar|37/100
|move|p2a: Tyranitar|Superpower|p1a: Politoed
|-damage|p1a: Politoed|13/100
|-unboost|p2a: Tyranitar|atk|1
|-unboost|p2a: Tyranitar|def|1
|
|-weather|Sandstorm|[upkeep]
|-damage|p1a: Politoed|7/100|[from] Sandstorm
|upkeep
|turn|2
|
|switch|p1a: Ferrothorn|Ferrothorn, M|100/100
|switch|p2a: Gastrodon|Gastrodon, M|100/100
|
|-weather|Sandstorm|[upkeep]
|upkeep
|turn|3
|
|switch|p2a: Skarmory|Skarmory, F|100/100
|move|p1a: Ferrothorn|Spikes|p2a: Skarmory
|-sidestart|p2: Olden Polynice|Spikes
|
|-weather|Sandstorm|[upkeep]
|upkeep
|turn|4
|
|switch|p1a: Politoed|Politoed, M|7/100
|-weather|RainDance|[from] ability: Drizzle|[of] p1a: Politoed
|move|p2a: Skarmory|Stealth Rock|p1a: Politoed
|-sidestart|p1: CroCoeur|move: Stealth Rock
|
|-weather|RainDance|[upkeep]
|upkeep
|turn|5
|
|move|p1a: Politoed|Hydro Pump|p2a: Skarmory
|-damage|p2a: Skarmory|1/100
|move|p2a: Skarmory|Roost|p2a: Skarmory
|-heal|p2a: Skarmory|51/100
|
|-weather|RainDance|[upkeep]
|upkeep
|turn|6
|
|switch|p2a: Gastrodon|Gastrodon, M|100/100
|-damage|p2a: Gastrodon|88/100|[from] Spikes
|move|p1a: Politoed|Hydro Pump|p2a: Gastrodon
|-ability|p2a: Gastrodon|Storm Drain|boost
|-boost|p2a: Gastrodon|spa|1
|
|-weather|RainDance|[upkeep]
|-heal|p2a: Gastrodon|94/100|[from] item: Leftovers
|upkeep
|turn|7
|
|switch|p1a: Ferrothorn|Ferrothorn, M|100/100
|-damage|p1a: Ferrothorn|94/100|[from] Stealth Rock
|switch|p2a: Skarmory|Skarmory, F|51/100
|
|-weather|RainDance|[upkeep]
|-heal|p1a: Ferrothorn|100/100|[from] item: Leftovers
|upkeep
|turn|8
|
|move|p2a: Skarmory|Roost|p2a: Skarmory
|-heal|p2a: Skarmory|100/100
|move|p1a: Ferrothorn|Spikes|p2a: Skarmory
|-sidestart|p2: Olden Polynice|Spikes
|
|-weather|RainDance|[upkeep]
|upkeep
|turn|9
|
|move|p2a: Skarmory|Spikes|p1a: Ferrothorn
|-sidestart|p1: CroCoeur|Spikes
|move|p1a: Ferrothorn|Spikes|p2a: Skarmory
|-sidestart|p2: Olden Polynice|Spikes
|
|-weather|RainDance|[upkeep]
|upkeep
|turn|10
|
|switch|p2a: Tyranitar|Tyranitar, M|37/100
|-damage|p2a: Tyranitar|12/100|[from] Spikes
|-weather|Sandstorm|[from] ability: Sand Stream|[of] p2a: Tyranitar
|move|p1a: Ferrothorn|Stealth Rock|p2a: Tyranitar
|-sidestart|p2: Olden Polynice|move: Stealth Rock
|
|-weather|Sandstorm|[upkeep]
|upkeep
|turn|11
|
|move|p2a: Tyranitar|Superpower|p1a: Ferrothorn
|-supereffective|p1a: Ferrothorn
|-damage|p1a: Ferrothorn|0 fnt
|-damage|p2a: Tyranitar|0 fnt|[from] ability: Iron Barbs|[of] p1a: Ferrothorn
|faint|p2a: Tyranitar
|-formechange|p2a: Tyranitar|Tyranitar||[from] ability: Iron Barbs
|faint|p1a: Ferrothorn
|-formechange|p1a: Ferrothorn|Ferrothorn||[from] ability: Iron Barbs
|
|-weather|Sandstorm|[upkeep]
|upkeep
|
|switch|p2a: Gengar|Gengar, F|100/100
|switch|p1a: Latios|Latios, M|100/100
|-damage|p1a: Latios|88/100|[from] Stealth Rock
|-damage|p2a: Gengar|88/100|[from] Stealth Rock
|turn|12
|
|switch|p2a: Skarmory|Skarmory, F|100/100
|-damage|p2a: Skarmory|88/100|[from] Stealth Rock
|move|p1a: Latios|Psyshock|p2a: Skarmory
|-resisted|p2a: Skarmory
|-damage|p2a: Skarmory|77/100
|
|-weather|Sandstorm|[upkeep]
|-damage|p1a: Latios|82/100|[from] Sandstorm
|upkeep
|turn|13
|
|switch|p1a: Jirachi|Jirachi|100/100
|-damage|p1a: Jirachi|94/100|[from] Stealth Rock
|-damage|p1a: Jirachi|82/100|[from] Spikes
|move|p2a: Skarmory|Whirlwind|p1a: Jirachi
|drag|p1a: Latios|Latios, M|82/100
|-damage|p1a: Latios|70/100|[from] Stealth Rock
|
|-weather|Sandstorm|[upkeep]
|-damage|p1a: Latios|64/100|[from] Sandstorm
|upkeep
|turn|14
|
|move|p1a: Latios|Thunder|p2a: Skarmory
|-supereffective|p2a: Skarmory
|-damage|p2a: Skarmory|0 fnt
|faint|p2a: Skarmory
|
|-weather|Sandstorm|[upkeep]
|-damage|p1a: Latios|58/100|[from] Sandstorm
|upkeep
|
|switch|p2a: Gengar|Gengar, F|88/100
|-damage|p2a: Gengar|76/100|[from] Stealth Rock
|turn|15
|
|move|p1a: Latios|Thunder|p2a: Gengar|[miss]
|-miss|p1a: Latios|p2a: Gengar
|move|p2a: Gengar|Shadow Ball|p1a: Latios
|-supereffective|p1a: Latios
|-damage|p1a: Latios|0 fnt
|faint|p1a: Latios
|
|-weather|Sandstorm|[upkeep]
|-damage|p2a: Gengar|70/100|[from] Sandstorm
|upkeep
|
|switch|p1a: Vaporeon|Vaporeon, F|100/100
|-damage|p1a: Vaporeon|88/100|[from] Stealth Rock
|-damage|p1a: Vaporeon|76/100|[from] Spikes
|turn|16
|
|switch|p2a: Reuniclus|Reuniclus, M|100/100
|move|p1a: Vaporeon|Roar|p2a: Reuniclus
|drag|p2a: Gengar|Gengar, F|70/100
|-damage|p2a: Gengar|58/100|[from] Stealth Rock
|
|-weather|Sandstorm|[upkeep]
|-damage|p2a: Gengar|52/100|[from] Sandstorm
|-damage|p1a: Vaporeon|70/100|[from] Sandstorm
|-heal|p1a: Vaporeon|76/100|[from] item: Leftovers
|upkeep
|turn|17
|
|move|p2a: Gengar|Trick|p1a: Vaporeon
|-activate|p2a: Gengar|move: Trick|[of] p1a: Vaporeon
|-item|p1a: Vaporeon|Choice Scarf|[from] move: Trick
|-item|p2a: Gengar|Leftovers|[from] move: Trick
|move|p1a: Vaporeon|Roar|p2a: Gengar
|drag|p2a: Infernape|Infernape, M, shiny|100/100
|-damage|p2a: Infernape|76/100|[from] Spikes
|-damage|p2a: Infernape|63/100|[from] Stealth Rock
|
|-weather|Sandstorm|[upkeep]
|-damage|p2a: Infernape|57/100|[from] Sandstorm
|-damage|p1a: Vaporeon|70/100|[from] Sandstorm
|upkeep
|turn|18
|
|move|p2a: Infernape|Close Combat|p1a: Vaporeon
|-damage|p1a: Vaporeon|0 fnt
|-unboost|p2a: Infernape|def|1
|-unboost|p2a: Infernape|spd|1
|-damage|p2a: Infernape|47/100|[from] item: Life Orb
|faint|p1a: Vaporeon
|
|-weather|Sandstorm|[upkeep]
|-damage|p2a: Infernape|41/100|[from] Sandstorm
|upkeep
|
|switch|p1a: Politoed|Politoed, M|7/100
|-damage|p1a: Politoed|0 fnt|[from] Stealth Rock
|faint|p1a: Politoed
|
|switch|p1a: Jirachi|Jirachi|82/100
|-damage|p1a: Jirachi|70/100|[from] Spikes
|-damage|p1a: Jirachi|63/100|[from] Stealth Rock
|turn|19
|
|move|p2a: Infernape|Flamethrower|p1a: Jirachi
|-supereffective|p1a: Jirachi
|-damage|p1a: Jirachi|0 fnt
|-damage|p2a: Infernape|31/100|[from] item: Life Orb
|faint|p1a: Jirachi
|
|-weather|Sandstorm|[upkeep]
|-damage|p2a: Infernape|25/100|[from] Sandstorm
|upkeep
|
|switch|p1a: Celebi|Celebi|100/100
|-damage|p1a: Celebi|88/100|[from] Spikes
|-damage|p1a: Celebi|76/100|[from] Stealth Rock
|turn|20
|
|move|p2a: Infernape|Flamethrower|p1a: Celebi
|-supereffective|p1a: Celebi
|-damage|p1a: Celebi|0 fnt
|-damage|p2a: Infernape|15/100|[from] item: Life Orb
|faint|p1a: Celebi
|
|win|Olden Polynice
|l|☆CroCoeur
|raw|CroCoeur's rating: 1471 &rarr; <strong>1443</strong><br />(-28 for losing)
|raw|Olden Polynice's rating: 1323 &rarr; <strong>1351</strong><br />(+28 for winning)
