|j|☆Salutethewolf
|j|☆ihvcdhfgnvhm
|t:|1747102343
|gametype|singles
|player|p1|Salutethewolf|hugh|1387
|player|p2|ihvcdhfgnvhm|dawn-gen4pt|1304
|teamsize|p1|6
|teamsize|p2|6
|gen|5
|tier|[Gen 5] OU
|rated|
|rule|Species Clause: Limit one of each Pokémon
|rule|OHKO Clause: OHKO moves are banned
|rule|Moody Clause: Moody is banned
|rule|Evasion Items Clause: Evasion items are banned
|rule|Evasion Moves Clause: Evasion moves are banned
|rule|Endless Battle Clause: Forcing endless battles is banned
|rule|HP Percentage Mod: HP is shown in percentages
|rule|Evasion Abilities Clause: Evasion abilities are banned
|rule|Sleep Moves Clause: Sleep-inducing moves are banned
|rule|Swagger Clause: Swagger is banned
|rule|Baton Pass Stat Clause: No Baton Passer may have a way to boost its stats
|clearpoke
|poke|p1|Bronzong|item
|poke|p1|Magnezone|item
|poke|p1|Azelf|item
|poke|p1|Hariyama, F|item
|poke|p1|Reuniclus, F|item
|poke|p1|Crawdaunt, M|item
|poke|p2|Tyranitar, M|item
|poke|p2|Terrakion|item
|poke|p2|Amoonguss, M|item
|poke|p2|Rotom-Wash|item
|poke|p2|Landorus-Therian, M|item
|poke|p2|Excadrill, M|item
|teampreview
|inactive|Battle timer is ON: inactive players will automatically lose when time's up. (requested by Salutethewolf)
|
|t:|1747102352
|start
|switch|p1a: Azelf|Azelf|100/100
|switch|p2a: Rotom|Rotom-Wash, shiny|100/100
|turn|1
|
|t:|1747102358
|move|p1a: Azelf|U-turn|p2a: Rotom
|-damage|p2a: Rotom|85/100
|
|t:|1747102363
|switch|p1a: Magnezone|Magnezone, shiny|100/100|[from] U-turn
|-item|p1a: Magnezone|Air Balloon
|move|p2a: Rotom|Hydro Pump|p1a: Magnezone
|-damage|p1a: Magnezone|48/100
|-enditem|p1a: Magnezone|Air Balloon
|
|-heal|p2a: Rotom|91/100|[from] item: Leftovers
|upkeep
|turn|2
|
|t:|1747102375
|switch|p2a: Landorus|Landorus-Therian, M, shiny|100/100
|-ability|p2a: Landorus|Intimidate|boost
|-unboost|p1a: Magnezone|atk|1
|move|p1a: Magnezone|Volt Switch|p2a: Landorus
|-immune|p2a: Landorus
|
|upkeep
|turn|3
|
|t:|1747102384
|switch|p1a: Bronzong|Bronzong, shiny|100/100
|move|p2a: Landorus|Stealth Rock|p1a: Bronzong
|-sidestart|p1: Salutethewolf|move: Stealth Rock
|
|upkeep
|turn|4
|
|t:|1747102390
|move|p2a: Landorus|U-turn|p1a: Bronzong
|-damage|p1a: Bronzong|86/100
|
|t:|1747102392
|switch|p2a: Rotom|Rotom-Wash, shiny|91/100|[from] U-turn
|move|p1a: Bronzong|Stealth Rock|p2a: Rotom
|-sidestart|p2: ihvcdhfgnvhm|move: Stealth Rock
|
|-heal|p2a: Rotom|97/100|[from] item: Leftovers
|upkeep
|turn|5
|
|t:|1747102400
|move|p2a: Rotom|Will-O-Wisp|p1a: Bronzong
|-status|p1a: Bronzong|brn
|move|p1a: Bronzong|Trick Room|p1a: Bronzong
|-fieldstart|move: Trick Room|[of] p1a: Bronzong
|
|-heal|p2a: Rotom|100/100|[from] item: Leftovers
|-damage|p1a: Bronzong|74/100 brn|[from] brn
|upkeep
|turn|6
|
|t:|1747102419
|switch|p1a: Reuniclus|Reuniclus, F, shiny|100/100
|move|p2a: Rotom|Hydro Pump|p1a: Reuniclus
|-damage|p1a: Reuniclus|59/100
|
|upkeep
|turn|7
|
|t:|1747102428
|move|p1a: Reuniclus|Focus Blast|p2a: Rotom|[miss]
|-miss|p1a: Reuniclus|p2a: Rotom
|move|p2a: Rotom|Volt Switch|p1a: Reuniclus
|-damage|p1a: Reuniclus|35/100
|
|t:|1747102431
|switch|p2a: Tyranitar|Tyranitar, M, shiny|100/100|[from] Volt Switch
|-damage|p2a: Tyranitar|88/100|[from] Stealth Rock
|-weather|Sandstorm|[from] ability: Sand Stream|[of] p2a: Tyranitar
|
|-weather|Sandstorm|[upkeep]
|upkeep
|turn|8
|
|t:|1747102441
|move|p1a: Reuniclus|Focus Blast|p2a: Tyranitar|[miss]
|-miss|p1a: Reuniclus|p2a: Tyranitar
|move|p2a: Tyranitar|Pursuit|p1a: Reuniclus
|-supereffective|p1a: Reuniclus
|-damage|p1a: Reuniclus|0 fnt
|faint|p1a: Reuniclus
|
|-weather|Sandstorm|[upkeep]
|upkeep
|
|t:|1747102451
|switch|p1a: Hariyama|Hariyama, F|100/100
|-damage|p1a: Hariyama|94/100|[from] Stealth Rock
|turn|9
|
|t:|1747102456
|switch|p2a: Landorus|Landorus-Therian, M, shiny|100/100
|-damage|p2a: Landorus|88/100|[from] Stealth Rock
|-ability|p2a: Landorus|Intimidate|boost
|-unboost|p1a: Hariyama|atk|1
|move|p1a: Hariyama|Close Combat|p2a: Landorus
|-resisted|p2a: Landorus
|-damage|p2a: Landorus|62/100
|-unboost|p1a: Hariyama|def|1
|-unboost|p1a: Hariyama|spd|1
|-damage|p1a: Hariyama|84/100|[from] item: Life Orb
|
|-weather|Sandstorm|[upkeep]
|-damage|p1a: Hariyama|78/100|[from] Sandstorm
|-heal|p2a: Landorus|68/100|[from] item: Leftovers
|-fieldend|move: Trick Room
|upkeep
|turn|10
|
|t:|1747102473
|switch|p1a: Bronzong|Bronzong, shiny|74/100 brn
|-damage|p1a: Bronzong|67/100 brn|[from] Stealth Rock
|move|p2a: Landorus|U-turn|p1a: Bronzong
|-damage|p1a: Bronzong|52/100 brn
|
|t:|1747102475
|switch|p2a: Terrakion|Terrakion, shiny|100/100|[from] U-turn
|-damage|p2a: Terrakion|94/100|[from] Stealth Rock
|
|-weather|Sandstorm|[upkeep]
|-damage|p1a: Bronzong|40/100 brn|[from] brn
|upkeep
|turn|11
|
|t:|1747102486
|switch|p1a: Magnezone|Magnezone, shiny|48/100
|-damage|p1a: Magnezone|42/100|[from] Stealth Rock
|move|p2a: Terrakion|Close Combat|p1a: Magnezone
|-supereffective|p1a: Magnezone
|-damage|p1a: Magnezone|0 fnt
|-unboost|p2a: Terrakion|def|1
|-unboost|p2a: Terrakion|spd|1
|faint|p1a: Magnezone
|
|-weather|Sandstorm|[upkeep]
|upkeep
|
|t:|1747102499
|switch|p1a: Azelf|Azelf|100/100
|-damage|p1a: Azelf|88/100|[from] Stealth Rock
|turn|12
|
|t:|1747102506
|move|p1a: Azelf|U-turn|p2a: Terrakion
|-resisted|p2a: Terrakion
|-damage|p2a: Terrakion|77/100
|-message|Salutethewolf forfeited.
|
|win|ihvcdhfgnvhm
|raw|Salutethewolf's rating: 1387 &rarr; <strong>1362</strong><br />(-25 for losing)
|raw|ihvcdhfgnvhm's rating: 1304 &rarr; <strong>1329</strong><br />(+25 for winning)
|l|☆Salutethewolf
|player|p1|
