|j|☆Ausodidsomething
|j|☆chomp29
|t:|1706375380
|gametype|singles
|player|p1|Ausodidsomething|hiker-gen4|1385
|player|p2|chomp29|265|1550
|teamsize|p1|6
|teamsize|p2|6
|gen|5
|tier|[Gen 5] OU
|rated|
|rule|Species Clause: Limit one of each Pokémon
|rule|OHKO Clause: OHKO moves are banned
|rule|Moody Clause: Moody is banned
|rule|Evasion Items Clause: Evasion items are banned
|rule|Evasion Moves Clause: Evasion moves are banned
|rule|Endless Battle Clause: Forcing endless battles is banned
|rule|HP Percentage Mod: HP is shown in percentages
|rule|Evasion Abilities Clause: Evasion abilities are banned
|rule|Sleep Moves Clause: Sleep-inducing moves are banned
|rule|Swagger Clause: Swagger is banned
|rule|Baton Pass Stat Clause: No Baton Passer may have a way to boost its stats
|clearpoke
|poke|p1|Politoed, M|item
|poke|p1|Tentacruel, F|item
|poke|p1|Ferrothorn, M|item
|poke|p1|Mamoswine, M|item
|poke|p1|Latios, M|item
|poke|p1|Thundurus-Therian, M|item
|poke|p2|Tyranitar, F|item
|poke|p2|Reuniclus, F|item
|poke|p2|Latios, M|item
|poke|p2|Skarmory, F|item
|poke|p2|Garchomp, F|item
|poke|p2|Jellicent, M|item
|teampreview
|
|t:|1706375400
|start
|switch|p1a: Mamoswine|Mamoswine, M|100/100
|switch|p2a: Skarmory|Skarmory, F|100/100
|turn|1
|
|t:|1706375410
|switch|p1a: Tentacruel|Tentacruel, F|100/100
|move|p2a: Skarmory|Spikes|p1a: Tentacruel
|-sidestart|p1: Ausodidsomething|Spikes
|
|upkeep
|turn|2
|inactive|Battle timer is ON: inactive players will automatically lose when time's up. (requested by Ausodidsomething)
|
|t:|1706375431
|switch|p2a: Reuniclus|Reuniclus, F|100/100
|move|p1a: Tentacruel|Scald|p2a: Reuniclus
|-damage|p2a: Reuniclus|81/100
|
|-heal|p2a: Reuniclus|87/100|[from] item: Leftovers
|upkeep
|turn|3
|
|t:|1706375440
|switch|p1a: Politoed|Politoed, M|100/100
|-damage|p1a: Politoed|88/100|[from] Spikes
|-weather|RainDance|[from] ability: Drizzle|[of] p1a: Politoed
|switch|p2a: Tyranitar|Tyranitar, F|100/100
|-weather|Sandstorm|[from] ability: Sand Stream|[of] p2a: Tyranitar
|
|-weather|Sandstorm|[upkeep]
|-damage|p1a: Politoed|82/100|[from] Sandstorm
|-heal|p1a: Politoed|88/100|[from] item: Leftovers
|upkeep
|turn|4
|
|t:|1706375462
|switch|p2a: Jellicent|Jellicent, M|100/100
|switch|p1a: Ferrothorn|Ferrothorn, M|100/100
|-damage|p1a: Ferrothorn|88/100|[from] Spikes
|
|-weather|Sandstorm|[upkeep]
|-damage|p2a: Jellicent|94/100|[from] Sandstorm
|-heal|p2a: Jellicent|100/100|[from] item: Leftovers
|-heal|p1a: Ferrothorn|94/100|[from] item: Leftovers
|upkeep
|turn|5
|
|t:|1706375483
|switch|p1a: Tentacruel|Tentacruel, F|100/100
|-damage|p1a: Tentacruel|88/100|[from] Spikes
|move|p2a: Jellicent|Will-O-Wisp|p1a: Tentacruel
|-status|p1a: Tentacruel|brn
|
|-weather|Sandstorm|[upkeep]
|-damage|p1a: Tentacruel|82/100 brn|[from] Sandstorm
|-damage|p2a: Jellicent|94/100|[from] Sandstorm
|-heal|p1a: Tentacruel|88/100 brn|[from] item: Black Sludge
|-heal|p2a: Jellicent|100/100|[from] item: Leftovers
|-damage|p1a: Tentacruel|76/100 brn|[from] brn
|upkeep
|turn|6
|
|t:|1706375501
|switch|p2a: Garchomp|Garchomp, F|100/100
|move|p1a: Tentacruel|Toxic|p2a: Garchomp
|-status|p2a: Garchomp|tox
|
|-weather|Sandstorm|[upkeep]
|-damage|p1a: Tentacruel|70/100 brn|[from] Sandstorm
|-heal|p1a: Tentacruel|76/100 brn|[from] item: Black Sludge
|-damage|p2a: Garchomp|94/100 tox|[from] psn
|-damage|p1a: Tentacruel|63/100 brn|[from] brn
|upkeep
|turn|7
|inactive|Ausodidsomething has 120 seconds left.
|
|t:|1706375523
|switch|p1a: Politoed|Politoed, M|88/100
|-damage|p1a: Politoed|75/100|[from] Spikes
|-weather|RainDance|[from] ability: Drizzle|[of] p1a: Politoed
|move|p2a: Garchomp|Stealth Rock|p1a: Politoed
|-sidestart|p1: Ausodidsomething|move: Stealth Rock
|
|-weather|RainDance|[upkeep]
|-heal|p1a: Politoed|82/100|[from] item: Leftovers
|-damage|p2a: Garchomp|82/100 tox|[from] psn
|upkeep
|turn|8
|inactive|Ausodidsomething has 120 seconds left.
|
|t:|1706375543
|move|p1a: Politoed|Protect|p1a: Politoed
|-singleturn|p1a: Politoed|Protect
|move|p2a: Garchomp|Earthquake|p1a: Politoed
|-activate|p1a: Politoed|move: Protect
|
|-weather|RainDance|[upkeep]
|-heal|p1a: Politoed|88/100|[from] item: Leftovers
|-damage|p2a: Garchomp|64/100 tox|[from] psn
|upkeep
|turn|9
|inactive|Ausodidsomething has 120 seconds left.
|
|t:|1706375565
|switch|p1a: Ferrothorn|Ferrothorn, M|94/100
|-damage|p1a: Ferrothorn|82/100|[from] Spikes
|-damage|p1a: Ferrothorn|75/100|[from] Stealth Rock
|move|p2a: Garchomp|Earthquake|p1a: Ferrothorn
|-damage|p1a: Ferrothorn|41/100
|
|-weather|RainDance|[upkeep]
|-heal|p1a: Ferrothorn|47/100|[from] item: Leftovers
|-damage|p2a: Garchomp|39/100 tox|[from] psn
|upkeep
|turn|10
|
|t:|1706375578
|switch|p1a: Politoed|Politoed, M|88/100
|-damage|p1a: Politoed|75/100|[from] Spikes
|-damage|p1a: Politoed|63/100|[from] Stealth Rock
|move|p2a: Garchomp|Earthquake|p1a: Politoed
|-damage|p1a: Politoed|17/100
|
|-weather|RainDance|[upkeep]
|-heal|p1a: Politoed|23/100|[from] item: Leftovers
|-damage|p2a: Garchomp|8/100 tox|[from] psn
|upkeep
|turn|11
|inactive|chomp29 has 120 seconds left.
|
|t:|1706375619
|switch|p2a: Tyranitar|Tyranitar, F|100/100
|-weather|Sandstorm|[from] ability: Sand Stream|[of] p2a: Tyranitar
|move|p1a: Politoed|Protect||[still]
|-fail|p1a: Politoed
|
|-weather|Sandstorm|[upkeep]
|-damage|p1a: Politoed|17/100|[from] Sandstorm
|-heal|p1a: Politoed|23/100|[from] item: Leftovers
|upkeep
|turn|12
|inactive|Ausodidsomething has 120 seconds left.
|
|t:|1706375631
|move|p2a: Tyranitar|Crunch|p1a: Politoed
|-damage|p1a: Politoed|0 fnt
|faint|p1a: Politoed
|
|-weather|Sandstorm|[upkeep]
|upkeep
|-message|Ausodidsomething forfeited.
|
|win|chomp29
|raw|Ausodidsomething's rating: 1385 &rarr; <strong>1374</strong><br />(-11 for losing)
|raw|chomp29's rating: 1550 &rarr; <strong>1561</strong><br />(+11 for winning)
|l|☆Ausodidsomething
|player|p1|
