|j|☆sidis
|j|☆irgendwasmitmeeem
|t:|1707342926
|gametype|singles
|player|p1|sidis|iris|1454
|player|p2|irgendwasmitmeeem|265|1599
|teamsize|p1|6
|teamsize|p2|6
|gen|5
|tier|[Gen 5] OU
|rated|
|rule|Species Clause: Limit one of each Pokémon
|rule|OHKO Clause: OHKO moves are banned
|rule|Moody Clause: Moody is banned
|rule|Evasion Items Clause: Evasion items are banned
|rule|Evasion Moves Clause: Evasion moves are banned
|rule|Endless Battle Clause: Forcing endless battles is banned
|rule|HP Percentage Mod: HP is shown in percentages
|rule|Evasion Abilities Clause: Evasion abilities are banned
|rule|Sleep Moves Clause: Sleep-inducing moves are banned
|rule|Swagger Clause: Swagger is banned
|rule|Baton Pass Stat Clause: No Baton Passer may have a way to boost its stats
|clearpoke
|poke|p1|Volcarona, M|item
|poke|p1|Landorus-Therian, M|item
|poke|p1|Mamoswine, M|item
|poke|p1|Starmie|item
|poke|p1|Celebi|item
|poke|p1|Gengar, M|item
|poke|p2|Politoed, M|item
|poke|p2|Starmie|item
|poke|p2|Keldeo|item
|poke|p2|Latios, M|item
|poke|p2|Tornadus, M|item
|poke|p2|Ferrothorn, F|item
|teampreview
|inactive|Battle timer is ON: inactive players will automatically lose when time's up. (requested by irgendwasmitmeeem)
|inactive|sidis has 120 seconds left.
|
|t:|1707342980
|start
|switch|p1a: Landorus|Landorus-Therian, M|100/100
|switch|p2a: Politoed|Politoed, M, shiny|100/100
|-ability|p1a: Landorus|Intimidate|boost
|-unboost|p2a: Politoed|atk|1
|-weather|RainDance|[from] ability: Drizzle|[of] p2a: Politoed
|turn|1
|
|t:|1707342991
|move|p1a: Landorus|Stealth Rock|p2a: Politoed
|-sidestart|p2: irgendwasmitmeeem|move: Stealth Rock
|move|p2a: Politoed|Scald|p1a: Landorus
|-supereffective|p1a: Landorus
|-enditem|p1a: Landorus|Focus Sash
|-damage|p1a: Landorus|1/100
|
|-weather|RainDance|[upkeep]
|upkeep
|turn|2
|inactive|sidis has 120 seconds left.
|
|t:|1707343033
|move|p1a: Landorus|Earthquake|p2a: Politoed
|-damage|p2a: Politoed|18/100
|move|p2a: Politoed|Scald|p1a: Landorus
|-supereffective|p1a: Landorus
|-damage|p1a: Landorus|0 fnt
|faint|p1a: Landorus
|
|-weather|RainDance|[upkeep]
|upkeep
|
|t:|1707343037
|switch|p1a: Celebi|Celebi|100/100
|turn|3
|
|t:|1707343049
|switch|p2a: Ferrothorn|Ferrothorn, F, shiny|100/100
|-damage|p2a: Ferrothorn|94/100|[from] Stealth Rock
|move|p1a: Celebi|Calm Mind|p1a: Celebi
|-boost|p1a: Celebi|spa|1
|-boost|p1a: Celebi|spd|1
|
|-weather|RainDance|[upkeep]
|-heal|p2a: Ferrothorn|100/100|[from] item: Leftovers
|upkeep
|turn|4
|
|t:|1707343054
|move|p1a: Celebi|Calm Mind|p1a: Celebi
|-boost|p1a: Celebi|spa|1
|-boost|p1a: Celebi|spd|1
|move|p2a: Ferrothorn|Stealth Rock|p1a: Celebi
|-sidestart|p1: sidis|move: Stealth Rock
|
|-weather|RainDance|[upkeep]
|upkeep
|turn|5
|
|t:|1707343065
|switch|p2a: Politoed|Politoed, M, shiny|18/100
|-damage|p2a: Politoed|5/100|[from] Stealth Rock
|move|p1a: Celebi|Calm Mind|p1a: Celebi
|-boost|p1a: Celebi|spa|1
|-boost|p1a: Celebi|spd|1
|
|-weather|RainDance|[upkeep]
|upkeep
|turn|6
|
|t:|1707343068
|move|p1a: Celebi|Giga Drain|p2a: Politoed
|-supereffective|p2a: Politoed
|-damage|p2a: Politoed|0 fnt
|faint|p2a: Politoed
|
|-weather|RainDance|[upkeep]
|upkeep
|
|t:|1707343071
|switch|p2a: Tornadus|Tornadus, M, shiny|100/100
|-damage|p2a: Tornadus|76/100|[from] Stealth Rock
|turn|7
|
|t:|1707343072
|move|p2a: Tornadus|U-turn|p1a: Celebi
|-supereffective|p1a: Celebi
|-damage|p1a: Celebi|49/100
|
|t:|1707343075
|switch|p2a: Latios|Latios, M, shiny|100/100|[from] U-turn
|-damage|p2a: Latios|88/100|[from] Stealth Rock
|move|p1a: Celebi|Psychic|p2a: Latios
|-resisted|p2a: Latios
|-crit|p2a: Latios
|-damage|p2a: Latios|0 fnt
|faint|p2a: Latios
|
|-weather|RainDance|[upkeep]
|upkeep
|
|t:|1707343077
|switch|p2a: Tornadus|Tornadus, M, shiny|76/100
|-damage|p2a: Tornadus|51/100|[from] Stealth Rock
|turn|8
|
|t:|1707343092
|move|p2a: Tornadus|Hurricane|p1a: Celebi
|-supereffective|p1a: Celebi
|-damage|p1a: Celebi|0 fnt
|faint|p1a: Celebi
|
|-weather|RainDance|[upkeep]
|upkeep
|
|t:|1707343111
|switch|p1a: Starmie|Starmie|100/100
|-damage|p1a: Starmie|88/100|[from] Stealth Rock
|turn|9
|
|t:|1707343117
|switch|p2a: Ferrothorn|Ferrothorn, F, shiny|100/100
|-damage|p2a: Ferrothorn|94/100|[from] Stealth Rock
|move|p1a: Starmie|Ice Beam|p2a: Ferrothorn
|-damage|p2a: Ferrothorn|65/100
|-damage|p1a: Starmie|78/100|[from] item: Life Orb
|
|-weather|RainDance|[upkeep]
|-heal|p2a: Ferrothorn|71/100|[from] item: Leftovers
|upkeep
|turn|10
|
|t:|1707343124
|move|p1a: Starmie|Rapid Spin|p2a: Ferrothorn
|-resisted|p2a: Ferrothorn
|-crit|p2a: Ferrothorn
|-damage|p2a: Ferrothorn|68/100
|-damage|p1a: Starmie|66/100|[from] ability: Iron Barbs|[of] p2a: Ferrothorn
|-sideend|p1: sidis|Stealth Rock|[from] move: Rapid Spin|[of] p1a: Starmie
|-damage|p1a: Starmie|56/100|[from] item: Life Orb
|move|p2a: Ferrothorn|Spikes|p1a: Starmie
|-sidestart|p1: sidis|Spikes
|
|-weather|RainDance|[upkeep]
|-heal|p2a: Ferrothorn|75/100|[from] item: Leftovers
|upkeep
|turn|11
|
|t:|1707343127
|switch|p1a: Volcarona|Volcarona, M|100/100
|-damage|p1a: Volcarona|88/100|[from] Spikes
|move|p2a: Ferrothorn|Stealth Rock|p1a: Volcarona
|-sidestart|p1: sidis|move: Stealth Rock
|
|-weather|RainDance|[upkeep]
|-heal|p2a: Ferrothorn|81/100|[from] item: Leftovers
|upkeep
|turn|12
|
|t:|1707343130
|switch|p2a: Tornadus|Tornadus, M, shiny|51/100
|-damage|p2a: Tornadus|26/100|[from] Stealth Rock
|move|p1a: Volcarona|Quiver Dance|p1a: Volcarona
|-boost|p1a: Volcarona|spa|1
|-boost|p1a: Volcarona|spd|1
|-boost|p1a: Volcarona|spe|1
|
|-weather|RainDance|[upkeep]
|upkeep
|turn|13
|
|t:|1707343135
|move|p1a: Volcarona|Fiery Dance|p2a: Tornadus
|-damage|p2a: Tornadus|0 fnt
|faint|p2a: Tornadus
|-damage|p1a: Volcarona|78/100|[from] item: Life Orb
|
|-weather|RainDance|[upkeep]
|upkeep
|
|t:|1707343139
|switch|p2a: Keldeo|Keldeo|100/100
|-damage|p2a: Keldeo|94/100|[from] Stealth Rock
|turn|14
|inactive|sidis has 120 seconds left.
|
|t:|1707343187
|move|p2a: Keldeo|Surf|p1a: Volcarona
|-supereffective|p1a: Volcarona
|-crit|p1a: Volcarona
|-damage|p1a: Volcarona|0 fnt
|faint|p1a: Volcarona
|
|-weather|RainDance|[upkeep]
|upkeep
|-message|sidis forfeited.
|
|win|irgendwasmitmeeem
|raw|sidis's rating: 1454 &rarr; <strong>1442</strong><br />(-12 for losing)
|raw|irgendwasmitmeeem's rating: 1599 &rarr; <strong>1611</strong><br />(+12 for winning)
|l|☆sidis
|player|p1|
