|j|☆iChaf
|j|☆bad big bratt
|player|p1|iChaf|125
|player|p2|bad big bratt|137
|teamsize|p1|6
|teamsize|p2|6
|gametype|singles
|gen|5
|tier|[Gen 5] OU
|rated|
|rule|Sleep Clause Mod: Limit one foe put to sleep
|rule|Species Clause: Limit one of each Pokémon
|rule|OHKO Clause: OHKO moves are banned
|rule|Moody Clause: Moody is banned
|rule|Evasion Moves Clause: Evasion moves are banned
|rule|Endless Battle Clause: Forcing endless battles is banned
|rule|HP Percentage Mod: HP is shown in percentages
|rule|Evasion Abilities Clause: Evasion abilities are banned
|rule|Baton Pass Clause: Limit one Baton Passer, can't pass Spe and other stats simultaneously
|rule|Swagger Clause: Swagger is banned
|clearpoke
|poke|p1|Tyranitar, M|item
|poke|p1|Landorus-Therian, M|item
|poke|p1|Garchomp, M|item
|poke|p1|Latios, M|item
|poke|p1|Jirachi|item
|poke|p1|Keldeo-Resolute|item
|poke|p2|Tyranitar, M|item
|poke|p2|Alakazam, M|item
|poke|p2|Hydreigon, F|item
|poke|p2|Skarmory, F|item
|poke|p2|Terrakion|item
|poke|p2|Amoonguss, M|item
|teampreview
|inactive|Battle timer is ON: inactive players will automatically lose when time's up. (requested by bad big bratt)
|inactive|iChaf has 120 seconds left.
|
|start
|switch|p1a: Bad Reputation|Jirachi|100/100
|switch|p2a: Skarmory|Skarmory, F|100/100
|turn|1
|
|move|p1a: Bad Reputation|U-turn|p2a: Skarmory
|-resisted|p2a: Skarmory
|-damage|p2a: Skarmory|98/100
|-damage|p1a: Bad Reputation|84/100|[from] item: Rocky Helmet|[of] p2a: Skarmory
|
|switch|p1a: Getaway|Keldeo-Resolute|100/100
|move|p2a: Skarmory|Spikes|p1a: Getaway
|-sidestart|p1: iChaf|Spikes
|
|upkeep
|turn|2
|
|switch|p2a: Amoonguss|Amoonguss, M|100/100
|move|p1a: Getaway|Hydro Pump|p2a: Amoonguss
|-resisted|p2a: Amoonguss
|-damage|p2a: Amoonguss|80/100
|
|-heal|p2a: Amoonguss|87/100|[from] item: Black Sludge
|upkeep
|turn|3
|
|switch|p1a: HomeSchool Valedic|Landorus-Therian, M|100/100
|-ability|p1a: HomeSchool Valedic|Intimidate|boost
|-unboost|p2a: Amoonguss|atk|1
|move|p2a: Amoonguss|Spore|p1a: HomeSchool Valedic
|-status|p1a: HomeSchool Valedic|slp
|
|-heal|p2a: Amoonguss|93/100|[from] item: Black Sludge
|upkeep
|turn|4
|
|switch|p1a: Adelitas Way|Garchomp, M|100/100
|-damage|p1a: Adelitas Way|88/100|[from] Spikes
|switch|p2a: Skarmory|Skarmory, F|98/100
|
|upkeep
|turn|5
|
|move|p1a: Adelitas Way|Swords Dance|p1a: Adelitas Way
|-boost|p1a: Adelitas Way|atk|2
|move|p2a: Skarmory|Spikes|p1a: Adelitas Way
|-sidestart|p1: iChaf|Spikes
|
|upkeep
|turn|6
|
|move|p1a: Adelitas Way|Outrage|p2a: Skarmory
|-enditem|p1a: Adelitas Way|Dragon Gem|[from] gem|[move] Outrage
|-resisted|p2a: Skarmory
|-damage|p2a: Skarmory|32/100
|-damage|p1a: Adelitas Way|71/100|[from] item: Rocky Helmet|[of] p2a: Skarmory
|move|p2a: Skarmory|Whirlwind|p1a: Adelitas Way
|drag|p1a: Bad Reputation|Jirachi|84/100
|-damage|p1a: Bad Reputation|67/100|[from] Spikes
|
|upkeep
|turn|7
|
|move|p1a: Bad Reputation|U-turn|p2a: Skarmory
|-resisted|p2a: Skarmory
|-damage|p2a: Skarmory|29/100
|-damage|p1a: Bad Reputation|51/100|[from] item: Rocky Helmet|[of] p2a: Skarmory
|
|switch|p1a: Getaway|Keldeo-Resolute|100/100
|-damage|p1a: Getaway|84/100|[from] Spikes
|move|p2a: Skarmory|Roost|p2a: Skarmory
|-heal|p2a: Skarmory|79/100
|
|upkeep
|turn|8
|
|switch|p2a: Amoonguss|Amoonguss, M|100/100
|move|p1a: Getaway|Calm Mind|p1a: Getaway
|-boost|p1a: Getaway|spa|1
|-boost|p1a: Getaway|spd|1
|
|upkeep
|turn|9
|
|move|p1a: Getaway|Secret Sword|p2a: Amoonguss
|-enditem|p1a: Getaway|Fighting Gem|[from] gem|[move] Secret Sword
|-resisted|p2a: Amoonguss
|-damage|p2a: Amoonguss|49/100
|move|p2a: Amoonguss|Giga Drain|p1a: Getaway
|-supereffective|p1a: Getaway
|-damage|p1a: Getaway|49/100
|-heal|p2a: Amoonguss|63/100|[from] drain|[of] p1a: Getaway
|
|-heal|p2a: Amoonguss|69/100|[from] item: Black Sludge
|upkeep
|turn|10
|
|move|p1a: Getaway|Hydro Pump|p2a: Amoonguss
|-resisted|p2a: Amoonguss
|-damage|p2a: Amoonguss|36/100
|move|p2a: Amoonguss|Giga Drain|p1a: Getaway
|-supereffective|p1a: Getaway
|-damage|p1a: Getaway|15/100
|-heal|p2a: Amoonguss|49/100|[from] drain|[of] p1a: Getaway
|
|-heal|p2a: Amoonguss|55/100|[from] item: Black Sludge
|upkeep
|turn|11
|
|move|p1a: Getaway|Secret Sword|p2a: Amoonguss
|-resisted|p2a: Amoonguss
|-damage|p2a: Amoonguss|23/100
|move|p2a: Amoonguss|Giga Drain|p1a: Getaway
|-supereffective|p1a: Getaway
|-damage|p1a: Getaway|0 fnt
|-heal|p2a: Amoonguss|28/100|[from] drain|[of] p1a: Getaway
|faint|p1a: Getaway
|
|-heal|p2a: Amoonguss|34/100|[from] item: Black Sludge
|upkeep
|
|switch|p1a: Adelitas Way|Garchomp, M|71/100
|-damage|p1a: Adelitas Way|55/100|[from] Spikes
|turn|12
|
|switch|p2a: Skarmory|Skarmory, F|79/100
|move|p1a: Adelitas Way|Substitute|p1a: Adelitas Way
|-start|p1a: Adelitas Way|Substitute
|-damage|p1a: Adelitas Way|30/100
|
|upkeep
|turn|13
|
|move|p1a: Adelitas Way|Swords Dance|p1a: Adelitas Way
|-boost|p1a: Adelitas Way|atk|2
|move|p2a: Skarmory|Whirlwind|p1a: Adelitas Way
|drag|p1a: HomeSchool Valedic|Landorus-Therian, M|100/100 slp
|-ability|p1a: HomeSchool Valedic|Intimidate|boost
|-unboost|p2a: Skarmory|atk|1
|
|upkeep
|turn|14
|
|cant|p1a: HomeSchool Valedic|slp
|move|p2a: Skarmory|Spikes|p1a: HomeSchool Valedic
|-sidestart|p1: iChaf|Spikes
|
|upkeep
|turn|15
|
|cant|p1a: HomeSchool Valedic|slp
|move|p2a: Skarmory|Whirlwind|p1a: HomeSchool Valedic
|drag|p1a: Drifting|Latios, M|100/100
|
|upkeep
|turn|16
|
|switch|p2a: Tyranitar|Tyranitar, M|100/100
|-weather|Sandstorm|[from] ability: Sand Stream|[of] p2a: Tyranitar
|move|p1a: Drifting|Draco Meteor|p2a: Tyranitar
|-damage|p2a: Tyranitar|49/100
|-unboost|p1a: Drifting|spa|2
|
|-weather|Sandstorm|[upkeep]
|-damage|p1a: Drifting|95/100|[from] Sandstorm
|upkeep
|turn|17
|
|-activate|p1a: Drifting|move: Pursuit
|move|p2a: Tyranitar|Pursuit|p1a: Drifting|[from]Pursuit
|-supereffective|p1a: Drifting
|-damage|p1a: Drifting|0 fnt
|faint|p1a: Drifting
|
|-weather|Sandstorm|[upkeep]
|upkeep
|
|switch|p1a: Adelitas Way|Garchomp, M|30/100
|-damage|p1a: Adelitas Way|5/100|[from] Spikes
|turn|18
|
|switch|p2a: Skarmory|Skarmory, F|79/100
|move|p1a: Adelitas Way|Swords Dance|p1a: Adelitas Way
|-boost|p1a: Adelitas Way|atk|2
|
|-weather|Sandstorm|[upkeep]
|upkeep
|turn|19
|
|move|p1a: Adelitas Way|Outrage|p2a: Skarmory
|-resisted|p2a: Skarmory
|-damage|p2a: Skarmory|37/100
|-damage|p1a: Adelitas Way|0 fnt|[from] item: Rocky Helmet|[of] p2a: Skarmory
|faint|p1a: Adelitas Way
|-formechange|p1a: Adelitas Way|Garchomp|
|move|p2a: Skarmory|Roost|p2a: Skarmory
|-heal|p2a: Skarmory|87/100
|
|-weather|Sandstorm|[upkeep]
|upkeep
|-message|iChaf forfeited.
|
|win|bad big bratt
|l|☆iChaf
|raw|iChaf's rating: 1331 &rarr; <strong>1317</strong><br />(-14 for losing)
|raw|bad big bratt's rating: 1446 &rarr; <strong>1460</strong><br />(+14 for winning)
