|j|☆LeafStoned
|j|☆phosphor
|t:|1724987071
|gametype|singles
|player|p1|LeafStoned|2|1331
|player|p2|phosphor|#phosphor|1401
|teamsize|p1|6
|teamsize|p2|6
|gen|5
|tier|[Gen 5] OU
|rated|
|rule|Species Clause: Limit one of each Pokémon
|rule|OHKO Clause: OHKO moves are banned
|rule|Moody Clause: Moody is banned
|rule|Evasion Items Clause: Evasion items are banned
|rule|Evasion Moves Clause: Evasion moves are banned
|rule|Endless Battle Clause: Forcing endless battles is banned
|rule|HP Percentage Mod: HP is shown in percentages
|rule|Evasion Abilities Clause: Evasion abilities are banned
|rule|Sleep Moves Clause: Sleep-inducing moves are banned
|rule|Swagger Clause: Swagger is banned
|rule|Baton Pass Stat Clause: No Baton Passer may have a way to boost its stats
|clearpoke
|poke|p1|Hippowdon, F|item
|poke|p1|Skarmory, M|item
|poke|p1|Milotic, M|item
|poke|p1|Celebi|mail
|poke|p1|Gliscor, F|item
|poke|p1|Clefable, F|item
|poke|p2|Tyranitar, M|item
|poke|p2|Ferrothorn, F|item
|poke|p2|Landorus-Therian, M|item
|poke|p2|Keldeo-Resolute|item
|poke|p2|Latios, M|item
|poke|p2|Excadrill, M|item
|teampreview
|c|☆phosphor|GL hf
|
|t:|1724987087
|start
|switch|p1a: Gliscor|Gliscor, F|100/100
|switch|p2a: Ferrothorn|Ferrothorn, F|100/100
|turn|1
|
|t:|1724987091
|move|p1a: Gliscor|Protect|p1a: Gliscor
|-singleturn|p1a: Gliscor|Protect
|move|p2a: Ferrothorn|Stealth Rock|p1a: Gliscor
|-sidestart|p1: LeafStoned|move: Stealth Rock
|
|-status|p1a: Gliscor|tox|[from] item: Toxic Orb
|upkeep
|turn|2
|
|t:|1724987094
|move|p1a: Gliscor|Taunt|p2a: Ferrothorn
|-start|p2a: Ferrothorn|move: Taunt
|cant|p2a: Ferrothorn|move: Taunt|Spikes
|
|upkeep
|turn|3
|
|t:|1724987101
|switch|p2a: Landorus|Landorus-Therian, M|100/100
|-ability|p2a: Landorus|Intimidate|boost
|-unboost|p1a: Gliscor|atk|1
|move|p1a: Gliscor|Knock Off|p2a: Landorus
|-damage|p2a: Landorus|97/100
|-enditem|p2a: Landorus|Yache Berry|[from] move: Knock Off|[of] p1a: Gliscor
|
|upkeep
|turn|4
|
|t:|1724987109
|move|p1a: Gliscor|Protect|p1a: Gliscor
|-singleturn|p1a: Gliscor|Protect
|move|p2a: Landorus|Swords Dance|p2a: Landorus
|-boost|p2a: Landorus|atk|2
|
|upkeep
|turn|5
|
|t:|1724987113
|switch|p1a: Milotic|Milotic, M|100/100
|-damage|p1a: Milotic|88/100|[from] Stealth Rock
|move|p2a: Landorus|Swords Dance|p2a: Landorus
|-boost|p2a: Landorus|atk|2
|
|-heal|p1a: Milotic|94/100|[from] item: Leftovers
|upkeep
|turn|6
|
|t:|1724987115
|move|p2a: Landorus|Earthquake|p1a: Milotic
|-damage|p1a: Milotic|0 fnt
|faint|p1a: Milotic
|
|upkeep
|
|t:|1724987119
|switch|p1a: Skarmory|Skarmory, M|100/100
|-damage|p1a: Skarmory|88/100|[from] Stealth Rock
|turn|7
|
|t:|1724987123
|move|p2a: Landorus|Superpower|p1a: Skarmory
|-damage|p1a: Skarmory|0 fnt
|-unboost|p2a: Landorus|atk|1
|-unboost|p2a: Landorus|def|1
|-damage|p2a: Landorus|80/100|[from] item: Rocky Helmet|[of] p1a: Skarmory
|faint|p1a: Skarmory
|
|upkeep
|
|t:|1724987136
|switch|p1a: Gliscor|Gliscor, F|100/100 tox
|-damage|p1a: Gliscor|88/100 tox|[from] Stealth Rock
|turn|8
|
|t:|1724987139
|move|p2a: Landorus|Hidden Power|p1a: Gliscor
|-supereffective|p1a: Gliscor
|-damage|p1a: Gliscor|27/100 tox
|move|p1a: Gliscor|Taunt|p2a: Landorus
|-start|p2a: Landorus|move: Taunt
|
|-heal|p1a: Gliscor|39/100 tox|[from] ability: Poison Heal
|upkeep
|turn|9
|
|t:|1724987148
|switch|p1a: Celebi|Celebi|100/100
|-damage|p1a: Celebi|88/100|[from] Stealth Rock
|move|p2a: Landorus|Hidden Power|p1a: Celebi
|-supereffective|p1a: Celebi
|-damage|p1a: Celebi|65/100
|
|upkeep
|turn|10
|
|t:|1724987151
|move|p2a: Landorus|Earthquake|p1a: Celebi
|-resisted|p1a: Celebi
|-damage|p1a: Celebi|5/100
|move|p1a: Celebi|Psychic|p2a: Landorus
|-damage|p2a: Landorus|35/100
|
|upkeep
|turn|11
|
|t:|1724987154
|move|p2a: Landorus|Hidden Power|p1a: Celebi
|-supereffective|p1a: Celebi
|-damage|p1a: Celebi|0 fnt
|faint|p1a: Celebi
|
|-end|p2a: Landorus|move: Taunt
|upkeep
|-message|LeafStoned forfeited.
|
|win|phosphor
|raw|LeafStoned's rating: 1331 &rarr; <strong>1315</strong><br />(-16 for losing)
|raw|phosphor's rating: 1401 &rarr; <strong>1417</strong><br />(+16 for winning)
|l|☆LeafStoned
|player|p1|
