|j|☆Gh0st of Perdition
|j|☆spurdala
|player|p1|Gh0st of Perdition|pokefanf-gen4|1600
|player|p2|spurdala|unknown|1334
|teamsize|p1|6
|teamsize|p2|6
|gametype|singles
|gen|5
|tier|[Gen 5] OU
|rated|
|clearpoke
|poke|p1|Mamoswine, F|item
|poke|p1|Tyranitar, M|item
|poke|p1|Amoonguss, F|item
|poke|p1|Excadrill, F|item
|poke|p1|Rotom-Wash|item
|poke|p1|Garchomp, F|item
|poke|p2|Tyranitar, M|item
|poke|p2|Excadrill, F|item
|poke|p2|Scizor, M|item
|poke|p2|Reuniclus, M|item
|poke|p2|Landorus-Therian, M|item
|poke|p2|Magneton|item
|rule|Species Clause: Limit one of each Pokémon
|rule|OHKO Clause: OHKO moves are banned
|rule|Moody Clause: Moody is banned
|rule|Evasion Moves Clause: Evasion moves are banned
|rule|Endless Battle Clause: Forcing endless battles is banned
|rule|HP Percentage Mod: HP is shown in percentages
|rule|Evasion Abilities Clause: Evasion abilities are banned
|rule|Baton Pass Clause: Limit one Baton Passer, can't pass Spe and other stats simultaneously
|rule|Sleep Clause: Sleep-inducing moves are banned
|rule|Swagger Clause: Swagger is banned
|teampreview
|j| Otaku Ronny
|inactive|Battle timer is ON: inactive players will automatically lose when time's up. (requested by spurdala)
|
|start
|switch|p1a: Garchomp|Garchomp, F|100/100
|switch|p2a: Tyranitar|Tyranitar, M, shiny|100/100
|-weather|Sandstorm|[from] ability: Sand Stream|[of] p2a: Tyranitar
|turn|1
|
|switch|p2a: Landorus|Landorus-Therian, M|100/100
|-ability|p2a: Landorus|Intimidate|boost
|-unboost|p1a: Garchomp|atk|1
|move|p1a: Garchomp|Draco Meteor|p2a: Landorus
|-damage|p2a: Landorus|31/100
|-unboost|p1a: Garchomp|spa|2
|-damage|p1a: Garchomp|91/100|[from] item: Life Orb
|
|-weather|Sandstorm|[upkeep]
|-heal|p2a: Landorus|37/100|[from] item: Leftovers
|upkeep
|turn|2
|
|switch|p2a: Tyranitar|Tyranitar, M, shiny|100/100
|move|p1a: Garchomp|Stealth Rock|p2a: Tyranitar
|-sidestart|p2: spurdala|move: Stealth Rock
|
|-weather|Sandstorm|[upkeep]
|upkeep
|turn|3
|
|move|p1a: Garchomp|Earthquake|p2a: Tyranitar
|-supereffective|p2a: Tyranitar
|-damage|p2a: Tyranitar|46/100
|-damage|p1a: Garchomp|81/100|[from] item: Life Orb
|move|p2a: Tyranitar|Stealth Rock|p1a: Garchomp
|-sidestart|p1: Gh0st of Perdition|move: Stealth Rock
|
|-weather|Sandstorm|[upkeep]
|upkeep
|turn|4
|
|switch|p2a: Landorus|Landorus-Therian, M|37/100
|-damage|p2a: Landorus|25/100|[from] Stealth Rock
|-ability|p2a: Landorus|Intimidate|boost
|-unboost|p1a: Garchomp|atk|1
|move|p1a: Garchomp|Earthquake|p2a: Landorus
|-immune|p2a: Landorus
|
|-weather|Sandstorm|[upkeep]
|-heal|p2a: Landorus|31/100|[from] item: Leftovers
|upkeep
|turn|5
|inactive|spurdala has 120 seconds left.
|
|move|p1a: Garchomp|Draco Meteor|p2a: Landorus
|-damage|p2a: Landorus|0 fnt
|-unboost|p1a: Garchomp|spa|2
|-damage|p1a: Garchomp|71/100|[from] item: Life Orb
|faint|p2a: Landorus
|
|-weather|Sandstorm|[upkeep]
|upkeep
|
|switch|p2a: Excadrill|Excadrill, F|100/100
|-damage|p2a: Excadrill|97/100|[from] Stealth Rock
|turn|6
|
|switch|p1a: Rotom|Rotom-Wash|100/100
|-damage|p1a: Rotom|88/100|[from] Stealth Rock
|move|p2a: Excadrill|Protect||[still]
|-fail|p2a: Excadrill
|
|-weather|Sandstorm|[upkeep]
|-damage|p1a: Rotom|82/100|[from] Sandstorm
|-heal|p2a: Excadrill|100/100|[from] item: Leftovers
|-heal|p1a: Rotom|88/100|[from] item: Leftovers
|upkeep
|turn|7
|
|move|p2a: Excadrill|Rapid Spin|p1a: Rotom
|-damage|p1a: Rotom|81/100
|-sideend|p2: spurdala|Stealth Rock|[from] move: Rapid Spin|[of] p2a: Excadrill
|move|p1a: Rotom|Will-O-Wisp|p2a: Excadrill|[miss]
|-miss|p1a: Rotom|p2a: Excadrill
|
|-weather|Sandstorm|[upkeep]
|-damage|p1a: Rotom|75/100|[from] Sandstorm
|-heal|p1a: Rotom|81/100|[from] item: Leftovers
|upkeep
|turn|8
|
|switch|p2a: Reuniclus|Reuniclus, M, shiny|100/100
|move|p1a: Rotom|Volt Switch|p2a: Reuniclus
|-damage|p2a: Reuniclus|77/100
|
|switch|p1a: Tyranitar|Tyranitar, M|100/100|[from]move: Volt Switch
|-damage|p1a: Tyranitar|88/100|[from] Stealth Rock
|
|-weather|Sandstorm|[upkeep]
|-heal|p2a: Reuniclus|83/100|[from] item: Leftovers
|upkeep
|turn|9
|
|move|p1a: Tyranitar|Pursuit|p2a: Reuniclus
|-supereffective|p2a: Reuniclus
|-damage|p2a: Reuniclus|55/100
|move|p2a: Reuniclus|Focus Blast|p1a: Tyranitar|[miss]
|-miss|p2a: Reuniclus|p1a: Tyranitar
|
|-weather|Sandstorm|[upkeep]
|-heal|p2a: Reuniclus|61/100|[from] item: Leftovers
|upkeep
|turn|10
|
|move|p1a: Tyranitar|Crunch|p2a: Reuniclus
|-supereffective|p2a: Reuniclus
|-crit|p2a: Reuniclus
|-damage|p2a: Reuniclus|0 fnt
|faint|p2a: Reuniclus
|
|-weather|Sandstorm|[upkeep]
|upkeep
|
|switch|p2a: Scizor|Scizor, M|100/100
|turn|11
|
|move|p1a: Tyranitar|Fire Blast|p2a: Scizor
|-supereffective|p2a: Scizor
|-damage|p2a: Scizor|7/100
|move|p2a: Scizor|Swords Dance|p2a: Scizor
|-boost|p2a: Scizor|atk|2
|
|-weather|Sandstorm|[upkeep]
|-heal|p2a: Scizor|14/100|[from] item: Leftovers
|upkeep
|turn|12
|
|move|p2a: Scizor|Bullet Punch|p1a: Tyranitar
|-supereffective|p1a: Tyranitar
|-damage|p1a: Tyranitar|0 fnt
|faint|p1a: Tyranitar
|
|-weather|Sandstorm|[upkeep]
|-heal|p2a: Scizor|20/100|[from] item: Leftovers
|upkeep
|
|switch|p1a: Rotom|Rotom-Wash|81/100
|-damage|p1a: Rotom|68/100|[from] Stealth Rock
|turn|13
|
|move|p2a: Scizor|Bullet Punch|p1a: Rotom
|-resisted|p1a: Rotom
|-damage|p1a: Rotom|53/100
|move|p1a: Rotom|Volt Switch|p2a: Scizor
|-damage|p2a: Scizor|0 fnt
|faint|p2a: Scizor
|
|switch|p1a: Garchomp|Garchomp, F|71/100|[from]move: Volt Switch
|-damage|p1a: Garchomp|65/100|[from] Stealth Rock
|
|-weather|Sandstorm|[upkeep]
|upkeep
|inactive|spurdala has 120 seconds left.
|
|switch|p2a: Tyranitar|Tyranitar, M, shiny|46/100
|turn|14
|
|move|p1a: Garchomp|Earthquake|p2a: Tyranitar
|-supereffective|p2a: Tyranitar
|-damage|p2a: Tyranitar|0 fnt
|-damage|p1a: Garchomp|55/100|[from] item: Life Orb
|faint|p2a: Tyranitar
|
|-weather|Sandstorm|[upkeep]
|upkeep
|
|switch|p2a: Excadrill|Excadrill, F|100/100
|turn|15
|
|move|p1a: Garchomp|Earthquake|p2a: Excadrill
|-supereffective|p2a: Excadrill
|-damage|p2a: Excadrill|0 fnt
|-damage|p1a: Garchomp|45/100|[from] item: Life Orb
|faint|p2a: Excadrill
|
|-weather|Sandstorm|[upkeep]
|upkeep
|
|switch|p2a: Magneton|Magneton, shiny|100/100
|turn|16
|inactive|spurdala has 120 seconds left.
|
|move|p1a: Garchomp|Earthquake|p2a: Magneton
|-supereffective|p2a: Magneton
|-crit|p2a: Magneton
|-damage|p2a: Magneton|0 fnt
|-damage|p1a: Garchomp|36/100|[from] item: Life Orb
|faint|p2a: Magneton
|
|win|Gh0st of Perdition
|l|☆spurdala
|raw|Gh0st of Perdition's rating: 1600 &rarr; <strong>1607</strong><br />(+7 for winning)
|raw|spurdala's rating: 1334 &rarr; <strong>1327</strong><br />(-7 for losing)
