|j|☆lsc29
|j|☆HydreigonSpammer
|t:|1735137818
|gametype|singles
|player|p1|lsc29|lucas|1382
|player|p2|HydreigonSpammer|janitor|1340
|teamsize|p1|6
|teamsize|p2|6
|gen|5
|tier|[Gen 5] OU
|rated|
|rule|Species Clause: Limit one of each Pokémon
|rule|OHKO Clause: OHKO moves are banned
|rule|Moody Clause: Moody is banned
|rule|Evasion Items Clause: Evasion items are banned
|rule|Evasion Moves Clause: Evasion moves are banned
|rule|Endless Battle Clause: Forcing endless battles is banned
|rule|HP Percentage Mod: HP is shown in percentages
|rule|Evasion Abilities Clause: Evasion abilities are banned
|rule|Sleep Moves Clause: Sleep-inducing moves are banned
|rule|Swagger Clause: Swagger is banned
|rule|Baton Pass Stat Clause: No Baton Passer may have a way to boost its stats
|clearpoke
|poke|p1|Breloom, M|item
|poke|p1|Starmie|item
|poke|p1|Sharpedo, F|item
|poke|p1|Thundurus-Therian, M|item
|poke|p1|Ferrothorn, F|item
|poke|p1|Politoed, M|item
|poke|p2|Ferrothorn, M|item
|poke|p2|Starmie|item
|poke|p2|Rotom-Wash|item
|poke|p2|Landorus-Therian, M|item
|poke|p2|Latios, M|item
|poke|p2|Volcarona, M|item
|teampreview
|inactive|Battle timer is ON: inactive players will automatically lose when time's up. (requested by lsc29)
|inactive|lsc29 has 120 seconds left.
|
|t:|1735137850
|start
|switch|p1a: Thundurus|Thundurus-Therian, M|100/100
|switch|p2a: Landorus|Landorus-Therian, M|100/100
|-ability|p2a: Landorus|Intimidate|boost
|-unboost|p1a: Thundurus|atk|1
|turn|1
|
|t:|1735137860
|move|p2a: Landorus|Stone Edge|p1a: Thundurus
|-supereffective|p1a: Thundurus
|-damage|p1a: Thundurus|0 fnt
|faint|p1a: Thundurus
|
|upkeep
|
|t:|1735137869
|switch|p1a: Politoed|Politoed, M|100/100
|-weather|RainDance|[from] ability: Drizzle|[of] p1a: Politoed
|turn|2
|
|t:|1735137876
|switch|p2a: Rotom|Rotom-Wash|100/100
|move|p1a: Politoed|Focus Blast|p2a: Rotom|[miss]
|-miss|p1a: Politoed|p2a: Rotom
|
|-weather|RainDance|[upkeep]
|upkeep
|turn|3
|
|t:|1735137886
|switch|p1a: Ferrothorn|Ferrothorn, F|100/100
|move|p2a: Rotom|Will-O-Wisp|p1a: Ferrothorn
|-status|p1a: Ferrothorn|brn
|
|-weather|RainDance|[upkeep]
|-damage|p1a: Ferrothorn|88/100 brn|[from] brn
|upkeep
|turn|4
|
|t:|1735137891
|move|p2a: Rotom|Volt Switch|p1a: Ferrothorn
|-resisted|p1a: Ferrothorn
|-damage|p1a: Ferrothorn|79/100 brn
|
|t:|1735137898
|switch|p2a: Volcarona|Volcarona, M|100/100|[from] Volt Switch
|move|p1a: Ferrothorn|Stealth Rock|p2a: Volcarona
|-sidestart|p2: HydreigonSpammer|move: Stealth Rock
|
|-weather|RainDance|[upkeep]
|-heal|p1a: Ferrothorn|85/100 brn|[from] item: Leftovers
|-damage|p1a: Ferrothorn|72/100 brn|[from] brn
|upkeep
|turn|5
|
|t:|1735137908
|switch|p1a: Politoed|Politoed, M|100/100
|move|p2a: Volcarona|Quiver Dance|p2a: Volcarona
|-boost|p2a: Volcarona|spa|1
|-boost|p2a: Volcarona|spd|1
|-boost|p2a: Volcarona|spe|1
|
|-weather|RainDance|[upkeep]
|upkeep
|turn|6
|
|t:|1735137921
|move|p2a: Volcarona|Bug Buzz|p1a: Politoed
|-damage|p1a: Politoed|41/100
|move|p1a: Politoed|Hydro Pump|p2a: Volcarona
|-supereffective|p2a: Volcarona
|-enditem|p2a: Volcarona|Passho Berry|[eat]
|-enditem|p2a: Volcarona|Passho Berry|[weaken]
|-damage|p2a: Volcarona|19/100
|
|-weather|RainDance|[upkeep]
|upkeep
|turn|7
|
|t:|1735137928
|switch|p1a: Ferrothorn|Ferrothorn, F|72/100 brn
|move|p2a: Volcarona|Giga Drain|p1a: Ferrothorn
|-resisted|p1a: Ferrothorn
|-damage|p1a: Ferrothorn|65/100 brn
|-heal|p2a: Volcarona|23/100|[from] drain|[of] p1a: Ferrothorn
|
|-weather|RainDance|[upkeep]
|-heal|p1a: Ferrothorn|72/100 brn|[from] item: Leftovers
|-damage|p1a: Ferrothorn|59/100 brn|[from] brn
|upkeep
|turn|8
|
|t:|1735137936
|move|p2a: Volcarona|Fire Blast|p1a: Ferrothorn
|-supereffective|p1a: Ferrothorn
|-crit|p1a: Ferrothorn
|-damage|p1a: Ferrothorn|0 fnt
|faint|p1a: Ferrothorn
|
|-weather|RainDance|[upkeep]
|upkeep
|
|t:|1735137939
|switch|p1a: Starmie|Starmie|100/100
|turn|9
|
|t:|1735137944
|move|p1a: Starmie|Thunder|p2a: Volcarona
|-damage|p2a: Volcarona|1/100
|-status|p2a: Volcarona|par
|move|p2a: Volcarona|Bug Buzz|p1a: Starmie
|-supereffective|p1a: Starmie
|-damage|p1a: Starmie|0 fnt
|faint|p1a: Starmie
|
|-weather|RainDance|[upkeep]
|upkeep
|
|t:|1735137953
|switch|p1a: Sharpedo|Sharpedo, F|100/100
|turn|10
|
|t:|1735137963
|switch|p2a: Ferrothorn|Ferrothorn, M|100/100
|-damage|p2a: Ferrothorn|94/100|[from] Stealth Rock
|move|p1a: Sharpedo|Hydro Pump|p2a: Ferrothorn
|-resisted|p2a: Ferrothorn
|-damage|p2a: Ferrothorn|58/100
|-damage|p1a: Sharpedo|91/100|[from] item: Life Orb
|
|-weather|RainDance|[upkeep]
|-heal|p2a: Ferrothorn|64/100|[from] item: Leftovers
|-ability|p1a: Sharpedo|Speed Boost|boost
|-boost|p1a: Sharpedo|spe|1
|upkeep
|turn|11
|
|t:|1735137984
|switch|p1a: Breloom|Breloom, M|100/100
|move|p2a: Ferrothorn|Knock Off|p1a: Breloom
|-resisted|p1a: Breloom
|-damage|p1a: Breloom|97/100
|-enditem|p1a: Breloom|Fist Plate|[from] move: Knock Off|[of] p2a: Ferrothorn
|
|-weather|RainDance|[upkeep]
|-heal|p2a: Ferrothorn|71/100|[from] item: Leftovers
|upkeep
|turn|12
|
|t:|1735137993
|switch|p2a: Volcarona|Volcarona, M|1/100 par
|-damage|p2a: Volcarona|0 fnt|[from] Stealth Rock
|faint|p2a: Volcarona
|move|p1a: Breloom|Bulk Up|p1a: Breloom
|-boost|p1a: Breloom|atk|1
|-boost|p1a: Breloom|def|1
|
|-weather|RainDance|[upkeep]
|upkeep
|
|t:|1735137997
|switch|p2a: Starmie|Starmie|100/100
|-damage|p2a: Starmie|88/100|[from] Stealth Rock
|turn|13
|j| Blaise BWOU
|
|t:|1735138002
|move|p2a: Starmie|Psychic|p1a: Breloom
|-supereffective|p1a: Breloom
|-damage|p1a: Breloom|0 fnt
|faint|p1a: Breloom
|-damage|p2a: Starmie|78/100|[from] item: Life Orb
|
|-weather|RainDance|[upkeep]
|upkeep
|
|t:|1735138007
|switch|p1a: Sharpedo|Sharpedo, F|91/100
|turn|14
|
|t:|1735138012
|switch|p2a: Ferrothorn|Ferrothorn, M|71/100
|-damage|p2a: Ferrothorn|64/100|[from] Stealth Rock
|move|p1a: Sharpedo|Protect||[still]
|-fail|p1a: Sharpedo
|
|-weather|RainDance|[upkeep]
|-heal|p2a: Ferrothorn|71/100|[from] item: Leftovers
|-ability|p1a: Sharpedo|Speed Boost|boost
|-boost|p1a: Sharpedo|spe|1
|upkeep
|turn|15
|
|t:|1735138016
|move|p1a: Sharpedo|Waterfall|p2a: Ferrothorn
|-resisted|p2a: Ferrothorn
|-damage|p2a: Ferrothorn|44/100
|-damage|p1a: Sharpedo|78/100|[from] ability: Iron Barbs|[of] p2a: Ferrothorn
|-damage|p1a: Sharpedo|68/100|[from] item: Life Orb
|move|p2a: Ferrothorn|Power Whip|p1a: Sharpedo
|-supereffective|p1a: Sharpedo
|-damage|p1a: Sharpedo|0 fnt
|faint|p1a: Sharpedo
|
|-weather|RainDance|[upkeep]
|-heal|p2a: Ferrothorn|50/100|[from] item: Leftovers
|upkeep
|-message|lsc29 forfeited.
|
|win|HydreigonSpammer
|raw|lsc29's rating: 1382 &rarr; <strong>1360</strong><br />(-22 for losing)
|raw|HydreigonSpammer's rating: 1340 &rarr; <strong>1362</strong><br />(+22 for winning)
|l|☆lsc29
|player|p1|
