|j|☆Xmartin33x
|j|☆magialice
|t:|1731603842
|gametype|singles
|player|p1|Xmartin33x|colress|1336
|player|p2|magialice|miku-flying|1544
|teamsize|p1|6
|teamsize|p2|6
|gen|5
|tier|[Gen 5] OU
|rated|
|rule|Species Clause: Limit one of each Pokémon
|rule|OHKO Clause: OHKO moves are banned
|rule|Moody Clause: Moody is banned
|rule|Evasion Items Clause: Evasion items are banned
|rule|Evasion Moves Clause: Evasion moves are banned
|rule|Endless Battle Clause: Forcing endless battles is banned
|rule|HP Percentage Mod: HP is shown in percentages
|rule|Evasion Abilities Clause: Evasion abilities are banned
|rule|Sleep Moves Clause: Sleep-inducing moves are banned
|rule|Swagger Clause: Swagger is banned
|rule|Baton Pass Stat Clause: No Baton Passer may have a way to boost its stats
|clearpoke
|poke|p1|Starmie|item
|poke|p1|Scizor, F|item
|poke|p1|Landorus-Therian, M|item
|poke|p1|Conkeldurr, F|item
|poke|p1|Jellicent, M|item
|poke|p1|Reuniclus, F|item
|poke|p2|Tyranitar, F|item
|poke|p2|Keldeo|item
|poke|p2|Terrakion|item
|poke|p2|Landorus-Therian, M|item
|poke|p2|Celebi|item
|poke|p2|Excadrill, M|item
|teampreview
|inactive|Battle timer is ON: inactive players will automatically lose when time's up. (requested by magialice)
|inactive|Xmartin33x has 120 seconds left.
|
|t:|1731603884
|start
|switch|p1a: Landorus|Landorus-Therian, M|100/100
|switch|p2a: Keldeo|Keldeo|100/100
|-ability|p1a: Landorus|Intimidate|boost
|-unboost|p2a: Keldeo|atk|1
|turn|1
|
|t:|1731603888
|move|p2a: Keldeo|Calm Mind|p2a: Keldeo
|-boost|p2a: Keldeo|spa|1
|-boost|p2a: Keldeo|spd|1
|move|p1a: Landorus|Stealth Rock|p2a: Keldeo
|-sidestart|p2: magialice|move: Stealth Rock
|
|upkeep
|turn|2
|
|t:|1731603893
|move|p2a: Keldeo|Hidden Power|p1a: Landorus
|-damage|p1a: Landorus|52/100
|move|p1a: Landorus|Explosion|p2a: Keldeo
|-damage|p2a: Keldeo|0 fnt
|faint|p1a: Landorus
|faint|p2a: Keldeo
|
|upkeep
|
|t:|1731603910
|switch|p2a: Landorus|Landorus-Therian, M|100/100
|switch|p1a: Scizor|Scizor, F|100/100
|-damage|p2a: Landorus|88/100|[from] Stealth Rock
|-ability|p2a: Landorus|Intimidate|boost
|-unboost|p1a: Scizor|atk|1
|turn|3
|
|t:|1731603914
|move|p2a: Landorus|Earthquake|p1a: Scizor
|-damage|p1a: Scizor|47/100
|move|p1a: Scizor|U-turn|p2a: Landorus
|-resisted|p2a: Landorus
|-crit|p2a: Landorus
|-damage|p2a: Landorus|21/100
|
|t:|1731603918
|switch|p1a: Starmie|Starmie|100/100|[from] U-turn
|-item|p1a: Starmie|Air Balloon
|
|upkeep
|turn|4
|
|t:|1731603922
|switch|p2a: Tyranitar|Tyranitar, F|100/100
|-damage|p2a: Tyranitar|88/100|[from] Stealth Rock
|-weather|Sandstorm|[from] ability: Sand Stream|[of] p2a: Tyranitar
|move|p1a: Starmie|Surf|p2a: Tyranitar
|-supereffective|p2a: Tyranitar
|-damage|p2a: Tyranitar|47/100
|
|-weather|Sandstorm|[upkeep]
|-damage|p1a: Starmie|94/100|[from] Sandstorm
|upkeep
|turn|5
|
|t:|1731603932
|switch|p1a: Scizor|Scizor, F|47/100
|move|p2a: Tyranitar|Thunder Wave|p1a: Scizor
|-status|p1a: Scizor|par
|
|-weather|Sandstorm|[upkeep]
|upkeep
|turn|6
|
|t:|1731603940
|move|p2a: Tyranitar|Stealth Rock|p1a: Scizor
|-sidestart|p1: Xmartin33x|move: Stealth Rock
|cant|p1a: Scizor|par
|
|-weather|Sandstorm|[upkeep]
|upkeep
|turn|7
|
|t:|1731603943
|switch|p2a: Landorus|Landorus-Therian, M|21/100
|-damage|p2a: Landorus|9/100|[from] Stealth Rock
|-ability|p2a: Landorus|Intimidate|boost
|-unboost|p1a: Scizor|atk|1
|cant|p1a: Scizor|par
|
|-weather|Sandstorm|[upkeep]
|upkeep
|turn|8
|
|t:|1731603947
|move|p1a: Scizor|Bullet Punch|p2a: Landorus
|-damage|p2a: Landorus|0 fnt
|faint|p2a: Landorus
|
|-weather|Sandstorm|[upkeep]
|upkeep
|
|t:|1731603951
|switch|p2a: Excadrill|Excadrill, M|100/100
|-damage|p2a: Excadrill|98/100|[from] Stealth Rock
|turn|9
|j| Alexander Roche 73
|inactive|Xmartin33x has 120 seconds left.
|
|t:|1731603990
|switch|p1a: Starmie|Starmie|94/100
|-damage|p1a: Starmie|82/100|[from] Stealth Rock
|-item|p1a: Starmie|Air Balloon
|move|p2a: Excadrill|Swords Dance|p2a: Excadrill
|-boost|p2a: Excadrill|atk|2
|
|-weather|Sandstorm|[upkeep]
|-damage|p1a: Starmie|76/100|[from] Sandstorm
|-heal|p2a: Excadrill|100/100|[from] item: Leftovers
|upkeep
|turn|10
|inactive|Xmartin33x has 120 seconds left.
|
|t:|1731603999
|move|p1a: Starmie|Surf|p2a: Excadrill
|-supereffective|p2a: Excadrill
|-damage|p2a: Excadrill|14/100
|move|p2a: Excadrill|Iron Head|p1a: Starmie
|-resisted|p1a: Starmie
|-damage|p1a: Starmie|0 fnt
|-enditem|p1a: Starmie|Air Balloon
|faint|p1a: Starmie
|
|-weather|Sandstorm|[upkeep]
|-heal|p2a: Excadrill|21/100|[from] item: Leftovers
|upkeep
|inactive|Xmartin33x has 120 seconds left.
|
|t:|1731604004
|switch|p1a: Conkeldurr|Conkeldurr, F|100/100
|-damage|p1a: Conkeldurr|94/100|[from] Stealth Rock
|turn|11
|
|t:|1731604007
|switch|p2a: Celebi|Celebi|100/100
|-damage|p2a: Celebi|88/100|[from] Stealth Rock
|move|p1a: Conkeldurr|Mach Punch|p2a: Celebi
|-resisted|p2a: Celebi
|-damage|p2a: Celebi|73/100
|-damage|p1a: Conkeldurr|84/100|[from] item: Life Orb
|
|-weather|Sandstorm|[upkeep]
|-damage|p2a: Celebi|67/100|[from] Sandstorm
|-damage|p1a: Conkeldurr|78/100|[from] Sandstorm
|-heal|p2a: Celebi|73/100|[from] item: Leftovers
|upkeep
|turn|12
|
|t:|1731604010
|switch|p1a: Scizor|Scizor, F|47/100 par
|-damage|p1a: Scizor|34/100 par|[from] Stealth Rock
|move|p2a: Celebi|Psychic|p1a: Scizor
|-resisted|p1a: Scizor
|-damage|p1a: Scizor|11/100 par
|
|-weather|Sandstorm|[upkeep]
|-damage|p2a: Celebi|67/100|[from] Sandstorm
|-heal|p2a: Celebi|73/100|[from] item: Leftovers
|upkeep
|turn|13
|
|t:|1731604015
|move|p1a: Scizor|Bullet Punch|p2a: Celebi
|-damage|p2a: Celebi|33/100
|move|p2a: Celebi|Psychic|p1a: Scizor
|-resisted|p1a: Scizor
|-damage|p1a: Scizor|0 fnt
|faint|p1a: Scizor
|
|-weather|Sandstorm|[upkeep]
|-damage|p2a: Celebi|27/100|[from] Sandstorm
|-heal|p2a: Celebi|33/100|[from] item: Leftovers
|upkeep
|
|t:|1731604026
|switch|p1a: Jellicent|Jellicent, M|100/100
|-damage|p1a: Jellicent|88/100|[from] Stealth Rock
|turn|14
|
|t:|1731604029
|move|p2a: Celebi|Recover|p2a: Celebi
|-heal|p2a: Celebi|83/100
|move|p1a: Jellicent|Trick Room|p1a: Jellicent
|-fieldstart|move: Trick Room|[of] p1a: Jellicent
|
|-weather|Sandstorm|[upkeep]
|-damage|p1a: Jellicent|82/100|[from] Sandstorm
|-damage|p2a: Celebi|77/100|[from] Sandstorm
|-heal|p1a: Jellicent|88/100|[from] item: Leftovers
|-heal|p2a: Celebi|83/100|[from] item: Leftovers
|upkeep
|turn|15
|
|t:|1731604034
|move|p1a: Jellicent|Will-O-Wisp|p2a: Celebi
|-status|p2a: Celebi|brn
|move|p2a: Celebi|Substitute|p2a: Celebi
|-start|p2a: Celebi|Substitute
|-damage|p2a: Celebi|58/100 brn
|
|-weather|Sandstorm|[upkeep]
|-damage|p1a: Jellicent|82/100|[from] Sandstorm
|-damage|p2a: Celebi|52/100 brn|[from] Sandstorm
|-heal|p1a: Jellicent|88/100|[from] item: Leftovers
|-heal|p2a: Celebi|58/100 brn|[from] item: Leftovers
|-damage|p2a: Celebi|46/100 brn|[from] brn
|upkeep
|turn|16
|
|t:|1731604039
|move|p1a: Jellicent|Shadow Ball|p2a: Celebi
|-supereffective|p2a: Celebi
|-end|p2a: Celebi|Substitute
|move|p2a: Celebi|Baton Pass|p2a: Celebi
|
|t:|1731604046
|-curestatus|p2a: Celebi|brn|[from] ability: Natural Cure
|switch|p2a: Tyranitar|Tyranitar, F|47/100|[from] Baton Pass
|-damage|p2a: Tyranitar|34/100|[from] Stealth Rock
|
|-weather|Sandstorm|[upkeep]
|-damage|p1a: Jellicent|82/100|[from] Sandstorm
|-heal|p1a: Jellicent|88/100|[from] item: Leftovers
|upkeep
|turn|17
|
|t:|1731604052
|switch|p1a: Conkeldurr|Conkeldurr, F|78/100
|-damage|p1a: Conkeldurr|72/100|[from] Stealth Rock
|move|p2a: Tyranitar|Crunch|p1a: Conkeldurr
|-resisted|p1a: Conkeldurr
|-damage|p1a: Conkeldurr|57/100
|
|-weather|Sandstorm|[upkeep]
|-damage|p1a: Conkeldurr|51/100|[from] Sandstorm
|upkeep
|turn|18
|
|t:|1731604055
|move|p1a: Conkeldurr|Drain Punch|p2a: Tyranitar
|-supereffective|p2a: Tyranitar
|-enditem|p2a: Tyranitar|Chople Berry|[eat]
|-enditem|p2a: Tyranitar|Chople Berry|[weaken]
|-damage|p2a: Tyranitar|0 fnt
|-heal|p1a: Conkeldurr|68/100|[from] drain|[of] p2a: Tyranitar
|faint|p2a: Tyranitar
|-damage|p1a: Conkeldurr|59/100|[from] item: Life Orb
|
|-weather|Sandstorm|[upkeep]
|-damage|p1a: Conkeldurr|52/100|[from] Sandstorm
|-fieldend|move: Trick Room
|upkeep
|
|t:|1731604058
|switch|p2a: Celebi|Celebi|46/100
|-damage|p2a: Celebi|33/100|[from] Stealth Rock
|turn|19
|
|t:|1731604082
|switch|p1a: Reuniclus|Reuniclus, F|100/100
|move|p2a: Celebi|Psychic|p1a: Reuniclus
|-resisted|p1a: Reuniclus
|-damage|p1a: Reuniclus|86/100
|
|-weather|Sandstorm|[upkeep]
|-damage|p2a: Celebi|27/100|[from] Sandstorm
|-heal|p2a: Celebi|33/100|[from] item: Leftovers
|upkeep
|turn|20
|
|t:|1731604086
|move|p2a: Celebi|Substitute|p2a: Celebi
|-start|p2a: Celebi|Substitute
|-damage|p2a: Celebi|8/100
|move|p1a: Reuniclus|Acid Armor|p1a: Reuniclus
|-boost|p1a: Reuniclus|def|2
|
|-weather|Sandstorm|[upkeep]
|-damage|p2a: Celebi|2/100|[from] Sandstorm
|-heal|p2a: Celebi|8/100|[from] item: Leftovers
|upkeep
|turn|21
|
|t:|1731604092
|move|p2a: Celebi|Baton Pass|p2a: Celebi
|
|t:|1731604093
|switch|p2a: Excadrill|Excadrill, M|21/100|[from] Baton Pass
|-damage|p2a: Excadrill|18/100|[from] Stealth Rock
|move|p1a: Reuniclus|Psychic|p2a: Excadrill
|-resisted|p2a: Excadrill
|-end|p2a: Excadrill|Substitute
|
|-weather|Sandstorm|[upkeep]
|-heal|p2a: Excadrill|24/100|[from] item: Leftovers
|upkeep
|turn|22
|
|t:|1731604099
|move|p2a: Excadrill|Swords Dance|p2a: Excadrill
|-boost|p2a: Excadrill|atk|2
|move|p1a: Reuniclus|Psychic|p2a: Excadrill
|-resisted|p2a: Excadrill
|-damage|p2a: Excadrill|0 fnt
|faint|p2a: Excadrill
|
|-weather|Sandstorm|[upkeep]
|upkeep
|
|t:|1731604104
|switch|p2a: Terrakion|Terrakion|100/100
|-damage|p2a: Terrakion|94/100|[from] Stealth Rock
|turn|23
|
|t:|1731604107
|move|p2a: Terrakion|Stone Edge|p1a: Reuniclus
|-damage|p1a: Reuniclus|47/100
|move|p1a: Reuniclus|Psychic|p2a: Terrakion
|-supereffective|p2a: Terrakion
|-damage|p2a: Terrakion|0 fnt
|faint|p2a: Terrakion
|
|-weather|Sandstorm|[upkeep]
|upkeep
|-message|magialice forfeited.
|
|win|Xmartin33x
|raw|Xmartin33x's rating: 1336 &rarr; <strong>1367</strong><br />(+31 for winning)
|raw|magialice's rating: 1544 &rarr; <strong>1513</strong><br />(-31 for losing)
|l|☆magialice
|player|p2|
|l|☆Xmartin33x
|player|p1|
