|j|☆juan123juan
|j|☆kinlongchan
|player|p1|juan123juan|juan-gen3|1341
|player|p2|kinlongchan|282|1337
|teamsize|p1|6
|teamsize|p2|6
|gametype|singles
|gen|5
|tier|[Gen 5] OU
|rated|
|rule|Sleep Clause Mod: Limit one foe put to sleep
|rule|Species Clause: Limit one of each Pokémon
|rule|OHKO Clause: OHKO moves are banned
|rule|Moody Clause: Moody is banned
|rule|Evasion Moves Clause: Evasion moves are banned
|rule|Endless Battle Clause: Forcing endless battles is banned
|rule|HP Percentage Mod: HP is shown in percentages
|rule|Evasion Abilities Clause: Evasion abilities are banned
|rule|Baton Pass Clause: Limit one Baton Passer, can't pass Spe and other stats simultaneously
|rule|Swagger Clause: Swagger is banned
|clearpoke
|poke|p1|Tyranitar, M|item
|poke|p1|Keldeo|item
|poke|p1|Heatran, M|item
|poke|p1|Amoonguss, F|item
|poke|p1|Gliscor, F|item
|poke|p1|Excadrill, F|item
|poke|p2|Machamp, F|item
|poke|p2|Salamence, M|item
|poke|p2|Starmie|item
|poke|p2|Ferrothorn, F|item
|poke|p2|Magnezone|item
|poke|p2|Alakazam, M|item
|teampreview
|j| kobepayne
|inactive|Battle timer is ON: inactive players will automatically lose when time's up. (requested by kinlongchan)
|inactive|juan123juan has 120 seconds left.
|
|start
|switch|p1a: Keldeo|Keldeo|100/100
|switch|p2a: Ferrothorn|Ferrothorn, F|100/100
|turn|1
|
|move|p1a: Keldeo|Secret Sword|p2a: Ferrothorn
|-supereffective|p2a: Ferrothorn
|-damage|p2a: Ferrothorn|29/100
|move|p2a: Ferrothorn|Stealth Rock|p1a: Keldeo
|-sidestart|p1: juan123juan|move: Stealth Rock
|
|-heal|p2a: Ferrothorn|35/100|[from] item: Leftovers
|upkeep
|turn|2
|
|switch|p1a: Amoonguss|Amoonguss, F|100/100
|-damage|p1a: Amoonguss|88/100|[from] Stealth Rock
|move|p2a: Ferrothorn|Protect||[still]
|-fail|p2a: Ferrothorn
|
|-heal|p1a: Amoonguss|94/100|[from] item: Black Sludge
|-heal|p2a: Ferrothorn|41/100|[from] item: Leftovers
|upkeep
|turn|3
|
|move|p1a: Amoonguss|Spore|p2a: Ferrothorn
|-status|p2a: Ferrothorn|slp|[from] move: Spore
|cant|p2a: Ferrothorn|slp
|
|-heal|p1a: Amoonguss|100/100|[from] item: Black Sludge
|-heal|p2a: Ferrothorn|48/100 slp|[from] item: Leftovers
|upkeep
|turn|4
|
|switch|p1a: Gliscor|Gliscor, F|100/100
|-damage|p1a: Gliscor|88/100|[from] Stealth Rock
|cant|p2a: Ferrothorn|slp
|
|-heal|p2a: Ferrothorn|54/100 slp|[from] item: Leftovers
|-status|p1a: Gliscor|tox|[from] item: Toxic Orb
|upkeep
|turn|5
|
|switch|p2a: Alakazam|Alakazam, M|100/100
|move|p1a: Gliscor|Earthquake|p2a: Alakazam
|-damage|p2a: Alakazam|10/100
|
|-heal|p1a: Gliscor|100/100 tox|[from] ability: Poison Heal
|upkeep
|turn|6
|j| Waveshaper
|
|move|p1a: Gliscor|Protect|p1a: Gliscor
|-singleturn|p1a: Gliscor|Protect
|move|p2a: Alakazam|Hidden Power|p1a: Gliscor
|-activate|p1a: Gliscor|move: Protect
|
|upkeep
|turn|7
|
|switch|p1a: Amoonguss|Amoonguss, F|100/100
|-damage|p1a: Amoonguss|88/100|[from] Stealth Rock
|move|p2a: Alakazam|Psychic|p1a: Amoonguss
|-supereffective|p1a: Amoonguss
|-damage|p1a: Amoonguss|6/100
|-unboost|p1a: Amoonguss|spd|1
|
|-heal|p1a: Amoonguss|12/100|[from] item: Black Sludge
|upkeep
|turn|8
|
|switch|p1a: Excadrill|Excadrill, F|100/100
|-damage|p1a: Excadrill|97/100|[from] Stealth Rock
|-ability|p1a: Excadrill|Mold Breaker
|move|p2a: Alakazam|Psychic|p1a: Excadrill
|-resisted|p1a: Excadrill
|-damage|p1a: Excadrill|66/100
|
|upkeep
|turn|9
|
|switch|p2a: Ferrothorn|Ferrothorn, F|54/100 slp
|move|p1a: Excadrill|Rapid Spin|p2a: Ferrothorn
|-resisted|p2a: Ferrothorn
|-damage|p2a: Ferrothorn|51/100 slp
|-damage|p1a: Excadrill|54/100|[from] ability: Iron Barbs|[of] p2a: Ferrothorn
|-sideend|p1: juan123juan|Stealth Rock|[from] move: Rapid Spin|[of] p1a: Excadrill
|
|-heal|p2a: Ferrothorn|57/100 slp|[from] item: Leftovers
|upkeep
|turn|10
|
|switch|p1a: Heatran|Heatran, M|100/100
|cant|p2a: Ferrothorn|slp
|
|-heal|p2a: Ferrothorn|64/100 slp|[from] item: Leftovers
|upkeep
|turn|11
|
|switch|p2a: Starmie|Starmie|100/100
|move|p1a: Heatran|Substitute|p1a: Heatran
|-start|p1a: Heatran|Substitute
|-damage|p1a: Heatran|76/100
|
|-heal|p1a: Heatran|82/100|[from] item: Leftovers
|upkeep
|turn|12
|
|move|p1a: Heatran|Protect|p1a: Heatran
|-singleturn|p1a: Heatran|Protect
|move|p2a: Starmie|Hydro Pump|p1a: Heatran
|-activate|p1a: Heatran|move: Protect
|
|-heal|p1a: Heatran|88/100|[from] item: Leftovers
|upkeep
|turn|13
|
|move|p2a: Starmie|Hydro Pump|p1a: Heatran
|-supereffective|p1a: Heatran
|-end|p1a: Heatran|Substitute
|move|p1a: Heatran|Lava Plume|p2a: Starmie
|-resisted|p2a: Starmie
|-damage|p2a: Starmie|66/100
|
|-heal|p1a: Heatran|94/100|[from] item: Leftovers
|upkeep
|turn|14
|
|move|p1a: Heatran|Protect|p1a: Heatran
|-singleturn|p1a: Heatran|Protect
|move|p2a: Starmie|Hydro Pump|p1a: Heatran
|-activate|p1a: Heatran|move: Protect
|
|-heal|p1a: Heatran|100/100|[from] item: Leftovers
|upkeep
|turn|15
|
|switch|p1a: Amoonguss|Amoonguss, F|45/100
|move|p2a: Starmie|Hydro Pump|p1a: Amoonguss
|-resisted|p1a: Amoonguss
|-damage|p1a: Amoonguss|17/100
|
|-heal|p1a: Amoonguss|23/100|[from] item: Black Sludge
|upkeep
|turn|16
|
|move|p2a: Starmie|Hydro Pump|p1a: Amoonguss
|-resisted|p1a: Amoonguss
|-damage|p1a: Amoonguss|0 fnt
|faint|p1a: Amoonguss
|
|upkeep
|
|switch|p1a: Tyranitar|Tyranitar, M|100/100
|-weather|Sandstorm|[from] ability: Sand Stream|[of] p1a: Tyranitar
|turn|17
|
|move|p2a: Starmie|Hydro Pump|p1a: Tyranitar
|-supereffective|p1a: Tyranitar
|-damage|p1a: Tyranitar|33/100
|move|p1a: Tyranitar|Stealth Rock|p2a: Starmie
|-sidestart|p2: kinlongchan|move: Stealth Rock
|
|-weather|Sandstorm|[upkeep]
|-damage|p2a: Starmie|60/100|[from] Sandstorm
|upkeep
|turn|18
|
|move|p2a: Starmie|Hydro Pump|p1a: Tyranitar|[miss]
|-miss|p2a: Starmie|p1a: Tyranitar
|move|p1a: Tyranitar|Crunch|p2a: Starmie
|-supereffective|p2a: Starmie
|-damage|p2a: Starmie|0 fnt
|faint|p2a: Starmie
|
|-weather|Sandstorm|[upkeep]
|upkeep
|
|switch|p2a: Machamp|Machamp, F|100/100
|-damage|p2a: Machamp|94/100|[from] Stealth Rock
|turn|19
|inactive|juan123juan has 120 seconds left.
|
|switch|p1a: Gliscor|Gliscor, F|100/100 tox
|move|p2a: Machamp|Ice Punch|p1a: Gliscor
|-supereffective|p1a: Gliscor
|-damage|p1a: Gliscor|36/100 tox
|
|-weather|Sandstorm|[upkeep]
|-damage|p2a: Machamp|88/100|[from] Sandstorm
|-heal|p1a: Gliscor|49/100 tox|[from] ability: Poison Heal
|upkeep
|turn|20
|c|☆kinlongchan|sosad
|c|☆kinlongchan|i thought it could ohko
|
|move|p1a: Gliscor|Protect|p1a: Gliscor
|-singleturn|p1a: Gliscor|Protect
|move|p2a: Machamp|Ice Punch|p1a: Gliscor
|-activate|p1a: Gliscor|move: Protect
|
|-weather|Sandstorm|[upkeep]
|-damage|p2a: Machamp|82/100|[from] Sandstorm
|-heal|p1a: Gliscor|61/100 tox|[from] ability: Poison Heal
|upkeep
|turn|21
|
|switch|p1a: Keldeo|Keldeo|100/100
|move|p2a: Machamp|Dynamic Punch|p1a: Keldeo
|-damage|p1a: Keldeo|31/100
|-start|p1a: Keldeo|confusion
|
|-weather|Sandstorm|[upkeep]
|-damage|p1a: Keldeo|25/100|[from] Sandstorm
|-damage|p2a: Machamp|75/100|[from] Sandstorm
|-heal|p1a: Keldeo|31/100|[from] item: Leftovers
|upkeep
|turn|22
|c|☆juan123juan|stop predicting me
|c|☆kinlongchan|why
|c|☆juan123juan|i feel shit
|inactive|kinlongchan has 120 seconds left.
|c| kobepayne|ahahaha
|c|☆juan123juan|i am getting outplayed so hard
|c|☆kinlongchan|its why we play
|c| kobepayne|he is in your head
|
|switch|p2a: Ferrothorn|Ferrothorn, F|64/100 slp
|-damage|p2a: Ferrothorn|57/100 slp|[from] Stealth Rock
|-activate|p1a: Keldeo|confusion
|move|p1a: Keldeo|Scald|p2a: Ferrothorn
|-resisted|p2a: Ferrothorn
|-damage|p2a: Ferrothorn|43/100 slp
|
|-weather|Sandstorm|[upkeep]
|-damage|p1a: Keldeo|25/100|[from] Sandstorm
|-heal|p1a: Keldeo|31/100|[from] item: Leftovers
|-heal|p2a: Ferrothorn|49/100 slp|[from] item: Leftovers
|upkeep
|turn|23
|
|-activate|p1a: Keldeo|confusion
|-damage|p1a: Keldeo|24/100|[from] confusion
|cant|p2a: Ferrothorn|slp
|
|-weather|Sandstorm|[upkeep]
|-damage|p1a: Keldeo|18/100|[from] Sandstorm
|-heal|p1a: Keldeo|24/100|[from] item: Leftovers
|-heal|p2a: Ferrothorn|56/100 slp|[from] item: Leftovers
|upkeep
|turn|24
|
|-activate|p1a: Keldeo|confusion
|move|p1a: Keldeo|Secret Sword|p2a: Ferrothorn
|-supereffective|p2a: Ferrothorn
|-damage|p2a: Ferrothorn|0 fnt
|faint|p2a: Ferrothorn
|
|-weather|Sandstorm|[upkeep]
|-damage|p1a: Keldeo|18/100|[from] Sandstorm
|-heal|p1a: Keldeo|24/100|[from] item: Leftovers
|upkeep
|
|switch|p2a: Alakazam|Alakazam, M|10/100
|turn|25
|
|move|p2a: Alakazam|Psychic|p1a: Keldeo
|-supereffective|p1a: Keldeo
|-damage|p1a: Keldeo|0 fnt
|faint|p1a: Keldeo
|
|-weather|Sandstorm|[upkeep]
|upkeep
|
|switch|p1a: Heatran|Heatran, M|100/100
|turn|26
|
|move|p2a: Alakazam|Focus Blast|p1a: Heatran
|-supereffective|p1a: Heatran
|-damage|p1a: Heatran|27/100
|move|p1a: Heatran|Lava Plume|p2a: Alakazam
|-damage|p2a: Alakazam|0 fnt
|faint|p2a: Alakazam
|
|-weather|Sandstorm|[upkeep]
|-heal|p1a: Heatran|33/100|[from] item: Leftovers
|upkeep
|
|switch|p2a: Machamp|Machamp, F|75/100
|-damage|p2a: Machamp|69/100|[from] Stealth Rock
|turn|27
|
|move|p1a: Heatran|Lava Plume|p2a: Machamp
|-damage|p2a: Machamp|20/100
|move|p2a: Machamp|Dynamic Punch|p1a: Heatran
|-supereffective|p1a: Heatran
|-crit|p1a: Heatran
|-damage|p1a: Heatran|0 fnt
|faint|p1a: Heatran
|
|-weather|Sandstorm|[upkeep]
|-damage|p2a: Machamp|14/100|[from] Sandstorm
|upkeep
|
|switch|p1a: Gliscor|Gliscor, F|61/100 tox
|turn|28
|
|move|p2a: Machamp|Bullet Punch|p1a: Gliscor
|-damage|p1a: Gliscor|52/100 tox
|move|p1a: Gliscor|Earthquake|p2a: Machamp
|-damage|p2a: Machamp|0 fnt
|faint|p2a: Machamp
|
|-weather|Sandstorm|[upkeep]
|-heal|p1a: Gliscor|64/100 tox|[from] ability: Poison Heal
|upkeep
|
|switch|p2a: Salamence|Salamence, M|100/100
|-damage|p2a: Salamence|76/100|[from] Stealth Rock
|turn|29
|
|move|p2a: Salamence|Draco Meteor|p1a: Gliscor
|-crit|p1a: Gliscor
|-damage|p1a: Gliscor|0 fnt
|-unboost|p2a: Salamence|spa|2
|-damage|p2a: Salamence|66/100|[from] item: Life Orb
|faint|p1a: Gliscor
|-ability|p2a: Salamence|Moxie|boost
|-boost|p2a: Salamence|atk|1
|
|-weather|Sandstorm|[upkeep]
|-damage|p2a: Salamence|60/100|[from] Sandstorm
|upkeep
|
|switch|p1a: Excadrill|Excadrill, F|54/100
|-ability|p1a: Excadrill|Mold Breaker
|turn|30
|
|move|p1a: Excadrill|Iron Head|p2a: Salamence
|-damage|p2a: Salamence|0 fnt
|faint|p2a: Salamence
|
|-weather|Sandstorm|[upkeep]
|upkeep
|
|switch|p2a: Magnezone|Magnezone|100/100
|-damage|p2a: Magnezone|94/100|[from] Stealth Rock
|turn|31
|
|move|p1a: Excadrill|Iron Head|p2a: Magnezone
|-resisted|p2a: Magnezone
|-damage|p2a: Magnezone|81/100
|move|p2a: Magnezone|Flash Cannon|p1a: Excadrill
|-resisted|p1a: Excadrill
|-damage|p1a: Excadrill|9/100
|
|-weather|Sandstorm|[upkeep]
|upkeep
|turn|32
|
|move|p1a: Excadrill|Iron Head|p2a: Magnezone
|-resisted|p2a: Magnezone
|-damage|p2a: Magnezone|68/100
|cant|p2a: Magnezone|flinch
|
|-weather|Sandstorm|[upkeep]
|upkeep
|turn|33
|
|move|p1a: Excadrill|Iron Head|p2a: Magnezone
|-resisted|p2a: Magnezone
|-damage|p2a: Magnezone|54/100
|move|p2a: Magnezone|Flash Cannon|p1a: Excadrill
|-resisted|p1a: Excadrill
|-damage|p1a: Excadrill|0 fnt
|faint|p1a: Excadrill
|
|-weather|Sandstorm|[upkeep]
|upkeep
|
|switch|p1a: Tyranitar|Tyranitar, M|33/100
|turn|34
|
|move|p2a: Magnezone|Flash Cannon|p1a: Tyranitar
|-supereffective|p1a: Tyranitar
|-damage|p1a: Tyranitar|0 fnt
|faint|p1a: Tyranitar
|
|win|kinlongchan
|c|☆kinlongchan|gg
|raw|juan123juan's rating: 1341 &rarr; <strong>1321</strong><br />(-20 for losing)
|raw|kinlongchan's rating: 1337 &rarr; <strong>1358</strong><br />(+21 for winning)
|c|☆kinlongchan|lol
|c|☆juan123juan|gg
|c|☆juan123juan|u a god
|l| Waveshaper
|l|☆juan123juan
|l| kobepayne
