|j|☆HydreigonSpammer
|j|☆sattlebimulator
|t:|1734737496
|gametype|singles
|player|p1|HydreigonSpammer|veteranf|1337
|player|p2|sattlebimulator|1|1324
|teamsize|p1|6
|teamsize|p2|6
|gen|5
|tier|[Gen 5] OU
|rated|
|rule|Species Clause: Limit one of each Pokémon
|rule|OHKO Clause: OHKO moves are banned
|rule|Moody Clause: Moody is banned
|rule|Evasion Items Clause: Evasion items are banned
|rule|Evasion Moves Clause: Evasion moves are banned
|rule|Endless Battle Clause: Forcing endless battles is banned
|rule|HP Percentage Mod: HP is shown in percentages
|rule|Evasion Abilities Clause: Evasion abilities are banned
|rule|Sleep Moves Clause: Sleep-inducing moves are banned
|rule|Swagger Clause: Swagger is banned
|rule|Baton Pass Stat Clause: No Baton Passer may have a way to boost its stats
|clearpoke
|poke|p1|Keldeo|item
|poke|p1|Jirachi|item
|poke|p1|Infernape, F|item
|poke|p1|Hydreigon, F|item
|poke|p1|Terrakion|item
|poke|p1|Garchomp, F|item
|poke|p2|Scizor, M|item
|poke|p2|Alakazam, F|item
|poke|p2|Breloom, F|item
|poke|p2|Landorus-Therian, M|item
|poke|p2|Starmie|item
|poke|p2|Jirachi|item
|teampreview
|inactive|Battle timer is ON: inactive players will automatically lose when time's up. (requested by sattlebimulator)
|
|t:|1734737512
|start
|switch|p1a: Infernape|Infernape, F|100/100
|switch|p2a: Jirachi|Jirachi|100/100
|turn|1
|
|t:|1734737518
|move|p2a: Jirachi|Body Slam|p1a: Infernape
|-damage|p1a: Infernape|57/100
|-status|p1a: Infernape|par
|cant|p1a: Infernape|par
|
|upkeep
|turn|2
|
|t:|1734737533
|switch|p2a: Starmie|Starmie|100/100
|-item|p2a: Starmie|Air Balloon
|move|p1a: Infernape|Stealth Rock|p2a: Starmie
|-sidestart|p2: sattlebimulator|move: Stealth Rock
|
|upkeep
|turn|3
|
|t:|1734737549
|switch|p1a: Jirachi|Jirachi|100/100
|move|p2a: Starmie|Hydro Pump|p1a: Jirachi|[miss]
|-miss|p2a: Starmie|p1a: Jirachi
|
|upkeep
|turn|4
|
|t:|1734737554
|move|p2a: Starmie|Rapid Spin|p1a: Jirachi
|-resisted|p1a: Jirachi
|-damage|p1a: Jirachi|99/100
|-sideend|p2: sattlebimulator|Stealth Rock|[from] move: Rapid Spin|[of] p2a: Starmie
|move|p1a: Jirachi|U-turn|p2a: Starmie
|-supereffective|p2a: Starmie
|-damage|p2a: Starmie|50/100
|-enditem|p2a: Starmie|Air Balloon
|
|t:|1734737561
|switch|p1a: Hydreigon|Hydreigon, F, shiny|100/100|[from] U-turn
|
|upkeep
|turn|5
|
|t:|1734737565
|move|p2a: Starmie|Ice Beam|p1a: Hydreigon
|-supereffective|p1a: Hydreigon
|-damage|p1a: Hydreigon|40/100
|move|p1a: Hydreigon|Dark Pulse|p2a: Starmie
|-supereffective|p2a: Starmie
|-damage|p2a: Starmie|0 fnt
|faint|p2a: Starmie
|
|upkeep
|
|t:|1734737571
|switch|p2a: Scizor|Scizor, M|100/100
|turn|6
|
|t:|1734737576
|switch|p1a: Infernape|Infernape, F|57/100 par
|move|p2a: Scizor|Swords Dance|p2a: Scizor
|-boost|p2a: Scizor|atk|2
|
|upkeep
|turn|7
|
|t:|1734737581
|move|p2a: Scizor|Superpower|p1a: Infernape
|-damage|p1a: Infernape|0 fnt
|-unboost|p2a: Scizor|atk|1
|-unboost|p2a: Scizor|def|1
|faint|p1a: Infernape
|-damage|p2a: Scizor|91/100|[from] item: Life Orb
|
|upkeep
|
|t:|1734737608
|switch|p1a: Garchomp|Garchomp, F|100/100
|turn|8
|
|t:|1734737614
|switch|p2a: Landorus|Landorus-Therian, M|100/100
|-ability|p2a: Landorus|Intimidate|boost
|-unboost|p1a: Garchomp|atk|1
|move|p1a: Garchomp|Fire Blast|p2a: Landorus
|-damage|p2a: Landorus|49/100
|-damage|p1a: Garchomp|91/100|[from] item: Life Orb
|
|upkeep
|turn|9
|
|t:|1734737631
|switch|p1a: Hydreigon|Hydreigon, F, shiny|40/100
|move|p2a: Landorus|Hidden Power|p1a: Hydreigon
|-supereffective|p1a: Hydreigon
|-damage|p1a: Hydreigon|1/100
|
|upkeep
|turn|10
|
|t:|1734737637
|switch|p1a: Keldeo|Keldeo|100/100
|move|p2a: Landorus|Hidden Power|p1a: Keldeo
|-resisted|p1a: Keldeo
|-damage|p1a: Keldeo|90/100
|
|upkeep
|turn|11
|
|t:|1734737650
|switch|p2a: Scizor|Scizor, M|91/100
|move|p1a: Keldeo|Secret Sword|p2a: Scizor
|-damage|p2a: Scizor|47/100
|
|upkeep
|turn|12
|
|t:|1734737670
|switch|p1a: Hydreigon|Hydreigon, F, shiny|1/100
|move|p2a: Scizor|Superpower|p1a: Hydreigon
|-supereffective|p1a: Hydreigon
|-damage|p1a: Hydreigon|0 fnt
|-unboost|p2a: Scizor|atk|1
|-unboost|p2a: Scizor|def|1
|faint|p1a: Hydreigon
|-damage|p2a: Scizor|38/100|[from] item: Life Orb
|
|upkeep
|
|t:|1734737675
|switch|p1a: Keldeo|Keldeo|90/100
|turn|13
|
|t:|1734737678
|move|p1a: Keldeo|Scald|p2a: Scizor
|-damage|p2a: Scizor|0 fnt
|faint|p2a: Scizor
|
|upkeep
|
|t:|1734737680
|switch|p2a: Breloom|Breloom, F|100/100
|turn|14
|inactive|HydreigonSpammer has 120 seconds left.
|
|t:|1734737711
|switch|p1a: Terrakion|Terrakion|100/100
|move|p2a: Breloom|Substitute|p2a: Breloom
|-start|p2a: Breloom|Substitute
|-damage|p2a: Breloom|76/100
|
|-heal|p2a: Breloom|82/100|[from] item: Leftovers
|upkeep
|turn|15
|inactive|HydreigonSpammer has 120 seconds left.
|
|t:|1734737723
|move|p1a: Terrakion|X-Scissor|p2a: Breloom
|-end|p2a: Breloom|Substitute
|move|p2a: Breloom|Bullet Seed|p1a: Terrakion
|-supereffective|p1a: Terrakion
|-damage|p1a: Terrakion|50/100
|-supereffective|p1a: Terrakion
|-damage|p1a: Terrakion|1/100
|-supereffective|p1a: Terrakion
|-damage|p1a: Terrakion|0 fnt
|faint|p1a: Terrakion
|-hitcount|p1: Terrakion|3
|
|-heal|p2a: Breloom|88/100|[from] item: Leftovers
|upkeep
|inactive|HydreigonSpammer has 120 seconds left.
|
|t:|1734737739
|switch|p1a: Garchomp|Garchomp, F|91/100
|turn|16
|
|t:|1734737759
|move|p2a: Breloom|Mach Punch|p1a: Garchomp
|-damage|p1a: Garchomp|58/100
|-damage|p2a: Breloom|76/100|[from] ability: Rough Skin|[of] p1a: Garchomp
|move|p1a: Garchomp|Fire Blast|p2a: Breloom
|-supereffective|p2a: Breloom
|-damage|p2a: Breloom|0 fnt
|faint|p2a: Breloom
|-damage|p1a: Garchomp|48/100|[from] item: Life Orb
|
|upkeep
|
|t:|1734737769
|switch|p2a: Jirachi|Jirachi|100/100
|turn|17
|
|t:|1734737788
|switch|p1a: Jirachi|Jirachi|99/100
|move|p2a: Jirachi|Iron Head|p1a: Jirachi
|-resisted|p1a: Jirachi
|-damage|p1a: Jirachi|83/100
|
|-heal|p1a: Jirachi|90/100|[from] item: Leftovers
|upkeep
|turn|18
|
|t:|1734737795
|switch|p2a: Landorus|Landorus-Therian, M|49/100
|-ability|p2a: Landorus|Intimidate|boost
|-unboost|p1a: Jirachi|atk|1
|move|p1a: Jirachi|U-turn|p2a: Landorus
|-resisted|p2a: Landorus
|-damage|p2a: Landorus|42/100
|
|t:|1734737799
|switch|p1a: Keldeo|Keldeo|90/100|[from] U-turn
|
|upkeep
|turn|19
|
|t:|1734737801
|move|p1a: Keldeo|Scald|p2a: Landorus
|-supereffective|p2a: Landorus
|-damage|p2a: Landorus|0 fnt
|faint|p2a: Landorus
|
|upkeep
|
|t:|1734737803
|switch|p2a: Alakazam|Alakazam, F|100/100
|turn|20
|
|t:|1734737813
|switch|p1a: Jirachi|Jirachi|90/100
|move|p2a: Alakazam|Hidden Power|p1a: Jirachi
|-supereffective|p1a: Jirachi
|-damage|p1a: Jirachi|57/100
|
|-heal|p1a: Jirachi|63/100|[from] item: Leftovers
|upkeep
|turn|21
|
|t:|1734737819
|switch|p2a: Jirachi|Jirachi|100/100
|move|p1a: Jirachi|Thunder Wave|p2a: Jirachi
|-status|p2a: Jirachi|par
|
|-heal|p1a: Jirachi|69/100|[from] item: Leftovers
|upkeep
|turn|22
|
|t:|1734737843
|move|p1a: Jirachi|U-turn|p2a: Jirachi
|-damage|p2a: Jirachi|84/100 par
|inactive|HydreigonSpammer has 120 seconds left.
|
|t:|1734737857
|switch|p1a: Keldeo|Keldeo|90/100|[from] U-turn
|move|p2a: Jirachi|Body Slam|p1a: Keldeo
|-damage|p1a: Keldeo|63/100
|
|upkeep
|turn|23
|
|t:|1734737864
|move|p1a: Keldeo|Scald|p2a: Jirachi
|-damage|p2a: Jirachi|40/100 par
|move|p2a: Jirachi|Body Slam|p1a: Keldeo
|-damage|p1a: Keldeo|32/100
|-status|p1a: Keldeo|par
|
|upkeep
|turn|24
|
|t:|1734737871
|cant|p1a: Keldeo|par
|move|p2a: Jirachi|Body Slam|p1a: Keldeo
|-damage|p1a: Keldeo|6/100 par
|
|upkeep
|turn|25
|
|t:|1734737876
|cant|p1a: Keldeo|par
|move|p2a: Jirachi|Body Slam|p1a: Keldeo
|-damage|p1a: Keldeo|0 fnt
|faint|p1a: Keldeo
|
|upkeep
|
|t:|1734737880
|switch|p1a: Garchomp|Garchomp, F|48/100
|turn|26
|
|t:|1734737886
|move|p1a: Garchomp|Earthquake|p2a: Jirachi
|-supereffective|p2a: Jirachi
|-damage|p2a: Jirachi|0 fnt
|faint|p2a: Jirachi
|-damage|p1a: Garchomp|38/100|[from] item: Life Orb
|
|upkeep
|
|t:|1734737887
|switch|p2a: Alakazam|Alakazam, F|100/100
|turn|27
|
|t:|1734737891
|switch|p1a: Jirachi|Jirachi|69/100
|move|p2a: Alakazam|Psyshock|p1a: Jirachi
|-resisted|p1a: Jirachi
|-damage|p1a: Jirachi|61/100
|
|-heal|p1a: Jirachi|67/100|[from] item: Leftovers
|upkeep
|turn|28
|
|t:|1734737894
|move|p2a: Alakazam|Thunder Wave|p1a: Jirachi
|-status|p1a: Jirachi|par
|move|p1a: Jirachi|Thunder Wave|p2a: Alakazam
|-status|p2a: Alakazam|par
|
|-heal|p1a: Jirachi|73/100 par|[from] item: Leftovers
|upkeep
|turn|29
|
|t:|1734737898
|move|p2a: Alakazam|Hidden Power|p1a: Jirachi
|-supereffective|p1a: Jirachi
|-damage|p1a: Jirachi|37/100 par
|move|p1a: Jirachi|U-turn|p2a: Alakazam
|-supereffective|p2a: Alakazam
|-damage|p2a: Alakazam|13/100 par
|
|t:|1734737901
|switch|p1a: Garchomp|Garchomp, F|38/100|[from] U-turn
|
|upkeep
|turn|30
|
|t:|1734737903
|move|p1a: Garchomp|Earthquake|p2a: Alakazam
|-damage|p2a: Alakazam|0 fnt
|faint|p2a: Alakazam
|-damage|p1a: Garchomp|29/100|[from] item: Life Orb
|
|win|HydreigonSpammer
|raw|HydreigonSpammer's rating: 1337 &rarr; <strong>1356</strong><br />(+19 for winning)
|raw|sattlebimulator's rating: 1324 &rarr; <strong>1305</strong><br />(-19 for losing)
