|j|☆duxincorporated
|j|☆spliffdiff
|t:|1726594299
|gametype|singles
|player|p1|duxincorporated|n|1271
|player|p2|spliffdiff|scientist-gen4|1420
|teamsize|p1|6
|teamsize|p2|6
|gen|5
|tier|[Gen 5] OU
|rated|
|rule|Species Clause: Limit one of each Pokémon
|rule|OHKO Clause: OHKO moves are banned
|rule|Moody Clause: Moody is banned
|rule|Evasion Items Clause: Evasion items are banned
|rule|Evasion Moves Clause: Evasion moves are banned
|rule|Endless Battle Clause: Forcing endless battles is banned
|rule|HP Percentage Mod: HP is shown in percentages
|rule|Evasion Abilities Clause: Evasion abilities are banned
|rule|Sleep Moves Clause: Sleep-inducing moves are banned
|rule|Swagger Clause: Swagger is banned
|rule|Baton Pass Stat Clause: No Baton Passer may have a way to boost its stats
|clearpoke
|poke|p1|Reuniclus, M|item
|poke|p1|Tyranitar, F|item
|poke|p1|Scizor, F|item
|poke|p1|Garchomp, F|item
|poke|p1|Landorus-Therian, M|item
|poke|p1|Thundurus-Therian, M|item
|poke|p2|Honchkrow, F|item
|poke|p2|Terrakion|item
|poke|p2|Garchomp, F|item
|poke|p2|Conkeldurr, F|item
|poke|p2|Keldeo-Resolute|item
|poke|p2|Gengar, M|item
|teampreview
|inactive|Battle timer is ON: inactive players will automatically lose when time's up. (requested by spliffdiff)
|inactive|duxincorporated has 120 seconds left.
|
|t:|1726594345
|start
|switch|p1a: Strong Bug.|Scizor, F, shiny|100/100
|switch|p2a: Terrakion|Terrakion|100/100
|turn|1
|
|t:|1726594349
|move|p2a: Terrakion|Stealth Rock|p1a: Strong Bug.
|-sidestart|p1: duxincorporated|move: Stealth Rock
|move|p1a: Strong Bug.|U-turn|p2a: Terrakion
|-resisted|p2a: Terrakion
|-damage|p2a: Terrakion|68/100
|
|t:|1726594364
|switch|p1a: Nuclear Baby|Reuniclus, M, shiny|100/100|[from] U-turn
|
|upkeep
|turn|2
|
|t:|1726594371
|move|p2a: Terrakion|Taunt|p1a: Nuclear Baby
|-start|p1a: Nuclear Baby|move: Taunt
|cant|p1a: Nuclear Baby|move: Taunt|Trick Room
|
|upkeep
|turn|3
|
|t:|1726594377
|switch|p2a: Honchkrow|Honchkrow, F|100/100
|move|p1a: Nuclear Baby|Focus Blast|p2a: Honchkrow
|-damage|p2a: Honchkrow|27/100
|
|upkeep
|turn|4
|
|t:|1726594384
|move|p2a: Honchkrow|Night Slash|p1a: Nuclear Baby
|-supereffective|p1a: Nuclear Baby
|-crit|p1a: Nuclear Baby
|-damage|p1a: Nuclear Baby|0 fnt
|faint|p1a: Nuclear Baby
|
|upkeep
|c|☆duxincorporated|no moxie?
|
|t:|1726594398
|switch|p1a: Strong Bug.|Scizor, F, shiny|100/100
|-damage|p1a: Strong Bug.|88/100|[from] Stealth Rock
|turn|5
|c|☆spliffdiff|Nope
|c|☆duxincorporated|interesting
|c|☆spliffdiff|super luck better
|inactive|spliffdiff has 120 seconds left.
|
|t:|1726594433
|move|p1a: Strong Bug.|Bullet Punch|p2a: Honchkrow
|-damage|p2a: Honchkrow|0 fnt
|faint|p2a: Honchkrow
|
|upkeep
|inactive|spliffdiff has 120 seconds left.
|c|☆duxincorporated|interseting
|
|t:|1726594444
|switch|p2a: Conkeldurr|Conkeldurr, F|100/100
|turn|6
|
|t:|1726594450
|switch|p1a: Pocket Knife|Landorus-Therian, M, shiny|100/100
|-damage|p1a: Pocket Knife|88/100|[from] Stealth Rock
|-ability|p1a: Pocket Knife|Intimidate|boost
|-unboost|p2a: Conkeldurr|atk|1
|move|p2a: Conkeldurr|Drain Punch|p1a: Pocket Knife
|-resisted|p1a: Pocket Knife
|-damage|p1a: Pocket Knife|73/100
|
|upkeep
|turn|7
|
|t:|1726594458
|move|p1a: Pocket Knife|Earthquake|p2a: Conkeldurr
|-damage|p2a: Conkeldurr|62/100
|move|p2a: Conkeldurr|Ice Punch|p1a: Pocket Knife
|-supereffective|p1a: Pocket Knife
|-enditem|p1a: Pocket Knife|Yache Berry|[eat]
|-enditem|p1a: Pocket Knife|Yache Berry|[weaken]
|-damage|p1a: Pocket Knife|23/100
|
|upkeep
|turn|8
|
|t:|1726594468
|switch|p2a: Gengar|Gengar, M|100/100
|move|p1a: Pocket Knife|U-turn|p2a: Gengar
|-resisted|p2a: Gengar
|-damage|p2a: Gengar|88/100
|
|t:|1726594474
|switch|p1a: C'mere baby girl|Tyranitar, F, shiny|100/100|[from] U-turn
|-damage|p1a: C'mere baby girl|88/100|[from] Stealth Rock
|-weather|Sandstorm|[from] ability: Sand Stream|[of] p1a: C'mere baby girl
|
|-weather|Sandstorm|[upkeep]
|-damage|p2a: Gengar|82/100|[from] Sandstorm
|upkeep
|turn|9
|
|t:|1726594476
|move|p2a: Gengar|Destiny Bond|p2a: Gengar
|-singlemove|p2a: Gengar|Destiny Bond
|move|p1a: C'mere baby girl|Pursuit|p2a: Gengar
|-supereffective|p2a: Gengar
|-damage|p2a: Gengar|0 fnt
|faint|p2a: Gengar
|-activate|p2a: Gengar|move: Destiny Bond
|faint|p1a: C'mere baby girl
|
|-weather|Sandstorm|[upkeep]
|upkeep
|
|t:|1726594489
|switch|p2a: Conkeldurr|Conkeldurr, F|62/100
|switch|p1a: Pocket Knife|Landorus-Therian, M, shiny|23/100
|-damage|p1a: Pocket Knife|11/100|[from] Stealth Rock
|-ability|p1a: Pocket Knife|Intimidate|boost
|-unboost|p2a: Conkeldurr|atk|1
|turn|10
|
|t:|1726594491
|move|p2a: Conkeldurr|Mach Punch|p1a: Pocket Knife
|-resisted|p1a: Pocket Knife
|-damage|p1a: Pocket Knife|2/100
|move|p1a: Pocket Knife|U-turn|p2a: Conkeldurr
|-resisted|p2a: Conkeldurr
|-damage|p2a: Conkeldurr|53/100
|
|t:|1726594498
|switch|p1a: Strong Bug.|Scizor, F, shiny|88/100|[from] U-turn
|-damage|p1a: Strong Bug.|76/100|[from] Stealth Rock
|
|-weather|Sandstorm|[upkeep]
|-damage|p2a: Conkeldurr|47/100|[from] Sandstorm
|upkeep
|turn|11
|
|t:|1726594505
|move|p1a: Strong Bug.|U-turn|p2a: Conkeldurr
|-resisted|p2a: Conkeldurr
|-crit|p2a: Conkeldurr
|-damage|p2a: Conkeldurr|7/100
|
|t:|1726594521
|switch|p1a: Pocket Knife|Landorus-Therian, M, shiny|2/100|[from] U-turn
|-damage|p1a: Pocket Knife|0 fnt|[from] Stealth Rock
|faint|p1a: Pocket Knife
|move|p2a: Conkeldurr|Drain Punch|p1: Pocket Knife|[notarget]
|-fail|p2a: Conkeldurr
|
|-weather|Sandstorm|[upkeep]
|-damage|p2a: Conkeldurr|0 fnt|[from] Sandstorm
|faint|p2a: Conkeldurr
|upkeep
|
|t:|1726594538
|switch|p1a: Strong Bug.|Scizor, F, shiny|76/100
|switch|p2a: Terrakion|Terrakion|68/100
|-damage|p1a: Strong Bug.|63/100|[from] Stealth Rock
|turn|12
|
|t:|1726594542
|move|p1a: Strong Bug.|Bullet Punch|p2a: Terrakion
|-supereffective|p2a: Terrakion
|-damage|p2a: Terrakion|0 fnt
|faint|p2a: Terrakion
|
|-weather|Sandstorm|[upkeep]
|upkeep
|
|t:|1726594547
|switch|p2a: Keldeo|Keldeo-Resolute|100/100
|turn|13
|
|t:|1726594553
|move|p1a: Strong Bug.|Bullet Punch|p2a: Keldeo
|-resisted|p2a: Keldeo
|-damage|p2a: Keldeo|71/100
|move|p2a: Keldeo|Surf|p1a: Strong Bug.
|-damage|p1a: Strong Bug.|0 fnt
|faint|p1a: Strong Bug.
|
|-weather|Sandstorm|[upkeep]
|-damage|p2a: Keldeo|65/100|[from] Sandstorm
|upkeep
|
|t:|1726594560
|switch|p1a: The Munchies.|Garchomp, F|100/100
|-damage|p1a: The Munchies.|94/100|[from] Stealth Rock
|turn|14
|
|t:|1726594566
|move|p1a: The Munchies.|Outrage|p2a: Keldeo
|-damage|p2a: Keldeo|0 fnt
|faint|p2a: Keldeo
|
|-weather|Sandstorm|[upkeep]
|upkeep
|
|t:|1726594569
|switch|p2a: Garchomp|Garchomp, F|100/100
|turn|15
|
|t:|1726594572
|move|p1a: The Munchies.|Outrage|p2a: Garchomp|[from]lockedmove
|-supereffective|p2a: Garchomp
|-damage|p2a: Garchomp|0 fnt
|-damage|p1a: The Munchies.|82/100|[from] ability: Rough Skin|[of] p2a: Garchomp
|faint|p2a: Garchomp
|-start|p1a: The Munchies.|confusion|[fatigue]
|
|win|duxincorporated
|raw|duxincorporated's rating: 1271 &rarr; <strong>1306</strong><br />(+35 for winning)
|raw|spliffdiff's rating: 1420 &rarr; <strong>1392</strong><br />(-28 for losing)
|l|☆spliffdiff
|player|p2|
