|j|☆Jellium
|j|☆XaviBun
|t:|1718151029
|gametype|singles
|player|p1|Jellium|scientist-gen4|1370
|player|p2|XaviBun|youngcouple-gen4dp|1323
|teamsize|p1|6
|teamsize|p2|6
|gen|5
|tier|[Gen 5] OU
|rated|
|rule|Species Clause: Limit one of each Pokémon
|rule|OHKO Clause: OHKO moves are banned
|rule|Moody Clause: Moody is banned
|rule|Evasion Items Clause: Evasion items are banned
|rule|Evasion Moves Clause: Evasion moves are banned
|rule|Endless Battle Clause: Forcing endless battles is banned
|rule|HP Percentage Mod: HP is shown in percentages
|rule|Evasion Abilities Clause: Evasion abilities are banned
|rule|Sleep Moves Clause: Sleep-inducing moves are banned
|rule|Swagger Clause: Swagger is banned
|rule|Baton Pass Stat Clause: No Baton Passer may have a way to boost its stats
|clearpoke
|poke|p1|Garchomp, F|item
|poke|p1|Volcarona, M|item
|poke|p1|Dragonite, M|item
|poke|p1|Breloom, M|item
|poke|p1|Starmie|item
|poke|p1|Scizor, M|item
|poke|p2|Tyranitar, M|item
|poke|p2|Mamoswine, M|item
|poke|p2|Keldeo|item
|poke|p2|Amoonguss, M|item
|poke|p2|Gliscor, F|item
|poke|p2|Excadrill, F|item
|teampreview
|inactive|Battle timer is ON: inactive players will automatically lose when time's up. (requested by XaviBun)
|j| Neighthan Trainer
|
|t:|1718151048
|start
|switch|p1a: Garchomp|Garchomp, F|100/100
|switch|p2a: Gliscor|Gliscor, F|100/100
|turn|1
|
|t:|1718151057
|move|p1a: Garchomp|Stealth Rock|p2a: Gliscor
|-sidestart|p2: XaviBun|move: Stealth Rock
|move|p2a: Gliscor|Stealth Rock|p1a: Garchomp
|-sidestart|p1: Jellium|move: Stealth Rock
|
|-status|p2a: Gliscor|tox|[from] item: Toxic Orb
|upkeep
|turn|2
|
|t:|1718151062
|move|p1a: Garchomp|Swords Dance|p1a: Garchomp
|-boost|p1a: Garchomp|atk|2
|move|p2a: Gliscor|U-turn|p1a: Garchomp
|-damage|p1a: Garchomp|86/100
|-damage|p2a: Gliscor|88/100 tox|[from] ability: Rough Skin|[of] p1a: Garchomp
|
|t:|1718151068
|switch|p2a: Mamoswine|Mamoswine, M|100/100|[from] U-turn
|-damage|p2a: Mamoswine|88/100|[from] Stealth Rock
|
|upkeep
|turn|3
|inactive|Jellium has 120 seconds left.
|inactive|Jellium has 90 seconds left.
|
|t:|1718151130
|move|p2a: Mamoswine|Ice Shard|p1a: Garchomp
|-supereffective|p1a: Garchomp
|-damage|p1a: Garchomp|0 fnt
|faint|p1a: Garchomp
|
|upkeep
|
|t:|1718151135
|switch|p1a: Starmie|Starmie|100/100
|-damage|p1a: Starmie|88/100|[from] Stealth Rock
|-item|p1a: Starmie|Air Balloon
|turn|4
|
|t:|1718151140
|move|p2a: Mamoswine|Ice Shard|p1a: Starmie
|-resisted|p1a: Starmie
|-damage|p1a: Starmie|61/100
|-enditem|p1a: Starmie|Air Balloon
|move|p1a: Starmie|Rapid Spin|p2a: Mamoswine
|-damage|p2a: Mamoswine|83/100
|-sideend|p1: Jellium|Stealth Rock|[from] move: Rapid Spin|[of] p1a: Starmie
|
|upkeep
|turn|5
|
|t:|1718151149
|switch|p2a: Tyranitar|Tyranitar, M|100/100
|-damage|p2a: Tyranitar|88/100|[from] Stealth Rock
|-weather|Sandstorm|[from] ability: Sand Stream|[of] p2a: Tyranitar
|move|p1a: Starmie|Hydro Pump|p2a: Tyranitar
|-supereffective|p2a: Tyranitar
|-damage|p2a: Tyranitar|15/100
|
|-weather|Sandstorm|[upkeep]
|-damage|p1a: Starmie|55/100|[from] Sandstorm
|upkeep
|turn|6
|inactive|Jellium has 120 seconds left.
|
|t:|1718151163
|move|p1a: Starmie|Ice Beam|p2a: Tyranitar
|-damage|p2a: Tyranitar|1/100
|move|p2a: Tyranitar|Crunch|p1a: Starmie
|-supereffective|p1a: Starmie
|-crit|p1a: Starmie
|-damage|p1a: Starmie|0 fnt
|faint|p1a: Starmie
|
|-weather|Sandstorm|[upkeep]
|upkeep
|
|t:|1718151175
|switch|p1a: Volcarona|Volcarona, M, shiny|100/100
|turn|7
|
|t:|1718151177
|move|p1a: Volcarona|Quiver Dance|p1a: Volcarona
|-boost|p1a: Volcarona|spa|1
|-boost|p1a: Volcarona|spd|1
|-boost|p1a: Volcarona|spe|1
|move|p2a: Tyranitar|Crunch|p1a: Volcarona
|-damage|p1a: Volcarona|43/100
|
|-weather|Sandstorm|[upkeep]
|-damage|p1a: Volcarona|36/100|[from] Sandstorm
|upkeep
|turn|8
|
|t:|1718151185
|move|p1a: Volcarona|Bug Buzz|p2a: Tyranitar
|-supereffective|p2a: Tyranitar
|-damage|p2a: Tyranitar|0 fnt
|faint|p2a: Tyranitar
|
|-weather|Sandstorm|[upkeep]
|-damage|p1a: Volcarona|30/100|[from] Sandstorm
|upkeep
|
|t:|1718151192
|switch|p2a: Mamoswine|Mamoswine, M|83/100
|-damage|p2a: Mamoswine|70/100|[from] Stealth Rock
|turn|9
|
|t:|1718151195
|move|p2a: Mamoswine|Ice Shard|p1a: Volcarona
|-resisted|p1a: Volcarona
|-damage|p1a: Volcarona|4/100
|move|p1a: Volcarona|Fire Blast|p2a: Mamoswine
|-supereffective|p2a: Mamoswine
|-damage|p2a: Mamoswine|0 fnt
|faint|p2a: Mamoswine
|
|-weather|Sandstorm|[upkeep]
|-damage|p1a: Volcarona|0 fnt|[from] Sandstorm
|faint|p1a: Volcarona
|upkeep
|
|t:|1718151211
|switch|p1a: Dragonite|Dragonite, M, shiny|100/100
|switch|p2a: Excadrill|Excadrill, F|100/100
|-damage|p2a: Excadrill|97/100|[from] Stealth Rock
|turn|10
|
|t:|1718151216
|move|p2a: Excadrill|Rapid Spin|p1a: Dragonite
|-damage|p1a: Dragonite|97/100
|-sideend|p2: XaviBun|Stealth Rock|[from] move: Rapid Spin|[of] p2a: Excadrill
|move|p1a: Dragonite|Dragon Dance|p1a: Dragonite
|-boost|p1a: Dragonite|atk|1
|-boost|p1a: Dragonite|spe|1
|
|-weather|Sandstorm|[upkeep]
|-damage|p1a: Dragonite|91/100|[from] Sandstorm
|-heal|p2a: Excadrill|100/100|[from] item: Leftovers
|upkeep
|turn|11
|
|t:|1718151228
|move|p1a: Dragonite|Dragon Dance|p1a: Dragonite
|-boost|p1a: Dragonite|atk|1
|-boost|p1a: Dragonite|spe|1
|move|p2a: Excadrill|Iron Head|p1a: Dragonite
|-damage|p1a: Dragonite|39/100
|
|-weather|Sandstorm|[upkeep]
|-damage|p1a: Dragonite|33/100|[from] Sandstorm
|upkeep
|turn|12
|
|t:|1718151235
|move|p1a: Dragonite|Fire Punch|p2a: Excadrill
|-supereffective|p2a: Excadrill
|-damage|p2a: Excadrill|0 fnt
|faint|p2a: Excadrill
|
|-weather|Sandstorm|[upkeep]
|-damage|p1a: Dragonite|27/100|[from] Sandstorm
|upkeep
|
|t:|1718151242
|switch|p2a: Keldeo|Keldeo|100/100
|turn|13
|
|t:|1718151245
|move|p1a: Dragonite|Outrage|p2a: Keldeo
|-damage|p2a: Keldeo|0 fnt
|faint|p2a: Keldeo
|
|-weather|Sandstorm|[upkeep]
|-damage|p1a: Dragonite|21/100|[from] Sandstorm
|upkeep
|
|t:|1718151251
|switch|p2a: Gliscor|Gliscor, F|88/100 tox
|turn|14
|
|t:|1718151254
|move|p1a: Dragonite|Outrage|p2a: Gliscor|[from]lockedmove
|-damage|p2a: Gliscor|0 fnt
|faint|p2a: Gliscor
|
|-weather|Sandstorm|[upkeep]
|-damage|p1a: Dragonite|15/100|[from] Sandstorm
|upkeep
|
|t:|1718151260
|switch|p2a: Amoonguss|Amoonguss, M|100/100
|turn|15
|
|t:|1718151263
|move|p1a: Dragonite|Outrage|p2a: Amoonguss|[from]lockedmove
|-damage|p2a: Amoonguss|0 fnt
|faint|p2a: Amoonguss
|-start|p1a: Dragonite|confusion|[fatigue]
|
|win|Jellium
|raw|Jellium's rating: 1370 &rarr; <strong>1387</strong><br />(+17 for winning)
|raw|XaviBun's rating: 1323 &rarr; <strong>1306</strong><br />(-17 for losing)
|l|☆XaviBun
|player|p2|
