|j|SweetPosho
|j|Enzito11
|player|p1|SweetPosho|2
|player|p2|Enzito11|80
|gametype|singles
|gen|5
|tier|[Gen 5] OU
|rated
|seed|43341,19935,31089,10071
|rule|Evasion Abilities Clause: Evasion abilities are banned
|rule|Baton Pass Clause: Limit one Baton Passer, can't pass Spe and other stats simultaneously
|rule|Swagger Clause: Swagger is banned
|clearpoke
|poke|p1|Politoed, F|item
|poke|p1|Ferrothorn, F|item
|poke|p1|Tornadus, M|item
|poke|p1|Starmie|item
|poke|p1|Garchomp, F|item
|poke|p1|Thundurus-Therian, M|item
|poke|p2|Alakazam, M|item
|poke|p2|Garchomp, M|item
|poke|p2|Ferrothorn, F|item
|poke|p2|Landorus-Therian, M|item
|poke|p2|Jellicent, M, shiny|item
|poke|p2|Tyranitar, F|item
|rule|Sleep Clause Mod: Limit one foe put to sleep
|rule|Species Clause: Limit one of each Pokémon
|rule|OHKO Clause: OHKO moves are banned
|rule|Moody Clause: Moody is banned
|rule|Evasion Moves Clause: Evasion moves are banned
|rule|Endless Battle Clause: Forcing endless battles is banned
|rule|HP Percentage Mod: HP is shown in percentages
|teampreview
|c|☆Enzito11|Hf oo
|c|☆SweetPosho|u2
|j|MassiveDestruction
|j|ZDen
|choice|team 6, team 2, team 3, team 4, team 5, team 1|team 4, team 2, team 3, team 1, team 5, team 6
|
|start
|switch|p1a: Thundurus|Thundurus-Therian, M|299/299
|switch|p2a: Landorus|Landorus-Therian, M|319/319
|-ability|p2a: Landorus|Intimidate|boost
|-unboost|p1a: Thundurus|atk|1
|turn|1
|c|☆Enzito11|Test
|c|☆Enzito11|Ain se murio posho
|c|☆Enzito11|Espanya ens roba
|c|☆Enzito11|Crackinola revive
|c|☆SweetPosho|perdón
|c|☆SweetPosho|estaba hablando en Skype xD
|c|☆SweetPosho|discord***
|c|☆SweetPosho|Skype sucks
|c|☆Enzito11|XDD
|c|☆SweetPosho|y esta mierda no me notifica
|choice|switch 2|switch 6
|
|switch|p2a: Tyranitar|Tyranitar, F|341/341
|-weather|Sandstorm|[from] ability: Sand Stream|[of] p2a: Tyranitar
|switch|p1a: Ferrothorn|Ferrothorn, F|351/351
|
|-weather|Sandstorm|[upkeep]
|upkeep
|turn|2
|c|☆Enzito11|skype in 2k17
|c| MassiveDestruction|porque no por discord? xd
|c|☆SweetPosho|he dicho discord :(
|choice|switch 6|move stealthrock
|
|switch|p1a: Politoed|Politoed, F|321/321
|-weather|RainDance|[from] ability: Drizzle|[of] p1a: Politoed
|move|p2a: Tyranitar|Stealth Rock|p1a: Politoed
|-sidestart|p1: SweetPosho|move: Stealth Rock
|
|-weather|RainDance|[upkeep]
|upkeep
|turn|3
|choice|switch 6|switch 3
|
|switch|p1a: Ferrothorn|Ferrothorn, F|351/351
|-damage|p1a: Ferrothorn|330/351|[from] Stealth Rock
|switch|p2a: Ferrothorn|Ferrothorn, F|351/351
|
|-weather|RainDance|[upkeep]
|-heal|p1a: Ferrothorn|351/351|[from] item: Leftovers
|upkeep
|turn|4
|c| MassiveDestruction|ah
|c| MassiveDestruction|no vi el " :v
|choice|move stealthrock|switch 3
|
|switch|p2a: Tyranitar|Tyranitar, F|341/341
|-weather|Sandstorm|[from] ability: Sand Stream|[of] p2a: Tyranitar
|move|p1a: Ferrothorn|Stealth Rock|p2a: Tyranitar
|-sidestart|p2: Enzito11|move: Stealth Rock
|
|-weather|Sandstorm|[upkeep]
|upkeep
|turn|5
|choice|switch 4|move crunch
|
|switch|p1a: Starmie|Starmie|261/261
|-damage|p1a: Starmie|229/261|[from] Stealth Rock
|move|p2a: Tyranitar|Crunch|p1a: Starmie
|-supereffective|p1a: Starmie
|-damage|p1a: Starmie|0 fnt
|faint|p1a: Starmie
|
|-weather|Sandstorm|[upkeep]
|upkeep
|choice|switch 6|
|
|switch|p1a: Politoed|Politoed, F|321/321
|-damage|p1a: Politoed|281/321|[from] Stealth Rock
|-weather|RainDance|[from] ability: Drizzle|[of] p1a: Politoed
|turn|6
|choice|switch 5|switch 5
|
|switch|p1a: Garchomp|Garchomp, F|360/360
|-damage|p1a: Garchomp|338/360|[from] Stealth Rock
|switch|p2a: Jellicent|Jellicent, M, shiny|403/403
|-damage|p2a: Jellicent|353/403|[from] Stealth Rock
|
|-weather|RainDance|[upkeep]
|-heal|p2a: Jellicent|378/403|[from] item: Leftovers
|upkeep
|turn|7
|choice|move substitute|move willowisp
|
|move|p1a: Garchomp|Substitute|p1a: Garchomp
|-start|p1a: Garchomp|Substitute
|-damage|p1a: Garchomp|248/360
|move|p2a: Jellicent|Will-O-Wisp|p1a: Garchomp
|-fail|p1a: Garchomp
|
|-weather|RainDance|[upkeep]
|-heal|p2a: Jellicent|403/403|[from] item: Leftovers
|upkeep
|turn|8
|choice|move swordsdance|move scald
|
|move|p1a: Garchomp|Swords Dance|p1a: Garchomp
|-boost|p1a: Garchomp|atk|2
|move|p2a: Jellicent|Scald|p1a: Garchomp
|-end|p1a: Garchomp|Substitute
|
|-weather|RainDance|[upkeep]
|upkeep
|turn|9
|choice|move earthquake|move scald
|
|move|p1a: Garchomp|Earthquake|p2a: Jellicent
|-damage|p2a: Jellicent|99/403
|move|p2a: Jellicent|Scald|p1a: Garchomp
|-crit|p1a: Garchomp
|-damage|p1a: Garchomp|0 fnt
|faint|p1a: Garchomp
|
|-weather|RainDance|[upkeep]
|-heal|p2a: Jellicent|124/403|[from] item: Leftovers
|upkeep
|choice|switch 3|
|
|switch|p1a: Tornadus|Tornadus, M|299/299
|-damage|p1a: Tornadus|225/299|[from] Stealth Rock
|turn|10
|c|☆Enzito11|srry
|c|☆SweetPosho|np
|c|☆Enzito11|x:
|choice|move hurricane|move scald
|
|move|p1a: Tornadus|Hurricane|p2a: Jellicent
|-damage|p2a: Jellicent|0 fnt
|faint|p2a: Jellicent
|
|-weather|RainDance|[upkeep]
|upkeep
|choice||switch 5
|
|switch|p2a: Tyranitar|Tyranitar, F|341/341
|-damage|p2a: Tyranitar|299/341|[from] Stealth Rock
|-weather|Sandstorm|[from] ability: Sand Stream|[of] p2a: Tyranitar
|turn|11
|choice|move focusblast|switch 6
|
|switch|p2a: Landorus|Landorus-Therian, M|319/319
|-damage|p2a: Landorus|280/319|[from] Stealth Rock
|-ability|p2a: Landorus|Intimidate|boost
|-unboost|p1a: Tornadus|atk|1
|move|p1a: Tornadus|Focus Blast|p2a: Landorus|[miss]
|-miss|p1a: Tornadus|p2a: Landorus
|
|-weather|Sandstorm|[upkeep]
|-damage|p1a: Tornadus|207/299|[from] sandstorm
|upkeep
|turn|12
|choice|move tailwind|move uturn
|
|move|p1a: Tornadus|Tailwind|p1a: Tornadus
|-sidestart|p1: SweetPosho|move: Tailwind
|move|p2a: Landorus|U-turn|p1a: Tornadus
|-resisted|p1a: Tornadus
|-damage|p1a: Tornadus|143/299
|c|☆Enzito11|Oo
|c|☆Enzito11|Cool
|choice||switch 3
|
|switch|p2a: Ferrothorn|Ferrothorn, F|351/351
|-damage|p2a: Ferrothorn|330/351|[from] Stealth Rock
|
|-weather|Sandstorm|[upkeep]
|-damage|p1a: Tornadus|125/299|[from] sandstorm
|-heal|p2a: Ferrothorn|351/351|[from] item: Leftovers
|upkeep
|turn|13
|choice|move uturn|move protect
|
|move|p2a: Ferrothorn|Protect|p2a: Ferrothorn
|-singleturn|p2a: Ferrothorn|Protect
|move|p1a: Tornadus|U-turn|p2a: Ferrothorn
|-activate|p2a: Ferrothorn|move: Protect
|
|-weather|Sandstorm|[upkeep]
|-damage|p1a: Tornadus|107/299|[from] sandstorm
|upkeep
|turn|14
|choice|move focusblast|move gyroball
|
|move|p1a: Tornadus|Focus Blast|p2a: Ferrothorn
|-supereffective|p2a: Ferrothorn
|-damage|p2a: Ferrothorn|147/351
|move|p2a: Ferrothorn|Gyro Ball|p1a: Tornadus
|-damage|p1a: Tornadus|0 fnt
|faint|p1a: Tornadus
|
|-weather|Sandstorm|[upkeep]
|-heal|p2a: Ferrothorn|168/351|[from] item: Leftovers
|upkeep
|choice|switch 2|
|
|switch|p1a: Thundurus|Thundurus-Therian, M|299/299
|-damage|p1a: Thundurus|225/299|[from] Stealth Rock
|turn|15
|choice|move focusblast|move leechseed
|
|move|p1a: Thundurus|Focus Blast|p2a: Ferrothorn
|-supereffective|p2a: Ferrothorn
|-damage|p2a: Ferrothorn|0 fnt
|faint|p2a: Ferrothorn
|
|-weather|Sandstorm|[upkeep]
|-damage|p1a: Thundurus|207/299|[from] sandstorm
|-sideend|p1: SweetPosho|move: Tailwind
|upkeep
|choice||switch 4
|
|switch|p2a: Alakazam|Alakazam, M|252/252
|turn|16
|j|Feliks✘✘
|choice|move thunder|move psychic
|
|move|p2a: Alakazam|Psychic|p1a: Thundurus
|-damage|p1a: Thundurus|0 fnt
|faint|p1a: Thundurus
|
|-weather|Sandstorm|[upkeep]
|upkeep
|j|shrewdg
|choice|switch 4|
|
|switch|p1a: Ferrothorn|Ferrothorn, F|351/351
|-damage|p1a: Ferrothorn|330/351|[from] Stealth Rock
|turn|17
|choice|move gyroball|move focusblast
|
|move|p2a: Alakazam|Focus Blast|p1a: Ferrothorn
|-supereffective|p1a: Ferrothorn
|-damage|p1a: Ferrothorn|138/351
|move|p1a: Ferrothorn|Gyro Ball|p2a: Alakazam
|-enditem|p2a: Alakazam|Focus Sash
|-damage|p2a: Alakazam|1/252
|
|-weather|Sandstorm|[upkeep]
|-heal|p1a: Ferrothorn|159/351|[from] item: Leftovers
|upkeep
|turn|18
|choice|move gyroball|move focusblast
|
|move|p2a: Alakazam|Focus Blast|p1a: Ferrothorn|[miss]
|-miss|p2a: Alakazam|p1a: Ferrothorn
|move|p1a: Ferrothorn|Gyro Ball|p2a: Alakazam
|-crit|p2a: Alakazam
|-damage|p2a: Alakazam|0 fnt
|faint|p2a: Alakazam
|
|-weather|Sandstorm|[upkeep]
|-heal|p1a: Ferrothorn|180/351|[from] item: Leftovers
|upkeep
|c| ZDen|falla
|c| Feliks✘✘|Hola Posho amiwo
|c| ZDen|ah mira xd
|c|☆SweetPosho|hola
|choice||switch 6
|
|switch|p2a: Tyranitar|Tyranitar, F|299/341
|-damage|p2a: Tyranitar|257/341|[from] Stealth Rock
|turn|19
|c| MassiveDestruction|anuma
|choice|switch 5|move superpower
|
|switch|p1a: Politoed|Politoed, F|281/321
|-damage|p1a: Politoed|241/321|[from] Stealth Rock
|-weather|RainDance|[from] ability: Drizzle|[of] p1a: Politoed
|move|p2a: Tyranitar|Superpower|p1a: Politoed
|-damage|p1a: Politoed|68/321
|-unboost|p2a: Tyranitar|atk|1
|-unboost|p2a: Tyranitar|def|1
|
|-weather|RainDance|[upkeep]
|upkeep
|turn|20
|c|☆Enzito11|Ola feliks
|choice|move surf|switch 3
|
|switch|p2a: Landorus|Landorus-Therian, M|280/319
|-damage|p2a: Landorus|241/319|[from] Stealth Rock
|-ability|p2a: Landorus|Intimidate|boost
|-unboost|p1a: Politoed|atk|1
|move|p1a: Politoed|Surf|p2a: Landorus
|-supereffective|p2a: Landorus
|-damage|p2a: Landorus|0 fnt
|faint|p2a: Landorus
|
|-weather|RainDance|[upkeep]
|upkeep
|c| Feliks✘✘|Ola Enzito11
|c| Feliks✘✘|uwu
|c| MassiveDestruction|k
|choice||switch 2
|
|switch|p2a: Garchomp|Garchomp, M|357/357
|-damage|p2a: Garchomp|335/357|[from] Stealth Rock
|turn|21
|c|☆SweetPosho|lol
|c| ZDen|k
|c|☆SweetPosho|por qué no
|c| ZDen|era
|c| MassiveDestruction|scarf politoed
|c| ZDen|al reves
|c|☆SweetPosho|sacrificar
|c|☆SweetPosho|a chomp
|c|☆SweetPosho|lol
|c| MassiveDestruction|porque no
|c| ZDen|x2
|c|☆Enzito11|XDD
|c| MassiveDestruction|sacrificar
|c|☆Enzito11|Jajajaja
|c| MassiveDestruction|tyranitar igual
|c| MassiveDestruction|entra land
|c| MassiveDestruction|y bare
|c|☆SweetPosho|ok chicos
|c| MassiveDestruction|barre
|c|☆SweetPosho|se viene
|c| ZDen|es que
|c| MassiveDestruction|se viene
|c|☆SweetPosho|el crit de dios
|c| MassiveDestruction|el critic
|c| ZDen|cmabio los sets
|c|☆Enzito11|Sin chokes no es divertido bruh
|c|☆Enzito11|:v
|choice|move surf|move earthquake
|
|move|p1a: Politoed|Surf|p2a: Garchomp
|-damage|p2a: Garchomp|128/357
|move|p2a: Garchomp|Earthquake|p1a: Politoed
|-damage|p1a: Politoed|0 fnt
|faint|p1a: Politoed
|
|-weather|RainDance|[upkeep]
|upkeep
|c|☆SweetPosho|ayyy
|c|☆SweetPosho|gg
|c| MassiveDestruction|bg
|choice|switch 5|
|
|switch|p1a: Ferrothorn|Ferrothorn, F|180/351
|-damage|p1a: Ferrothorn|159/351|[from] Stealth Rock
|turn|22
|c|☆Enzito11|No crit
|c|☆Enzito11|SAD
|c|☆SweetPosho|soy max defense
|c|☆SweetPosho|custap
|c|☆Enzito11|Gg poshin
|c|☆Enzito11|keppo
|c| ZDen|doble item
|choice|move gyroball|move earthquake
|
|move|p2a: Garchomp|Earthquake|p1a: Ferrothorn
|-damage|p1a: Ferrothorn|0 fnt
|faint|p1a: Ferrothorn
|
|win|Enzito11
|raw|SweetPosho's rating: 1462 &rarr; <strong>1436</strong><br />(-26 for losing)
|raw|Enzito11's rating: 1348 &rarr; <strong>1374</strong><br />(+26 for winning)
|c|☆Enzito11|Powar
|c| Feliks✘✘|lool es ladder de bw
|c|☆Enzito11|Sip
|l|SweetPosho
|l|shrewdg
|l|Feliks✘✘
|l|MassiveDestruction
|c| ZDen|rip
|l|ZDen