|j|☆sidis
|j|☆minutemaid13
|t:|1707633463
|gametype|singles
|player|p1|sidis|iris-gen5bw2|1270
|player|p2|minutemaid13|102|1390
|teamsize|p1|6
|teamsize|p2|6
|gen|5
|tier|[Gen 5] OU
|rated|
|rule|Species Clause: Limit one of each Pokémon
|rule|OHKO Clause: OHKO moves are banned
|rule|Moody Clause: Moody is banned
|rule|Evasion Items Clause: Evasion items are banned
|rule|Evasion Moves Clause: Evasion moves are banned
|rule|Endless Battle Clause: Forcing endless battles is banned
|rule|HP Percentage Mod: HP is shown in percentages
|rule|Evasion Abilities Clause: Evasion abilities are banned
|rule|Sleep Moves Clause: Sleep-inducing moves are banned
|rule|Swagger Clause: Swagger is banned
|rule|Baton Pass Stat Clause: No Baton Passer may have a way to boost its stats
|clearpoke
|poke|p1|Latios, M|item
|poke|p1|Gyarados, F|item
|poke|p1|Mamoswine, F|item
|poke|p1|Reuniclus, F|item
|poke|p1|Rotom-Wash|item
|poke|p1|Starmie|item
|poke|p2|Skarmory, M|item
|poke|p2|Blissey, F|mail
|poke|p2|Celebi|item
|poke|p2|Alakazam, F|item
|poke|p2|Gliscor, M|item
|poke|p2|Keldeo|item
|teampreview
|inactive|Battle timer is ON: inactive players will automatically lose when time's up. (requested by sidis)
|
|t:|1707633503
|start
|switch|p1a: Mamoswine|Mamoswine, F|100/100
|switch|p2a: Blissey|Blissey, F|100/100
|turn|1
|
|t:|1707633509
|switch|p2a: Skarmory|Skarmory, M|100/100
|move|p1a: Mamoswine|Stealth Rock|p2a: Skarmory
|-sidestart|p2: minutemaid13|move: Stealth Rock
|
|upkeep
|turn|2
|
|t:|1707633511
|move|p1a: Mamoswine|Icicle Crash|p2a: Skarmory
|-damage|p2a: Skarmory|69/100
|move|p2a: Skarmory|Spikes|p1a: Mamoswine
|-sidestart|p1: sidis|Spikes
|
|upkeep
|turn|3
|
|t:|1707633515
|move|p1a: Mamoswine|Icicle Crash|p2a: Skarmory
|-damage|p2a: Skarmory|38/100
|cant|p2a: Skarmory|flinch
|
|upkeep
|turn|4
|
|t:|1707633517
|move|p1a: Mamoswine|Icicle Crash|p2a: Skarmory
|-damage|p2a: Skarmory|8/100
|cant|p2a: Skarmory|flinch
|
|upkeep
|turn|5
|
|t:|1707633535
|switch|p2a: Keldeo|Keldeo|100/100
|-damage|p2a: Keldeo|94/100|[from] Stealth Rock
|move|p1a: Mamoswine|Ice Shard|p2a: Keldeo
|-resisted|p2a: Keldeo
|-damage|p2a: Keldeo|82/100
|
|upkeep
|turn|6
|
|t:|1707633541
|switch|p1a: Reuniclus|Reuniclus, F|100/100
|-damage|p1a: Reuniclus|88/100|[from] Spikes
|move|p2a: Keldeo|Secret Sword|p1a: Reuniclus
|-resisted|p1a: Reuniclus
|-damage|p1a: Reuniclus|53/100
|
|upkeep
|turn|7
|
|t:|1707633551
|switch|p2a: Celebi|Celebi|100/100
|-damage|p2a: Celebi|88/100|[from] Stealth Rock
|switch|p1a: Gyarados|Gyarados, F|100/100
|-ability|p1a: Gyarados|Intimidate|boost
|-unboost|p2a: Celebi|atk|1
|
|-heal|p2a: Celebi|94/100|[from] item: Leftovers
|upkeep
|turn|8
|
|t:|1707633556
|move|p1a: Gyarados|Substitute|p1a: Gyarados
|-start|p1a: Gyarados|Substitute
|-damage|p1a: Gyarados|76/100
|move|p2a: Celebi|Perish Song|p2a: Celebi
|-start|p1a: Gyarados|perish3|[silent]
|-start|p2a: Celebi|perish3|[silent]
|-fieldactivate|move: Perish Song
|
|-heal|p1a: Gyarados|82/100|[from] item: Leftovers
|-heal|p2a: Celebi|100/100|[from] item: Leftovers
|-start|p1a: Gyarados|perish3
|-start|p2a: Celebi|perish3
|upkeep
|turn|9
|
|t:|1707633567
|switch|p1a: Mamoswine|Mamoswine, F|100/100
|-damage|p1a: Mamoswine|88/100|[from] Spikes
|switch|p2a: Gliscor|Gliscor, M, shiny|100/100
|-damage|p2a: Gliscor|88/100|[from] Stealth Rock
|
|-status|p2a: Gliscor|tox|[from] item: Toxic Orb
|upkeep
|turn|10
|
|t:|1707633575
|move|p2a: Gliscor|Protect|p2a: Gliscor
|-singleturn|p2a: Gliscor|Protect
|move|p1a: Mamoswine|Icicle Crash|p2a: Gliscor
|-activate|p2a: Gliscor|move: Protect
|
|-heal|p2a: Gliscor|100/100 tox|[from] ability: Poison Heal
|upkeep
|turn|11
|
|t:|1707633579
|switch|p2a: Keldeo|Keldeo|82/100
|-damage|p2a: Keldeo|75/100|[from] Stealth Rock
|move|p1a: Mamoswine|Earthquake|p2a: Keldeo
|-damage|p2a: Keldeo|10/100
|
|upkeep
|turn|12
|
|t:|1707633584
|move|p1a: Mamoswine|Ice Shard|p2a: Keldeo
|-resisted|p2a: Keldeo
|-damage|p2a: Keldeo|0 fnt
|faint|p2a: Keldeo
|
|upkeep
|
|t:|1707633587
|switch|p2a: Alakazam|Alakazam, F|100/100
|turn|13
|
|t:|1707633589
|move|p1a: Mamoswine|Ice Shard|p2a: Alakazam
|-damage|p2a: Alakazam|49/100
|move|p2a: Alakazam|Focus Blast|p1a: Mamoswine
|-supereffective|p1a: Mamoswine
|-damage|p1a: Mamoswine|0 fnt
|faint|p1a: Mamoswine
|
|upkeep
|
|t:|1707633598
|switch|p1a: Rotom|Rotom-Wash|100/100
|turn|14
|
|t:|1707633607
|switch|p2a: Celebi|Celebi|100/100
|-damage|p2a: Celebi|88/100|[from] Stealth Rock
|move|p1a: Rotom|Volt Switch|p2a: Celebi
|-resisted|p2a: Celebi
|-damage|p2a: Celebi|80/100
|
|t:|1707633613
|switch|p1a: Starmie|Starmie|100/100|[from] Volt Switch
|-damage|p1a: Starmie|88/100|[from] Spikes
|
|-heal|p2a: Celebi|87/100|[from] item: Leftovers
|upkeep
|turn|15
|
|t:|1707633616
|move|p1a: Starmie|Ice Beam|p2a: Celebi
|-supereffective|p2a: Celebi
|-damage|p2a: Celebi|43/100
|-damage|p1a: Starmie|78/100|[from] item: Life Orb
|move|p2a: Celebi|Giga Drain|p1a: Starmie
|-supereffective|p1a: Starmie
|-damage|p1a: Starmie|7/100
|-heal|p2a: Celebi|66/100|[from] drain|[of] p1a: Starmie
|
|-heal|p2a: Celebi|73/100|[from] item: Leftovers
|upkeep
|turn|16
|
|t:|1707633621
|move|p1a: Starmie|Ice Beam|p2a: Celebi
|-supereffective|p2a: Celebi
|-damage|p2a: Celebi|30/100
|-damage|p1a: Starmie|0 fnt|[from] item: Life Orb
|faint|p1a: Starmie
|move|p2a: Celebi|Recover|p2a: Celebi
|-heal|p2a: Celebi|81/100
|
|-heal|p2a: Celebi|87/100|[from] item: Leftovers
|upkeep
|
|t:|1707633635
|switch|p1a: Reuniclus|Reuniclus, F|86/100
|-damage|p1a: Reuniclus|74/100|[from] Spikes
|turn|17
|
|t:|1707633638
|move|p2a: Celebi|Perish Song|p2a: Celebi
|-start|p1a: Reuniclus|perish3|[silent]
|-start|p2a: Celebi|perish3|[silent]
|-fieldactivate|move: Perish Song
|move|p1a: Reuniclus|Shadow Ball|p2a: Celebi
|-supereffective|p2a: Celebi
|-damage|p2a: Celebi|40/100
|-unboost|p2a: Celebi|spd|1
|
|-heal|p2a: Celebi|46/100|[from] item: Leftovers
|-start|p2a: Celebi|perish3
|-start|p1a: Reuniclus|perish3
|upkeep
|turn|18
|
|t:|1707633642
|switch|p1a: Gyarados|Gyarados, F|82/100
|-ability|p1a: Gyarados|Intimidate|boost
|-unboost|p2a: Celebi|atk|1
|move|p2a: Celebi|Recover|p2a: Celebi
|-heal|p2a: Celebi|97/100
|
|-heal|p1a: Gyarados|88/100|[from] item: Leftovers
|-heal|p2a: Celebi|100/100|[from] item: Leftovers
|-start|p2a: Celebi|perish2
|upkeep
|turn|19
|
|t:|1707633648
|switch|p1a: Reuniclus|Reuniclus, F|100/100
|-damage|p1a: Reuniclus|88/100|[from] Spikes
|move|p2a: Celebi|Perish Song|p2a: Celebi
|-start|p1a: Reuniclus|perish3|[silent]
|-fieldactivate|move: Perish Song
|
|-start|p2a: Celebi|perish1
|-start|p1a: Reuniclus|perish3
|upkeep
|turn|20
|
|t:|1707633656
|switch|p2a: Blissey|Blissey, F|100/100
|-damage|p2a: Blissey|88/100|[from] Stealth Rock
|switch|p1a: Gyarados|Gyarados, F|88/100
|-ability|p1a: Gyarados|Intimidate|boost
|-unboost|p2a: Blissey|atk|1
|
|-heal|p1a: Gyarados|94/100|[from] item: Leftovers
|upkeep
|turn|21
|
|t:|1707633663
|move|p1a: Gyarados|Substitute|p1a: Gyarados
|-start|p1a: Gyarados|Substitute
|-damage|p1a: Gyarados|69/100
|move|p2a: Blissey|Seismic Toss|p1a: Gyarados
|-end|p1a: Gyarados|Substitute
|
|-heal|p1a: Gyarados|75/100|[from] item: Leftovers
|upkeep
|turn|22
|
|t:|1707633668
|move|p1a: Gyarados|Dragon Dance|p1a: Gyarados
|-boost|p1a: Gyarados|atk|1
|-boost|p1a: Gyarados|spe|1
|move|p2a: Blissey|Toxic|p1a: Gyarados
|-status|p1a: Gyarados|tox
|
|-heal|p1a: Gyarados|81/100 tox|[from] item: Leftovers
|-damage|p1a: Gyarados|75/100 tox|[from] psn
|upkeep
|turn|23
|
|t:|1707633687
|switch|p2a: Celebi|Celebi|100/100
|-damage|p2a: Celebi|88/100|[from] Stealth Rock
|move|p1a: Gyarados|Waterfall|p2a: Celebi
|-resisted|p2a: Celebi
|-damage|p2a: Celebi|62/100
|
|-heal|p1a: Gyarados|81/100 tox|[from] item: Leftovers
|-heal|p2a: Celebi|68/100|[from] item: Leftovers
|-damage|p1a: Gyarados|69/100 tox|[from] psn
|upkeep
|turn|24
|
|t:|1707633694
|move|p1a: Gyarados|Waterfall|p2a: Celebi
|-resisted|p2a: Celebi
|-damage|p2a: Celebi|41/100
|move|p2a: Celebi|Recover|p2a: Celebi
|-heal|p2a: Celebi|91/100
|
|-heal|p1a: Gyarados|75/100 tox|[from] item: Leftovers
|-heal|p2a: Celebi|97/100|[from] item: Leftovers
|-damage|p1a: Gyarados|57/100 tox|[from] psn
|upkeep
|turn|25
|
|t:|1707633698
|move|p1a: Gyarados|Waterfall|p2a: Celebi
|-resisted|p2a: Celebi
|-damage|p2a: Celebi|68/100
|move|p2a: Celebi|Perish Song|p2a: Celebi
|-start|p1a: Gyarados|perish3|[silent]
|-start|p2a: Celebi|perish3|[silent]
|-fieldactivate|move: Perish Song
|
|-heal|p1a: Gyarados|63/100 tox|[from] item: Leftovers
|-heal|p2a: Celebi|74/100|[from] item: Leftovers
|-damage|p1a: Gyarados|39/100 tox|[from] psn
|-start|p1a: Gyarados|perish3
|-start|p2a: Celebi|perish3
|upkeep
|turn|26
|
|t:|1707633701
|move|p1a: Gyarados|Waterfall|p2a: Celebi
|-resisted|p2a: Celebi
|-crit|p2a: Celebi
|-damage|p2a: Celebi|20/100
|cant|p2a: Celebi|flinch
|
|-heal|p1a: Gyarados|45/100 tox|[from] item: Leftovers
|-heal|p2a: Celebi|26/100|[from] item: Leftovers
|-damage|p1a: Gyarados|15/100 tox|[from] psn
|-start|p1a: Gyarados|perish2
|-start|p2a: Celebi|perish2
|upkeep
|turn|27
|
|t:|1707633719
|switch|p2a: Skarmory|Skarmory, M|8/100
|-damage|p2a: Skarmory|0 fnt|[from] Stealth Rock
|faint|p2a: Skarmory
|move|p1a: Gyarados|Waterfall|p2: Skarmory|[notarget]
|-fail|p1a: Gyarados
|
|-heal|p1a: Gyarados|21/100 tox|[from] item: Leftovers
|-damage|p1a: Gyarados|0 fnt|[from] psn
|faint|p1a: Gyarados
|upkeep
|
|t:|1707633728
|switch|p1a: Latios|Latios, M|100/100
|switch|p2a: Gliscor|Gliscor, M, shiny|100/100 tox
|-damage|p2a: Gliscor|88/100 tox|[from] Stealth Rock
|turn|28
|
|t:|1707633741
|move|p2a: Gliscor|Protect|p2a: Gliscor
|-singleturn|p2a: Gliscor|Protect
|move|p1a: Latios|Dragon Dance|p1a: Latios
|-boost|p1a: Latios|atk|1
|-boost|p1a: Latios|spe|1
|
|-heal|p2a: Gliscor|100/100 tox|[from] ability: Poison Heal
|upkeep
|turn|29
|
|t:|1707633747
|move|p1a: Latios|Ice Beam|p2a: Gliscor
|-supereffective|p2a: Gliscor
|-damage|p2a: Gliscor|0 fnt
|faint|p2a: Gliscor
|-damage|p1a: Latios|91/100|[from] item: Life Orb
|
|upkeep
|
|t:|1707633754
|switch|p2a: Blissey|Blissey, F|88/100
|-damage|p2a: Blissey|75/100|[from] Stealth Rock
|turn|30
|-message|minutemaid13 forfeited.
|
|win|sidis
|raw|sidis's rating: 1270 &rarr; <strong>1303</strong><br />(+33 for winning)
|raw|minutemaid13's rating: 1390 &rarr; <strong>1363</strong><br />(-27 for losing)
