|j|‽salaqisqis
|j|☆cdrgcde
|t:|1744370466
|gametype|singles
|player|p1|salaqisqis|pokemonbreeder-gen4|1529
|player|p2|cdrgcde|pokekid|1359
|teamsize|p1|6
|teamsize|p2|6
|gen|5
|tier|[Gen 5] OU
|rated|
|rule|Species Clause: Limit one of each Pokémon
|rule|OHKO Clause: OHKO moves are banned
|rule|Moody Clause: Moody is banned
|rule|Evasion Items Clause: Evasion items are banned
|rule|Evasion Moves Clause: Evasion moves are banned
|rule|Endless Battle Clause: Forcing endless battles is banned
|rule|HP Percentage Mod: HP is shown in percentages
|rule|Evasion Abilities Clause: Evasion abilities are banned
|rule|Sleep Moves Clause: Sleep-inducing moves are banned
|rule|Swagger Clause: Swagger is banned
|rule|Baton Pass Stat Clause: No Baton Passer may have a way to boost its stats
|clearpoke
|poke|p1|Gyarados, F|item
|poke|p1|Excadrill, F|item
|poke|p1|Latios, M|item
|poke|p1|Gengar, F|item
|poke|p1|Dragonite, M|item
|poke|p1|Jirachi|item
|poke|p2|Abomasnow, M|item
|poke|p2|Gliscor, M|item
|poke|p2|Forretress, M|item
|poke|p2|Jirachi|item
|poke|p2|Kyurem-Black|item
|poke|p2|Jellicent, M|item
|teampreview
|inactive|Battle timer is ON: inactive players will automatically lose when time's up. (requested by cdrgcde)
|
|t:|1744370482
|start
|switch|p1a: Excadrill|Excadrill, F|100/100
|switch|p2a: Abomasnow|Abomasnow, M|100/100
|-ability|p1a: Excadrill|Mold Breaker
|-item|p1a: Excadrill|Air Balloon
|-weather|Hail|[from] ability: Snow Warning|[of] p2a: Abomasnow
|turn|1
|
|t:|1744370485
|switch|p2a: Gliscor|Gliscor, M|100/100
|move|p1a: Excadrill|Stealth Rock|p2a: Gliscor
|-sidestart|p2: cdrgcde|move: Stealth Rock
|
|-weather|Hail|[upkeep]
|-damage|p1a: Excadrill|94/100|[from] Hail
|-damage|p2a: Gliscor|94/100|[from] Hail
|-status|p2a: Gliscor|tox|[from] item: Toxic Orb
|upkeep
|turn|2
|
|t:|1744370491
|switch|p1a: Gyarados|Gyarados, F|100/100
|-ability|p1a: Gyarados|Intimidate|boost
|-unboost|p2a: Gliscor|atk|1
|move|p2a: Gliscor|Stealth Rock|p1a: Gyarados
|-sidestart|p1: salaqisqis|move: Stealth Rock
|
|-weather|Hail|[upkeep]
|-damage|p1a: Gyarados|94/100|[from] Hail
|-damage|p2a: Gliscor|88/100 tox|[from] Hail
|-heal|p1a: Gyarados|100/100|[from] item: Leftovers
|-heal|p2a: Gliscor|100/100 tox|[from] ability: Poison Heal
|upkeep
|turn|3
|
|t:|1744370502
|switch|p2a: Jellicent|Jellicent, M|100/100
|-damage|p2a: Jellicent|88/100|[from] Stealth Rock
|move|p1a: Gyarados|Dragon Dance|p1a: Gyarados
|-boost|p1a: Gyarados|atk|1
|-boost|p1a: Gyarados|spe|1
|
|-weather|Hail|[upkeep]
|-damage|p1a: Gyarados|94/100|[from] Hail
|-damage|p2a: Jellicent|82/100|[from] Hail
|-heal|p1a: Gyarados|100/100|[from] item: Leftovers
|-heal|p2a: Jellicent|88/100|[from] item: Leftovers
|upkeep
|turn|4
|
|t:|1744370505
|move|p1a: Gyarados|Taunt|p2a: Jellicent
|-start|p2a: Jellicent|move: Taunt
|cant|p2a: Jellicent|move: Taunt|Will-O-Wisp
|
|-weather|Hail|[upkeep]
|-damage|p1a: Gyarados|94/100|[from] Hail
|-damage|p2a: Jellicent|82/100|[from] Hail
|-heal|p1a: Gyarados|100/100|[from] item: Leftovers
|-heal|p2a: Jellicent|88/100|[from] item: Leftovers
|upkeep
|turn|5
|
|t:|1744370507
|move|p1a: Gyarados|Dragon Dance|p1a: Gyarados
|-boost|p1a: Gyarados|atk|1
|-boost|p1a: Gyarados|spe|1
|move|p2a: Jellicent|Night Shade|p1a: Gyarados
|-damage|p1a: Gyarados|70/100
|
|-weather|Hail|[upkeep]
|-damage|p1a: Gyarados|64/100|[from] Hail
|-damage|p2a: Jellicent|82/100|[from] Hail
|-heal|p1a: Gyarados|70/100|[from] item: Leftovers
|-heal|p2a: Jellicent|88/100|[from] item: Leftovers
|upkeep
|turn|6
|
|t:|1744370513
|move|p1a: Gyarados|Bounce||[still]
|-prepare|p1a: Gyarados|Bounce
|move|p2a: Jellicent|Night Shade|p1a: Gyarados|[miss]
|-miss|p2a: Jellicent|p1a: Gyarados
|
|-weather|Hail|[upkeep]
|-damage|p1a: Gyarados|64/100|[from] Hail
|-damage|p2a: Jellicent|82/100|[from] Hail
|-heal|p1a: Gyarados|70/100|[from] item: Leftovers
|-heal|p2a: Jellicent|88/100|[from] item: Leftovers
|-end|p2a: Jellicent|move: Taunt
|upkeep
|turn|7
|
|t:|1744370519
|move|p1a: Gyarados|Bounce|p2a: Jellicent|[from] lockedmove|[miss]
|-miss|p1a: Gyarados|p2a: Jellicent
|move|p2a: Jellicent|Will-O-Wisp|p1a: Gyarados
|-status|p1a: Gyarados|brn
|
|-weather|Hail|[upkeep]
|-damage|p1a: Gyarados|64/100 brn|[from] Hail
|-damage|p2a: Jellicent|82/100|[from] Hail
|-heal|p1a: Gyarados|70/100 brn|[from] item: Leftovers
|-heal|p2a: Jellicent|88/100|[from] item: Leftovers
|-damage|p1a: Gyarados|58/100 brn|[from] brn
|upkeep
|turn|8
|
|t:|1744370537
|switch|p1a: Latios|Latios, M|100/100
|-damage|p1a: Latios|88/100|[from] Stealth Rock
|move|p2a: Jellicent|Night Shade|p1a: Latios
|-damage|p1a: Latios|55/100
|
|-weather|Hail|[upkeep]
|-damage|p1a: Latios|49/100|[from] Hail
|-damage|p2a: Jellicent|82/100|[from] Hail
|-heal|p2a: Jellicent|88/100|[from] item: Leftovers
|upkeep
|turn|9
|
|t:|1744370543
|switch|p2a: Jirachi|Jirachi|100/100
|-damage|p2a: Jirachi|94/100|[from] Stealth Rock
|move|p1a: Latios|Trick|p2a: Jirachi
|-activate|p1a: Latios|move: Trick|[of] p2a: Jirachi
|-item|p2a: Jirachi|Choice Scarf|[from] move: Trick
|-item|p1a: Latios|Leftovers|[from] move: Trick
|
|-weather|Hail|[upkeep]
|-damage|p2a: Jirachi|88/100|[from] Hail
|-damage|p1a: Latios|43/100|[from] Hail
|-heal|p1a: Latios|49/100|[from] item: Leftovers
|upkeep
|turn|10
|
|t:|1744370555
|switch|p1a: Gyarados|Gyarados, F|58/100 brn
|-damage|p1a: Gyarados|33/100 brn|[from] Stealth Rock
|-ability|p1a: Gyarados|Intimidate|boost
|-unboost|p2a: Jirachi|atk|1
|move|p2a: Jirachi|Iron Head|p1a: Gyarados
|-resisted|p1a: Gyarados
|-damage|p1a: Gyarados|21/100 brn
|
|-weather|Hail|[upkeep]
|-damage|p2a: Jirachi|82/100|[from] Hail
|-damage|p1a: Gyarados|15/100 brn|[from] Hail
|-heal|p1a: Gyarados|21/100 brn|[from] item: Leftovers
|-damage|p1a: Gyarados|9/100 brn|[from] brn
|upkeep
|turn|11
|
|t:|1744370561
|move|p2a: Jirachi|Iron Head|p1a: Gyarados
|-resisted|p1a: Gyarados
|-damage|p1a: Gyarados|0 fnt
|faint|p1a: Gyarados
|
|-weather|Hail|[upkeep]
|-damage|p2a: Jirachi|76/100|[from] Hail
|upkeep
|
|t:|1744370563
|switch|p1a: Excadrill|Excadrill, F|94/100
|-damage|p1a: Excadrill|91/100|[from] Stealth Rock
|-ability|p1a: Excadrill|Mold Breaker
|-item|p1a: Excadrill|Air Balloon
|turn|12
|
|t:|1744370571
|switch|p2a: Gliscor|Gliscor, M|100/100 tox
|-damage|p2a: Gliscor|88/100 tox|[from] Stealth Rock
|move|p1a: Excadrill|Earthquake|p2a: Gliscor
|-immune|p2a: Gliscor
|
|-weather|Hail|[upkeep]
|-damage|p1a: Excadrill|85/100|[from] Hail
|-damage|p2a: Gliscor|82/100 tox|[from] Hail
|-heal|p2a: Gliscor|94/100 tox|[from] ability: Poison Heal
|upkeep
|turn|13
|
|t:|1744370575
|move|p1a: Excadrill|Rapid Spin|p2a: Gliscor
|-damage|p2a: Gliscor|89/100 tox
|-sideend|p1: salaqisqis|Stealth Rock|[from] move: Rapid Spin|[of] p1a: Excadrill
|move|p2a: Gliscor|Knock Off|p1a: Excadrill
|-resisted|p1a: Excadrill
|-damage|p1a: Excadrill|82/100
|-enditem|p1a: Excadrill|Air Balloon
|
|-weather|Hail|[upkeep]
|-damage|p1a: Excadrill|76/100|[from] Hail
|-damage|p2a: Gliscor|83/100 tox|[from] Hail
|-heal|p2a: Gliscor|95/100 tox|[from] ability: Poison Heal
|upkeep
|turn|14
|
|t:|1744370580
|switch|p1a: Jirachi|Jirachi|100/100
|move|p2a: Gliscor|Stealth Rock|p1a: Jirachi
|-sidestart|p1: salaqisqis|move: Stealth Rock
|
|-weather|Hail|[upkeep]
|-damage|p1a: Jirachi|94/100|[from] Hail
|-damage|p2a: Gliscor|89/100 tox|[from] Hail
|-heal|p2a: Gliscor|100/100 tox|[from] ability: Poison Heal
|upkeep
|turn|15
|
|t:|1744370585
|move|p2a: Gliscor|Protect|p2a: Gliscor
|-singleturn|p2a: Gliscor|Protect
|move|p1a: Jirachi|Water Pulse|p2a: Gliscor
|-activate|p2a: Gliscor|move: Protect
|
|-weather|Hail|[upkeep]
|-damage|p1a: Jirachi|88/100|[from] Hail
|-damage|p2a: Gliscor|94/100 tox|[from] Hail
|-heal|p2a: Gliscor|100/100 tox|[from] ability: Poison Heal
|upkeep
|turn|16
|
|t:|1744370594
|move|p1a: Jirachi|Icy Wind|p2a: Gliscor
|-supereffective|p2a: Gliscor
|-damage|p2a: Gliscor|27/100 tox
|-unboost|p2a: Gliscor|spe|1
|move|p2a: Gliscor|Earthquake|p1a: Jirachi
|-supereffective|p1a: Jirachi
|-enditem|p1a: Jirachi|Shuca Berry|[eat]
|-enditem|p1a: Jirachi|Shuca Berry|[weaken]
|-damage|p1a: Jirachi|60/100
|
|-weather|Hail|[upkeep]
|-damage|p1a: Jirachi|54/100|[from] Hail
|-damage|p2a: Gliscor|20/100 tox|[from] Hail
|-heal|p2a: Gliscor|33/100 tox|[from] ability: Poison Heal
|upkeep
|turn|17
|
|t:|1744370602
|switch|p2a: Kyurem|Kyurem-Black|100/100
|-damage|p2a: Kyurem|76/100|[from] Stealth Rock
|-ability|p2a: Kyurem|Teravolt
|move|p1a: Jirachi|Icy Wind|p2a: Kyurem
|-damage|p2a: Kyurem|58/100
|-unboost|p2a: Kyurem|spe|1
|
|-weather|Hail|[upkeep]
|-damage|p1a: Jirachi|48/100|[from] Hail
|-heal|p2a: Kyurem|64/100|[from] item: Leftovers
|upkeep
|turn|18
|
|t:|1744370616
|switch|p1a: Latios|Latios, M|49/100
|-damage|p1a: Latios|37/100|[from] Stealth Rock
|move|p2a: Kyurem|Roost|p2a: Kyurem
|-heal|p2a: Kyurem|100/100
|-singleturn|p2a: Kyurem|move: Roost
|
|-weather|Hail|[upkeep]
|-damage|p1a: Latios|31/100|[from] Hail
|-heal|p1a: Latios|37/100|[from] item: Leftovers
|upkeep
|turn|19
|
|t:|1744370622
|switch|p2a: Jirachi|Jirachi|76/100
|-damage|p2a: Jirachi|70/100|[from] Stealth Rock
|move|p1a: Latios|Draco Meteor|p2a: Jirachi|[miss]
|-miss|p1a: Latios|p2a: Jirachi
|
|-weather|Hail|[upkeep]
|-damage|p2a: Jirachi|63/100|[from] Hail
|-damage|p1a: Latios|31/100|[from] Hail
|-heal|p1a: Latios|37/100|[from] item: Leftovers
|upkeep
|turn|20
|
|t:|1744370631
|switch|p1a: Jirachi|Jirachi|48/100
|-damage|p1a: Jirachi|41/100|[from] Stealth Rock
|move|p2a: Jirachi|Wish|p2a: Jirachi
|
|-weather|Hail|[upkeep]
|-damage|p2a: Jirachi|57/100|[from] Hail
|-damage|p1a: Jirachi|35/100|[from] Hail
|upkeep
|turn|21
|
|t:|1744370635
|switch|p2a: Kyurem|Kyurem-Black|100/100
|-damage|p2a: Kyurem|76/100|[from] Stealth Rock
|-ability|p2a: Kyurem|Teravolt
|move|p1a: Jirachi|Thunder|p2a: Kyurem|[miss]
|-miss|p1a: Jirachi|p2a: Kyurem
|
|-weather|Hail|[upkeep]
|-damage|p1a: Jirachi|29/100|[from] Hail
|-heal|p2a: Kyurem|100/100|[from] move: Wish|[wisher] Jirachi
|upkeep
|turn|22
|j| chokewayne
|
|t:|1744370650
|switch|p1a: Excadrill|Excadrill, F|76/100
|-damage|p1a: Excadrill|73/100|[from] Stealth Rock
|-ability|p1a: Excadrill|Mold Breaker
|move|p2a: Kyurem|Substitute|p2a: Kyurem
|-start|p2a: Kyurem|Substitute
|-damage|p2a: Kyurem|76/100
|
|-weather|Hail|[upkeep]
|-damage|p1a: Excadrill|67/100|[from] Hail
|-heal|p2a: Kyurem|82/100|[from] item: Leftovers
|upkeep
|turn|23
|l| chokewayne
|
|t:|1744370655
|move|p1a: Excadrill|Rapid Spin|p2a: Kyurem
|-activate|p2a: Kyurem|Substitute|[damage]
|-sideend|p1: salaqisqis|Stealth Rock|[from] move: Rapid Spin|[of] p1a: Excadrill
|move|p2a: Kyurem|Ice Beam|p1a: Excadrill
|-damage|p1a: Excadrill|0 fnt
|faint|p1a: Excadrill
|
|-weather|Hail|[upkeep]
|-heal|p2a: Kyurem|88/100|[from] item: Leftovers
|upkeep
|
|t:|1744370663
|switch|p1a: Jirachi|Jirachi|29/100
|turn|24
|
|t:|1744370668
|move|p2a: Kyurem|Ice Beam|p1a: Jirachi
|-resisted|p1a: Jirachi
|-damage|p1a: Jirachi|7/100
|move|p1a: Jirachi|Icy Wind|p2a: Kyurem
|-crit|p2a: Kyurem
|-end|p2a: Kyurem|Substitute
|
|-weather|Hail|[upkeep]
|-damage|p1a: Jirachi|1/100|[from] Hail
|-heal|p2a: Kyurem|94/100|[from] item: Leftovers
|upkeep
|turn|25
|
|t:|1744370676
|move|p2a: Kyurem|Substitute|p2a: Kyurem
|-start|p2a: Kyurem|Substitute
|-damage|p2a: Kyurem|69/100
|move|p1a: Jirachi|Icy Wind|p2a: Kyurem
|-activate|p2a: Kyurem|Substitute|[damage]
|
|-weather|Hail|[upkeep]
|-damage|p1a: Jirachi|0 fnt|[from] Hail
|faint|p1a: Jirachi
|-heal|p2a: Kyurem|75/100|[from] item: Leftovers
|upkeep
|
|t:|1744370680
|switch|p1a: Latios|Latios, M|37/100
|turn|26
|
|t:|1744370686
|move|p1a: Latios|Dragon Pulse|p2a: Kyurem
|-supereffective|p2a: Kyurem
|-crit|p2a: Kyurem
|-end|p2a: Kyurem|Substitute
|move|p2a: Kyurem|Substitute|p2a: Kyurem
|-start|p2a: Kyurem|Substitute
|-damage|p2a: Kyurem|50/100
|
|-weather|Hail|[upkeep]
|-damage|p1a: Latios|31/100|[from] Hail
|-heal|p1a: Latios|37/100|[from] item: Leftovers
|-heal|p2a: Kyurem|57/100|[from] item: Leftovers
|upkeep
|turn|27
|
|t:|1744370692
|move|p1a: Latios|Dragon Pulse|p2a: Kyurem
|-supereffective|p2a: Kyurem
|-end|p2a: Kyurem|Substitute
|move|p2a: Kyurem|Ice Beam|p1a: Latios
|-supereffective|p1a: Latios
|-damage|p1a: Latios|0 fnt
|faint|p1a: Latios
|
|-weather|Hail|[upkeep]
|-heal|p2a: Kyurem|63/100|[from] item: Leftovers
|upkeep
|
|t:|1744370696
|switch|p1a: Gengar|Gengar, F|100/100
|turn|28
|
|t:|1744370699
|move|p1a: Gengar|Substitute|p1a: Gengar
|-start|p1a: Gengar|Substitute
|-damage|p1a: Gengar|76/100
|move|p2a: Kyurem|Ice Beam|p1a: Gengar
|-end|p1a: Gengar|Substitute
|
|-weather|Hail|[upkeep]
|-damage|p1a: Gengar|69/100|[from] Hail
|-heal|p1a: Gengar|76/100|[from] item: Black Sludge
|-heal|p2a: Kyurem|69/100|[from] item: Leftovers
|upkeep
|turn|29
|
|t:|1744370703
|move|p1a: Gengar|Disable|p2a: Kyurem
|-start|p2a: Kyurem|Disable|Ice Beam
|cant|p2a: Kyurem|Disable|Ice Beam
|
|-weather|Hail|[upkeep]
|-damage|p1a: Gengar|69/100|[from] Hail
|-heal|p1a: Gengar|76/100|[from] item: Black Sludge
|-heal|p2a: Kyurem|75/100|[from] item: Leftovers
|upkeep
|turn|30
|
|t:|1744370713
|move|p1a: Gengar|Substitute|p1a: Gengar
|-start|p1a: Gengar|Substitute
|-damage|p1a: Gengar|51/100
|move|p2a: Kyurem|Dragon Tail|p1a: Gengar
|-end|p1a: Gengar|Substitute
|
|-weather|Hail|[upkeep]
|-damage|p1a: Gengar|45/100|[from] Hail
|-heal|p1a: Gengar|51/100|[from] item: Black Sludge
|-heal|p2a: Kyurem|81/100|[from] item: Leftovers
|upkeep
|turn|31
|
|t:|1744370717
|move|p1a: Gengar|Focus Blast|p2a: Kyurem
|-supereffective|p2a: Kyurem
|-damage|p2a: Kyurem|0 fnt
|faint|p2a: Kyurem
|
|-weather|Hail|[upkeep]
|-damage|p1a: Gengar|45/100|[from] Hail
|-heal|p1a: Gengar|51/100|[from] item: Black Sludge
|upkeep
|
|t:|1744370722
|switch|p2a: Forretress|Forretress, M|100/100
|-damage|p2a: Forretress|88/100|[from] Stealth Rock
|turn|32
|
|t:|1744370729
|move|p1a: Gengar|Substitute|p1a: Gengar
|-start|p1a: Gengar|Substitute
|-damage|p1a: Gengar|26/100
|move|p2a: Forretress|Gyro Ball|p1a: Gengar
|-end|p1a: Gengar|Substitute
|
|-weather|Hail|[upkeep]
|-damage|p1a: Gengar|20/100|[from] Hail
|-heal|p1a: Gengar|26/100|[from] item: Black Sludge
|-heal|p2a: Forretress|94/100|[from] item: Leftovers
|upkeep
|turn|33
|
|t:|1744370735
|move|p1a: Gengar|Disable|p2a: Forretress
|-start|p2a: Forretress|Disable|Gyro Ball
|cant|p2a: Forretress|Disable|Gyro Ball
|
|-weather|Hail|[upkeep]
|-damage|p1a: Gengar|20/100|[from] Hail
|-heal|p1a: Gengar|26/100|[from] item: Black Sludge
|-heal|p2a: Forretress|100/100|[from] item: Leftovers
|upkeep
|turn|34
|
|t:|1744370741
|switch|p2a: Jellicent|Jellicent, M|88/100
|-damage|p2a: Jellicent|76/100|[from] Stealth Rock
|move|p1a: Gengar|Focus Blast|p2a: Jellicent
|-immune|p2a: Jellicent
|
|-weather|Hail|[upkeep]
|-damage|p1a: Gengar|20/100|[from] Hail
|-damage|p2a: Jellicent|69/100|[from] Hail
|-heal|p1a: Gengar|26/100|[from] item: Black Sludge
|-heal|p2a: Jellicent|76/100|[from] item: Leftovers
|upkeep
|turn|35
|
|t:|1744370744
|move|p1a: Gengar|Shadow Ball|p2a: Jellicent
|-supereffective|p2a: Jellicent
|-damage|p2a: Jellicent|13/100
|-unboost|p2a: Jellicent|spd|1
|move|p2a: Jellicent|Night Shade|p1a: Gengar
|-damage|p1a: Gengar|0 fnt
|faint|p1a: Gengar
|
|-weather|Hail|[upkeep]
|-damage|p2a: Jellicent|6/100|[from] Hail
|-heal|p2a: Jellicent|13/100|[from] item: Leftovers
|upkeep
|
|t:|1744370751
|switch|p1a: Dragonite|Dragonite, M|100/100
|turn|36
|
|t:|1744370754
|move|p1a: Dragonite|Dragon Dance|p1a: Dragonite
|-boost|p1a: Dragonite|atk|1
|-boost|p1a: Dragonite|spe|1
|move|p2a: Jellicent|Night Shade|p1a: Dragonite
|-damage|p1a: Dragonite|70/100
|
|-weather|Hail|[upkeep]
|-damage|p1a: Dragonite|63/100|[from] Hail
|-damage|p2a: Jellicent|6/100|[from] Hail
|-heal|p2a: Jellicent|13/100|[from] item: Leftovers
|upkeep
|turn|37
|
|t:|1744370760
|move|p1a: Dragonite|Dragon Dance|p1a: Dragonite
|-boost|p1a: Dragonite|atk|1
|-boost|p1a: Dragonite|spe|1
|move|p2a: Jellicent|Night Shade|p1a: Dragonite
|-damage|p1a: Dragonite|32/100
|
|-weather|Hail|[upkeep]
|-damage|p1a: Dragonite|26/100|[from] Hail
|-damage|p2a: Jellicent|6/100|[from] Hail
|-heal|p2a: Jellicent|13/100|[from] item: Leftovers
|upkeep
|turn|38
|j| chokewayne
|
|t:|1744370764
|move|p1a: Dragonite|Earthquake|p2a: Jellicent
|-damage|p2a: Jellicent|0 fnt
|faint|p2a: Jellicent
|
|-weather|Hail|[upkeep]
|-damage|p1a: Dragonite|20/100|[from] Hail
|upkeep
|
|t:|1744370773
|switch|p2a: Forretress|Forretress, M|100/100
|-damage|p2a: Forretress|88/100|[from] Stealth Rock
|turn|39
|
|t:|1744370776
|move|p1a: Dragonite|Earthquake|p2a: Forretress
|-damage|p2a: Forretress|49/100
|move|p2a: Forretress|Gyro Ball|p1a: Dragonite
|-damage|p1a: Dragonite|0 fnt
|faint|p1a: Dragonite
|
|win|cdrgcde
|raw|salaqisqis's rating: 1529 &rarr; <strong>1500</strong><br />(-29 for losing)
|raw|cdrgcde's rating: 1359 &rarr; <strong>1388</strong><br />(+29 for winning)
