|j|☆CertamenMeum
|j|☆Hans Bloodsmith
|t:|1716048595
|gametype|singles
|player|p1|CertamenMeum|blue|1485
|player|p2|Hans Bloodsmith|plasmagrunt|1486
|teamsize|p1|6
|teamsize|p2|6
|gen|5
|tier|[Gen 5] OU
|rated|
|rule|Species Clause: Limit one of each Pokémon
|rule|OHKO Clause: OHKO moves are banned
|rule|Moody Clause: Moody is banned
|rule|Evasion Items Clause: Evasion items are banned
|rule|Evasion Moves Clause: Evasion moves are banned
|rule|Endless Battle Clause: Forcing endless battles is banned
|rule|HP Percentage Mod: HP is shown in percentages
|rule|Evasion Abilities Clause: Evasion abilities are banned
|rule|Sleep Moves Clause: Sleep-inducing moves are banned
|rule|Swagger Clause: Swagger is banned
|rule|Baton Pass Stat Clause: No Baton Passer may have a way to boost its stats
|clearpoke
|poke|p1|Dragonite, M|item
|poke|p1|Scizor, M|item
|poke|p1|Forretress, F|item
|poke|p1|Ferrothorn, M|item
|poke|p1|Alakazam, M|item
|poke|p1|Rotom-Wash|item
|poke|p2|Politoed, M|item
|poke|p2|Toxicroak, F|item
|poke|p2|Magnezone|item
|poke|p2|Gliscor, M|item
|poke|p2|Volcarona, M|item
|poke|p2|Hydreigon, M|item
|teampreview
|inactive|Battle timer is ON: inactive players will automatically lose when time's up. (requested by CertamenMeum)
|
|t:|1716048623
|start
|switch|p1a: Forretress|Forretress, F|100/100
|switch|p2a: Frederick|Politoed, M|100/100
|-weather|RainDance|[from] ability: Drizzle|[of] p2a: Frederick
|turn|1
|
|t:|1716048629
|switch|p2a: Baldwin|Magnezone|100/100
|move|p1a: Forretress|Stealth Rock|p2a: Baldwin
|-sidestart|p2: Hans Bloodsmith|move: Stealth Rock
|
|-weather|RainDance|[upkeep]
|upkeep
|turn|2
|
|t:|1716048634
|move|p2a: Baldwin|Substitute|p2a: Baldwin
|-start|p2a: Baldwin|Substitute
|-damage|p2a: Baldwin|76/100
|move|p1a: Forretress|Spikes|p2a: Baldwin
|-sidestart|p2: Hans Bloodsmith|Spikes
|
|-weather|RainDance|[upkeep]
|-heal|p2a: Baldwin|82/100|[from] item: Leftovers
|upkeep
|turn|3
|
|t:|1716048640
|move|p2a: Baldwin|Charge Beam|p1a: Forretress
|-damage|p1a: Forretress|61/100
|-boost|p2a: Baldwin|spa|1
|move|p1a: Forretress|Spikes|p2a: Baldwin
|-sidestart|p2: Hans Bloodsmith|Spikes
|
|-weather|RainDance|[upkeep]
|-heal|p2a: Baldwin|88/100|[from] item: Leftovers
|upkeep
|turn|4
|
|t:|1716048647
|move|p2a: Baldwin|Charge Beam|p1a: Forretress
|-damage|p1a: Forretress|8/100
|-boost|p2a: Baldwin|spa|1
|move|p1a: Forretress|Spikes|p2a: Baldwin
|-sidestart|p2: Hans Bloodsmith|Spikes
|
|-weather|RainDance|[upkeep]
|-heal|p2a: Baldwin|94/100|[from] item: Leftovers
|upkeep
|turn|5
|-enditem|p1a: Forretress|Custap Berry|[eat]
|-activate|p1a: Forretress|item: Custap Berry|[consumed]
|
|t:|1716048655
|move|p1a: Forretress|Explosion|p2a: Baldwin
|-resisted|p2a: Baldwin
|-end|p2a: Baldwin|Substitute
|faint|p1a: Forretress
|move|p2a: Baldwin|Charge Beam|p1: Forretress|[notarget]
|-fail|p2a: Baldwin
|
|-weather|RainDance|[upkeep]
|-heal|p2a: Baldwin|99/100|[from] item: Leftovers
|upkeep
|
|t:|1716048664
|switch|p1a: Dragonite|Dragonite, M|100/100
|turn|6
|
|t:|1716048668
|move|p1a: Dragonite|Dragon Dance|p1a: Dragonite
|-boost|p1a: Dragonite|atk|1
|-boost|p1a: Dragonite|spe|1
|move|p2a: Baldwin|Hidden Power|p1a: Dragonite
|-supereffective|p1a: Dragonite
|-damage|p1a: Dragonite|0 fnt
|faint|p1a: Dragonite
|
|-weather|RainDance|[upkeep]
|-heal|p2a: Baldwin|100/100|[from] item: Leftovers
|upkeep
|
|t:|1716048676
|switch|p1a: Rotom|Rotom-Wash, shiny|100/100
|turn|7
|
|t:|1716048684
|move|p1a: Rotom|Hydro Pump|p2a: Baldwin
|-damage|p2a: Baldwin|0 fnt
|faint|p2a: Baldwin
|
|-weather|RainDance|[upkeep]
|upkeep
|
|t:|1716048691
|switch|p2a: Frederick|Politoed, M|100/100
|-damage|p2a: Frederick|88/100|[from] Stealth Rock
|-damage|p2a: Frederick|63/100|[from] Spikes
|turn|8
|
|t:|1716048698
|move|p1a: Rotom|Hydro Pump|p2a: Frederick
|-resisted|p2a: Frederick
|-damage|p2a: Frederick|0 fnt
|faint|p2a: Frederick
|
|-weather|RainDance|[upkeep]
|upkeep
|
|t:|1716048704
|switch|p2a: Maria|Toxicroak, F|100/100
|-damage|p2a: Maria|94/100|[from] Stealth Rock
|-damage|p2a: Maria|70/100|[from] Spikes
|turn|9
|
|t:|1716048714
|switch|p1a: Scizor|Scizor, M|100/100
|move|p2a: Maria|Swords Dance|p2a: Maria
|-boost|p2a: Maria|atk|2
|
|-weather|RainDance|[upkeep]
|-heal|p2a: Maria|82/100|[from] ability: Dry Skin
|upkeep
|turn|10
|
|t:|1716048720
|move|p1a: Scizor|Bullet Punch|p2a: Maria
|-damage|p2a: Maria|4/100
|move|p2a: Maria|Drain Punch|p1a: Scizor
|-damage|p1a: Scizor|0 fnt
|-heal|p2a: Maria|49/100|[from] drain|[of] p1a: Scizor
|faint|p1a: Scizor
|-damage|p2a: Maria|39/100|[from] item: Life Orb
|
|-weather|RainDance|[upkeep]
|-heal|p2a: Maria|51/100|[from] ability: Dry Skin
|upkeep
|
|t:|1716048733
|switch|p1a: Alakazam|Alakazam, M|100/100
|turn|11
|
|t:|1716048737
|move|p2a: Maria|Sucker Punch|p1a: Alakazam
|-supereffective|p1a: Alakazam
|-enditem|p1a: Alakazam|Focus Sash
|-damage|p1a: Alakazam|1/100
|-damage|p2a: Maria|41/100|[from] item: Life Orb
|move|p1a: Alakazam|Psychic|p2a: Maria
|-supereffective|p2a: Maria
|-damage|p2a: Maria|0 fnt
|faint|p2a: Maria
|
|-weather|RainDance|[upkeep]
|upkeep
|
|t:|1716048749
|switch|p2a: Solomon|Volcarona, M|100/100
|-damage|p2a: Solomon|50/100|[from] Stealth Rock
|-damage|p2a: Solomon|25/100|[from] Spikes
|-enditem|p2a: Solomon|Sitrus Berry|[eat]
|-heal|p2a: Solomon|50/100|[from] item: Sitrus Berry
|turn|12
|
|t:|1716048756
|move|p1a: Alakazam|Psychic|p2a: Solomon
|-damage|p2a: Solomon|3/100
|move|p2a: Solomon|Fiery Dance|p1a: Alakazam
|-damage|p1a: Alakazam|0 fnt
|-boost|p2a: Solomon|spa|1
|faint|p1a: Alakazam
|
|-weather|RainDance|[upkeep]
|upkeep
|
|t:|1716048764
|switch|p1a: Rotom|Rotom-Wash, shiny|100/100
|turn|13
|
|t:|1716048770
|move|p2a: Solomon|Giga Drain|p1a: Rotom
|-supereffective|p1a: Rotom
|-damage|p1a: Rotom|0 fnt
|-heal|p2a: Solomon|40/100|[from] drain|[of] p1a: Rotom
|faint|p1a: Rotom
|
|-weather|RainDance|[upkeep]
|upkeep
|
|t:|1716048776
|switch|p1a: Ferrothorn|Ferrothorn, M|100/100
|turn|14
|
|t:|1716048779
|move|p2a: Solomon|Fiery Dance|p1a: Ferrothorn
|-supereffective|p1a: Ferrothorn
|-crit|p1a: Ferrothorn
|-damage|p1a: Ferrothorn|0 fnt
|faint|p1a: Ferrothorn
|
|win|Hans Bloodsmith
|raw|CertamenMeum's rating: 1485 &rarr; <strong>1465</strong><br />(-20 for losing)
|raw|Hans Bloodsmith's rating: 1486 &rarr; <strong>1506</strong><br />(+20 for winning)
|c|☆Hans Bloodsmith|Gg
|l|☆CertamenMeum
|player|p1|
