|j|☆Darkortex
|j|☆Caster33
|t:|1598229245
|player|p1|Darkortex|1|1526
|player|p2|Caster33|lance|1308
|teamsize|p1|6
|teamsize|p2|6
|gametype|singles
|gen|5
|tier|[Gen 5] OU
|rated|
|clearpoke
|poke|p1|Garchomp, M|item
|poke|p1|Dragonite, M|item
|poke|p1|Latios, M|item
|poke|p1|Kyurem-Black|item
|poke|p1|Magnezone|item
|poke|p1|Jirachi|item
|poke|p2|Tyranitar, F|item
|poke|p2|Mamoswine, M|item
|poke|p2|Skarmory, M|item
|poke|p2|Excadrill, M|item
|poke|p2|Jellicent, M|item
|poke|p2|Latios, M|item
|rule|Species Clause: Limit one of each Pokémon
|rule|OHKO Clause: OHKO moves are banned
|rule|Moody Clause: Moody is banned
|rule|Evasion Moves Clause: Evasion moves are banned
|rule|Endless Battle Clause: Forcing endless battles is banned
|rule|HP Percentage Mod: HP is shown in percentages
|rule|Evasion Abilities Clause: Evasion abilities are banned
|rule|Baton Pass Clause: Limit one Baton Passer, can't pass Spe and other stats simultaneously
|rule|Sleep Clause: Sleep-inducing moves are banned
|rule|Swagger Clause: Swagger is banned
|teampreview
|inactive|Battle timer is ON: inactive players will automatically lose when time's up. (requested by Caster33)
|
|t:|1598229250
|start
|switch|p1a: Magnezone|Magnezone|100/100
|switch|p2a: Tyranitar|Tyranitar, F|100/100
|-weather|Sandstorm|[from] ability: Sand Stream|[of] p2a: Tyranitar
|turn|1
|
|t:|1598229265
|switch|p2a: Excadrill|Excadrill, M|100/100
|-ability|p2a: Excadrill|Mold Breaker
|move|p1a: Magnezone|Volt Switch|p2a: Excadrill
|-immune|p2a: Excadrill
|
|-weather|Sandstorm|[upkeep]
|upkeep
|turn|2
|
|t:|1598229283
|switch|p1a: Latios|Latios, M|100/100
|move|p2a: Excadrill|Iron Head|p1a: Latios
|-damage|p1a: Latios|45/100
|
|-weather|Sandstorm|[upkeep]
|-damage|p1a: Latios|39/100|[from] Sandstorm
|upkeep
|turn|3
|
|t:|1598229301
|switch|p2a: Jellicent|Jellicent, M|100/100
|move|p1a: Latios|Surf|p2a: Jellicent
|-immune|p2a: Jellicent|[from] ability: Water Absorb
|
|-weather|Sandstorm|[upkeep]
|-damage|p1a: Latios|33/100|[from] Sandstorm
|-damage|p2a: Jellicent|94/100|[from] Sandstorm
|-heal|p2a: Jellicent|100/100|[from] item: Leftovers
|upkeep
|turn|4
|
|t:|1598229315
|switch|p1a: Garchomp|Garchomp, M|100/100
|move|p2a: Jellicent|Will-O-Wisp|p1a: Garchomp|[miss]
|-miss|p2a: Jellicent|p1a: Garchomp
|
|-weather|Sandstorm|[upkeep]
|-damage|p2a: Jellicent|94/100|[from] Sandstorm
|-heal|p2a: Jellicent|100/100|[from] item: Leftovers
|upkeep
|turn|5
|
|t:|1598229323
|move|p1a: Garchomp|Stealth Rock|p2a: Jellicent
|-sidestart|p2: Caster33|move: Stealth Rock
|move|p2a: Jellicent|Will-O-Wisp|p1a: Garchomp
|-status|p1a: Garchomp|brn
|
|-weather|Sandstorm|[upkeep]
|-damage|p2a: Jellicent|94/100|[from] Sandstorm
|-heal|p2a: Jellicent|100/100|[from] item: Leftovers
|-damage|p1a: Garchomp|88/100 brn|[from] brn
|upkeep
|turn|6
|
|t:|1598229342
|switch|p1a: Kyurem|Kyurem-Black|100/100
|-ability|p1a: Kyurem|Teravolt
|switch|p2a: Skarmory|Skarmory, M|100/100
|-damage|p2a: Skarmory|88/100|[from] Stealth Rock
|
|-weather|Sandstorm|[upkeep]
|-damage|p1a: Kyurem|94/100|[from] Sandstorm
|upkeep
|turn|7
|inactive|Caster33 has 120 seconds left.
|
|t:|1598229371
|switch|p2a: Excadrill|Excadrill, M|100/100
|-damage|p2a: Excadrill|97/100|[from] Stealth Rock
|-ability|p2a: Excadrill|Mold Breaker
|move|p1a: Kyurem|Fusion Bolt|p2a: Excadrill
|-immune|p2a: Excadrill
|
|-weather|Sandstorm|[upkeep]
|-damage|p1a: Kyurem|88/100|[from] Sandstorm
|-heal|p2a: Excadrill|100/100|[from] item: Leftovers
|upkeep
|turn|8
|inactive|Caster33 has 120 seconds left.
|
|t:|1598229394
|switch|p1a: Garchomp|Garchomp, M|88/100 brn
|move|p2a: Excadrill|Iron Head|p1a: Garchomp
|-damage|p1a: Garchomp|44/100 brn
|-damage|p2a: Excadrill|88/100|[from] ability: Rough Skin|[of] p1a: Garchomp
|
|-weather|Sandstorm|[upkeep]
|-heal|p2a: Excadrill|94/100|[from] item: Leftovers
|-damage|p1a: Garchomp|32/100 brn|[from] brn
|upkeep
|turn|9
|
|t:|1598229403
|switch|p2a: Skarmory|Skarmory, M|88/100
|-damage|p2a: Skarmory|76/100|[from] Stealth Rock
|move|p1a: Garchomp|Earthquake|p2a: Skarmory
|-immune|p2a: Skarmory
|
|-weather|Sandstorm|[upkeep]
|-damage|p1a: Garchomp|20/100 brn|[from] brn
|upkeep
|turn|10
|
|t:|1598229414
|switch|p1a: Magnezone|Magnezone|100/100
|move|p2a: Skarmory|Spikes|p1a: Magnezone
|-sidestart|p1: Darkortex|Spikes
|
|-weather|Sandstorm|[upkeep]
|upkeep
|turn|11
|
|t:|1598229418
|switch|p2a: Excadrill|Excadrill, M|94/100
|-damage|p2a: Excadrill|91/100|[from] Stealth Rock
|-ability|p2a: Excadrill|Mold Breaker
|move|p1a: Magnezone|Volt Switch|p2a: Excadrill
|-immune|p2a: Excadrill
|
|-weather|Sandstorm|[upkeep]
|-heal|p2a: Excadrill|97/100|[from] item: Leftovers
|upkeep
|turn|12
|inactive|Caster33 has 120 seconds left.
|
|t:|1598229429
|switch|p1a: Kyurem|Kyurem-Black|88/100
|-damage|p1a: Kyurem|76/100|[from] Spikes
|-ability|p1a: Kyurem|Teravolt
|move|p2a: Excadrill|Rapid Spin|p1a: Kyurem
|-damage|p1a: Kyurem|70/100
|-sideend|p2: Caster33|Stealth Rock|[from] move: Rapid Spin|[of] p2a: Excadrill
|
|-weather|Sandstorm|[upkeep]
|-damage|p1a: Kyurem|64/100|[from] Sandstorm
|-heal|p2a: Excadrill|100/100|[from] item: Leftovers
|upkeep
|turn|13
|
|t:|1598229438
|move|p1a: Kyurem|Outrage|p2a: Excadrill
|-resisted|p2a: Excadrill
|-damage|p2a: Excadrill|20/100
|move|p2a: Excadrill|Iron Head|p1a: Kyurem
|-supereffective|p1a: Kyurem
|-damage|p1a: Kyurem|0 fnt
|faint|p1a: Kyurem
|
|-weather|Sandstorm|[upkeep]
|-heal|p2a: Excadrill|26/100|[from] item: Leftovers
|upkeep
|
|t:|1598229445
|switch|p1a: Jirachi|Jirachi|100/100
|-damage|p1a: Jirachi|88/100|[from] Spikes
|turn|14
|
|t:|1598229455
|switch|p2a: Jellicent|Jellicent, M|100/100
|move|p1a: Jirachi|Iron Head|p2a: Jellicent
|-resisted|p2a: Jellicent
|-damage|p2a: Jellicent|83/100
|
|-weather|Sandstorm|[upkeep]
|-damage|p2a: Jellicent|77/100|[from] Sandstorm
|-heal|p2a: Jellicent|83/100|[from] item: Leftovers
|upkeep
|turn|15
|
|t:|1598229475
|switch|p1a: Magnezone|Magnezone|100/100
|-damage|p1a: Magnezone|88/100|[from] Spikes
|move|p2a: Jellicent|Will-O-Wisp|p1a: Magnezone
|-status|p1a: Magnezone|brn
|
|-weather|Sandstorm|[upkeep]
|-damage|p2a: Jellicent|77/100|[from] Sandstorm
|-heal|p2a: Jellicent|83/100|[from] item: Leftovers
|-damage|p1a: Magnezone|76/100 brn|[from] brn
|upkeep
|turn|16
|inactive|Caster33 has 120 seconds left.
|
|t:|1598229504
|move|p1a: Magnezone|Flash Cannon|p2a: Jellicent
|-resisted|p2a: Jellicent
|-damage|p2a: Jellicent|59/100
|move|p2a: Jellicent|Shadow Ball|p1a: Magnezone
|-resisted|p1a: Magnezone
|-damage|p1a: Magnezone|60/100 brn
|
|-weather|Sandstorm|[upkeep]
|-damage|p2a: Jellicent|53/100|[from] Sandstorm
|-heal|p2a: Jellicent|59/100|[from] item: Leftovers
|-damage|p1a: Magnezone|47/100 brn|[from] brn
|upkeep
|turn|17
|-message|Darkortex forfeited.
|
|win|Caster33
|l|☆Darkortex
|raw|Darkortex's rating: 1496 &rarr; <strong>1466</strong><br />(-30 for losing)
|raw|Caster33's rating: 1308 &rarr; <strong>1338</strong><br />(+30 for winning)
