|j|☆CivilNathan
|j|☆Charliezard7
|t:|1707005252
|gametype|singles
|player|p1|CivilNathan|265|1294
|player|p2|Charliezard7|rosa|1329
|teamsize|p1|6
|teamsize|p2|6
|gen|5
|tier|[Gen 5] OU
|rated|
|rule|Species Clause: Limit one of each Pokémon
|rule|OHKO Clause: OHKO moves are banned
|rule|Moody Clause: Moody is banned
|rule|Evasion Items Clause: Evasion items are banned
|rule|Evasion Moves Clause: Evasion moves are banned
|rule|Endless Battle Clause: Forcing endless battles is banned
|rule|HP Percentage Mod: HP is shown in percentages
|rule|Evasion Abilities Clause: Evasion abilities are banned
|rule|Sleep Moves Clause: Sleep-inducing moves are banned
|rule|Swagger Clause: Swagger is banned
|rule|Baton Pass Stat Clause: No Baton Passer may have a way to boost its stats
|clearpoke
|poke|p1|Politoed, F|item
|poke|p1|Keldeo|item
|poke|p1|Jirachi|item
|poke|p1|Landorus-Therian, M|item
|poke|p1|Tentacruel, F|item
|poke|p1|Ferrothorn, F|item
|poke|p2|Dragonite, M|item
|poke|p2|Xatu, F|item
|poke|p2|Skarmory, F|item
|poke|p2|Gyarados, F|item
|poke|p2|Thundurus-Therian, M|item
|poke|p2|Honchkrow, F|item
|teampreview
|inactive|Battle timer is ON: inactive players will automatically lose when time's up. (requested by Charliezard7)
|inactive|CivilNathan has 120 seconds left.
|
|t:|1707005289
|start
|switch|p1a: Jirachi|Jirachi|100/100
|switch|p2a: Thundurus|Thundurus-Therian, M|100/100
|turn|1
|
|t:|1707005297
|move|p2a: Thundurus|Volt Switch|p1a: Jirachi
|-damage|p1a: Jirachi|59/100
|
|t:|1707005307
|switch|p2a: Xatu|Xatu, F|100/100|[from] Volt Switch
|move|p1a: Jirachi|Body Slam|p2a: Xatu
|-damage|p2a: Xatu|79/100
|
|-heal|p1a: Jirachi|65/100|[from] item: Leftovers
|-heal|p2a: Xatu|85/100|[from] item: Leftovers
|upkeep
|turn|2
|
|t:|1707005314
|switch|p1a: Politoed|Politoed, F|100/100
|-weather|RainDance|[from] ability: Drizzle|[of] p1a: Politoed
|move|p2a: Xatu|Reflect|p2a: Xatu
|-sidestart|p2: Charliezard7|Reflect
|
|-weather|RainDance|[upkeep]
|-heal|p2a: Xatu|91/100|[from] item: Leftovers
|upkeep
|turn|3
|
|t:|1707005335
|move|p2a: Xatu|U-turn|p1a: Politoed
|-damage|p1a: Politoed|90/100
|
|t:|1707005345
|switch|p2a: Thundurus|Thundurus-Therian, M|100/100|[from] U-turn
|move|p1a: Politoed|Ice Beam|p2a: Thundurus
|-supereffective|p2a: Thundurus
|-damage|p2a: Thundurus|48/100
|
|-weather|RainDance|[upkeep]
|-heal|p1a: Politoed|96/100|[from] item: Leftovers
|upkeep
|turn|4
|
|t:|1707005356
|switch|p1a: Ferrothorn|Ferrothorn, F|100/100
|move|p2a: Thundurus|Thunderbolt|p1a: Ferrothorn
|-resisted|p1a: Ferrothorn
|-damage|p1a: Ferrothorn|73/100
|-status|p1a: Ferrothorn|par
|
|-weather|RainDance|[upkeep]
|-heal|p1a: Ferrothorn|79/100 par|[from] item: Leftovers
|upkeep
|turn|5
|
|t:|1707005369
|switch|p2a: Xatu|Xatu, F|91/100
|move|p1a: Ferrothorn|Stealth Rock|p2a: Xatu
|move|p2a: Xatu|Stealth Rock|p1a: Ferrothorn|[from]ability: Magic Bounce
|-sidestart|p1: CivilNathan|move: Stealth Rock
|
|-weather|RainDance|[upkeep]
|-heal|p2a: Xatu|97/100|[from] item: Leftovers
|-heal|p1a: Ferrothorn|85/100 par|[from] item: Leftovers
|upkeep
|turn|6
|
|t:|1707005381
|switch|p1a: Jirachi|Jirachi|65/100
|-damage|p1a: Jirachi|59/100|[from] Stealth Rock
|move|p2a: Xatu|Night Shade|p1a: Jirachi
|-damage|p1a: Jirachi|34/100
|
|-weather|RainDance|[upkeep]
|-heal|p1a: Jirachi|40/100|[from] item: Leftovers
|-heal|p2a: Xatu|100/100|[from] item: Leftovers
|-sideend|p2: Charliezard7|Reflect
|upkeep
|turn|7
|
|t:|1707005388
|move|p1a: Jirachi|Wish|p1a: Jirachi
|move|p2a: Xatu|Night Shade|p1a: Jirachi
|-damage|p1a: Jirachi|15/100
|
|-weather|RainDance|[upkeep]
|-heal|p1a: Jirachi|22/100|[from] item: Leftovers
|upkeep
|turn|8
|
|t:|1707005394
|move|p1a: Jirachi|Protect|p1a: Jirachi
|-singleturn|p1a: Jirachi|Protect
|move|p2a: Xatu|U-turn|p1a: Jirachi
|-activate|p1a: Jirachi|move: Protect
|
|-weather|RainDance|[upkeep]
|-heal|p1a: Jirachi|72/100|[from] move: Wish|[wisher] Jirachi
|-heal|p1a: Jirachi|78/100|[from] item: Leftovers
|upkeep
|turn|9
|
|t:|1707005400
|move|p1a: Jirachi|Wish|p1a: Jirachi
|move|p2a: Xatu|Night Shade|p1a: Jirachi
|-damage|p1a: Jirachi|53/100
|
|-weather|RainDance|[upkeep]
|-heal|p1a: Jirachi|59/100|[from] item: Leftovers
|upkeep
|turn|10
|
|t:|1707005404
|move|p1a: Jirachi|Body Slam|p2a: Xatu
|-damage|p2a: Xatu|79/100
|-status|p2a: Xatu|par
|move|p2a: Xatu|Reflect|p2a: Xatu
|-sidestart|p2: Charliezard7|Reflect
|
|-weather|RainDance|[upkeep]
|-heal|p1a: Jirachi|100/100|[from] move: Wish|[wisher] Jirachi
|-heal|p2a: Xatu|85/100 par|[from] item: Leftovers
|upkeep
|turn|11
|
|t:|1707005413
|move|p1a: Jirachi|Wish|p1a: Jirachi
|move|p2a: Xatu|U-turn|p1a: Jirachi
|-damage|p1a: Jirachi|90/100
|
|t:|1707005425
|switch|p2a: Skarmory|Skarmory, F|100/100|[from] U-turn
|
|-weather|RainDance|[upkeep]
|-heal|p1a: Jirachi|96/100|[from] item: Leftovers
|upkeep
|turn|12
|
|t:|1707005440
|move|p1a: Jirachi|Body Slam|p2a: Skarmory
|-resisted|p2a: Skarmory
|-damage|p2a: Skarmory|97/100
|move|p2a: Skarmory|Whirlwind|p1a: Jirachi
|drag|p1a: Ferrothorn|Ferrothorn, F|85/100 par
|-damage|p1a: Ferrothorn|79/100 par|[from] Stealth Rock
|
|-weather|RainDance|[upkeep]
|-heal|p1a: Ferrothorn|100/100 par|[from] move: Wish|[wisher] Jirachi
|-heal|p2a: Skarmory|100/100|[from] item: Leftovers
|upkeep
|turn|13
|
|t:|1707005447
|switch|p2a: Xatu|Xatu, F|85/100 par
|move|p1a: Ferrothorn|Knock Off|p2a: Xatu
|-supereffective|p2a: Xatu
|-damage|p2a: Xatu|80/100 par
|-enditem|p2a: Xatu|Leftovers|[from] move: Knock Off|[of] p1a: Ferrothorn
|
|-weather|RainDance|[upkeep]
|upkeep
|turn|14
|
|t:|1707005462
|switch|p1a: Jirachi|Jirachi|96/100
|-damage|p1a: Jirachi|90/100|[from] Stealth Rock
|move|p2a: Xatu|Night Shade|p1a: Jirachi
|-damage|p1a: Jirachi|65/100
|
|-weather|RainDance|[upkeep]
|-heal|p1a: Jirachi|71/100|[from] item: Leftovers
|-sideend|p2: Charliezard7|Reflect
|upkeep
|turn|15
|
|t:|1707005467
|move|p1a: Jirachi|Wish|p1a: Jirachi
|move|p2a: Xatu|U-turn|p1a: Jirachi
|-damage|p1a: Jirachi|60/100
|
|t:|1707005472
|switch|p2a: Skarmory|Skarmory, F|100/100|[from] U-turn
|
|-weather|RainDance|[upkeep]
|-heal|p1a: Jirachi|66/100|[from] item: Leftovers
|upkeep
|turn|16
|
|t:|1707005480
|move|p1a: Jirachi|Protect|p1a: Jirachi
|-singleturn|p1a: Jirachi|Protect
|move|p2a: Skarmory|Spikes|p1a: Jirachi
|-sidestart|p1: CivilNathan|Spikes
|
|-weather|RainDance|[upkeep]
|-heal|p1a: Jirachi|100/100|[from] move: Wish|[wisher] Jirachi
|upkeep
|turn|17
|
|t:|1707005487
|move|p1a: Jirachi|Body Slam|p2a: Skarmory
|-resisted|p2a: Skarmory
|-damage|p2a: Skarmory|94/100
|-status|p2a: Skarmory|par
|move|p2a: Skarmory|Whirlwind|p1a: Jirachi
|drag|p1a: Tentacruel|Tentacruel, F|100/100
|-damage|p1a: Tentacruel|88/100|[from] Stealth Rock
|-damage|p1a: Tentacruel|76/100|[from] Spikes
|
|-weather|RainDance|[upkeep]
|-heal|p1a: Tentacruel|82/100|[from] ability: Rain Dish
|-heal|p1a: Tentacruel|88/100|[from] item: Black Sludge
|-heal|p2a: Skarmory|99/100 par|[from] item: Leftovers
|upkeep
|turn|18
|inactive|Charliezard7 has 120 seconds left.
|
|t:|1707005520
|switch|p2a: Dragonite|Dragonite, M, shiny|100/100
|move|p1a: Tentacruel|Rapid Spin|p2a: Dragonite
|-damage|p2a: Dragonite|99/100
|-sideend|p1: CivilNathan|Spikes|[from] move: Rapid Spin|[of] p1a: Tentacruel
|-sideend|p1: CivilNathan|Stealth Rock|[from] move: Rapid Spin|[of] p1a: Tentacruel
|
|-weather|RainDance|[upkeep]
|-heal|p1a: Tentacruel|94/100|[from] ability: Rain Dish
|-heal|p1a: Tentacruel|99/100|[from] item: Black Sludge
|upkeep
|turn|19
|
|t:|1707005529
|move|p1a: Tentacruel|Toxic|p2a: Dragonite
|-status|p2a: Dragonite|tox
|-enditem|p2a: Dragonite|Lum Berry|[eat]
|-curestatus|p2a: Dragonite|tox|[msg]
|move|p2a: Dragonite|Dragon Dance|p2a: Dragonite
|-boost|p2a: Dragonite|atk|1
|-boost|p2a: Dragonite|spe|1
|
|-weather|RainDance|[upkeep]
|-heal|p1a: Tentacruel|100/100|[from] ability: Rain Dish
|upkeep
|turn|20
|
|t:|1707005537
|move|p2a: Dragonite|Outrage|p1a: Tentacruel
|-crit|p1a: Tentacruel
|-damage|p1a: Tentacruel|0 fnt
|faint|p1a: Tentacruel
|
|-weather|RainDance|[upkeep]
|upkeep
|
|t:|1707005550
|switch|p1a: Jirachi|Jirachi|100/100
|turn|21
|
|t:|1707005554
|move|p2a: Dragonite|Outrage|p1a: Jirachi|[from]lockedmove
|-resisted|p1a: Jirachi
|-damage|p1a: Jirachi|53/100
|move|p1a: Jirachi|Body Slam|p2a: Dragonite
|-damage|p2a: Dragonite|77/100
|-status|p2a: Dragonite|par
|
|-weather|RainDance|[upkeep]
|-heal|p1a: Jirachi|59/100|[from] item: Leftovers
|upkeep
|turn|22
|
|t:|1707005560
|move|p1a: Jirachi|Wish|p1a: Jirachi
|move|p2a: Dragonite|Outrage|p1a: Jirachi|[from]lockedmove
|-resisted|p1a: Jirachi
|-damage|p1a: Jirachi|16/100
|-start|p2a: Dragonite|confusion|[fatigue]
|
|-weather|RainDance|[upkeep]
|-heal|p1a: Jirachi|22/100|[from] item: Leftovers
|upkeep
|turn|23
|
|t:|1707005573
|switch|p2a: Skarmory|Skarmory, F|99/100 par
|move|p1a: Jirachi|Iron Head|p2a: Skarmory
|-resisted|p2a: Skarmory
|-damage|p2a: Skarmory|89/100 par
|
|-weather|RainDance|[upkeep]
|-heal|p1a: Jirachi|72/100|[from] move: Wish|[wisher] Jirachi
|-heal|p1a: Jirachi|78/100|[from] item: Leftovers
|-heal|p2a: Skarmory|95/100 par|[from] item: Leftovers
|upkeep
|turn|24
|
|t:|1707005579
|move|p1a: Jirachi|Wish|p1a: Jirachi
|move|p2a: Skarmory|Spikes|p1a: Jirachi
|-sidestart|p1: CivilNathan|Spikes
|
|-weather|RainDance|[upkeep]
|-heal|p1a: Jirachi|85/100|[from] item: Leftovers
|-heal|p2a: Skarmory|100/100 par|[from] item: Leftovers
|upkeep
|turn|25
|
|t:|1707005586
|switch|p1a: Keldeo|Keldeo|100/100
|-damage|p1a: Keldeo|88/100|[from] Spikes
|move|p2a: Skarmory|Spikes|p1a: Keldeo
|-sidestart|p1: CivilNathan|Spikes
|
|-weather|RainDance|[upkeep]
|-heal|p1a: Keldeo|100/100|[from] move: Wish|[wisher] Jirachi
|upkeep
|turn|26
|
|t:|1707005595
|move|p1a: Keldeo|Hydro Pump|p2a: Skarmory
|-ability|p2a: Skarmory|Sturdy
|-damage|p2a: Skarmory|1/100 par
|cant|p2a: Skarmory|par
|
|-weather|RainDance|[upkeep]
|-heal|p2a: Skarmory|7/100 par|[from] item: Leftovers
|upkeep
|turn|27
|
|t:|1707005600
|move|p1a: Keldeo|Hydro Pump|p2a: Skarmory
|-damage|p2a: Skarmory|0 fnt
|faint|p2a: Skarmory
|
|-weather|RainDance|[upkeep]
|upkeep
|
|t:|1707005612
|switch|p2a: Gyarados|Gyarados, F|100/100
|turn|28
|
|t:|1707005624
|move|p1a: Keldeo|Hydro Pump|p2a: Gyarados
|-resisted|p2a: Gyarados
|-damage|p2a: Gyarados|22/100
|move|p2a: Gyarados|Dragon Dance|p2a: Gyarados
|-boost|p2a: Gyarados|atk|1
|-boost|p2a: Gyarados|spe|1
|
|-weather|RainDance|[upkeep]
|upkeep
|turn|29
|
|t:|1707005642
|switch|p1a: Ferrothorn|Ferrothorn, F|100/100 par
|-damage|p1a: Ferrothorn|84/100 par|[from] Spikes
|move|p2a: Gyarados|Bounce||[still]
|-prepare|p2a: Gyarados|Bounce
|
|-weather|RainDance|[upkeep]
|-heal|p1a: Ferrothorn|90/100 par|[from] item: Leftovers
|upkeep
|turn|30
|
|t:|1707005657
|move|p2a: Gyarados|Bounce|p1a: Ferrothorn|[from]lockedmove
|-damage|p1a: Ferrothorn|32/100 par
|-damage|p2a: Gyarados|10/100|[from] ability: Iron Barbs|[of] p1a: Ferrothorn
|move|p1a: Ferrothorn|Power Whip|p2a: Gyarados
|-damage|p2a: Gyarados|0 fnt
|faint|p2a: Gyarados
|
|-weather|RainDance|[upkeep]
|-heal|p1a: Ferrothorn|38/100 par|[from] item: Leftovers
|upkeep
|
|t:|1707005669
|switch|p2a: Dragonite|Dragonite, M, shiny|77/100 par
|turn|31
|
|t:|1707005678
|switch|p1a: Jirachi|Jirachi|85/100
|-damage|p1a: Jirachi|68/100|[from] Spikes
|move|p2a: Dragonite|Fire Punch|p1a: Jirachi
|-supereffective|p1a: Jirachi
|-damage|p1a: Jirachi|45/100
|
|-weather|RainDance|[upkeep]
|-heal|p1a: Jirachi|51/100|[from] item: Leftovers
|upkeep
|turn|32
|
|t:|1707005684
|move|p1a: Jirachi|Wish|p1a: Jirachi
|move|p2a: Dragonite|Dragon Dance|p2a: Dragonite
|-boost|p2a: Dragonite|atk|1
|-boost|p2a: Dragonite|spe|1
|
|-weather|RainDance|[upkeep]
|-heal|p1a: Jirachi|57/100|[from] item: Leftovers
|upkeep
|turn|33
|
|t:|1707005689
|move|p1a: Jirachi|Iron Head|p2a: Dragonite
|-damage|p2a: Dragonite|48/100 par
|move|p2a: Dragonite|Dragon Dance|p2a: Dragonite
|-boost|p2a: Dragonite|atk|1
|-boost|p2a: Dragonite|spe|1
|
|-weather|RainDance|[upkeep]
|-heal|p1a: Jirachi|100/100|[from] move: Wish|[wisher] Jirachi
|upkeep
|turn|34
|
|t:|1707005712
|move|p1a: Jirachi|Iron Head|p2a: Dragonite
|-damage|p2a: Dragonite|16/100 par
|move|p2a: Dragonite|Fire Punch|p1a: Jirachi
|-supereffective|p1a: Jirachi
|-damage|p1a: Jirachi|55/100
|
|-weather|RainDance|[upkeep]
|-heal|p1a: Jirachi|62/100|[from] item: Leftovers
|upkeep
|turn|35
|
|t:|1707005719
|move|p1a: Jirachi|Wish|p1a: Jirachi
|move|p2a: Dragonite|Fire Punch|p1a: Jirachi
|-supereffective|p1a: Jirachi
|-damage|p1a: Jirachi|12/100
|
|-weather|RainDance|[upkeep]
|-heal|p1a: Jirachi|18/100|[from] item: Leftovers
|upkeep
|turn|36
|
|t:|1707005725
|move|p1a: Jirachi|Protect|p1a: Jirachi
|-singleturn|p1a: Jirachi|Protect
|move|p2a: Dragonite|Dragon Dance|p2a: Dragonite
|-boost|p2a: Dragonite|atk|1
|-boost|p2a: Dragonite|spe|1
|
|-weather|RainDance|[upkeep]
|-heal|p1a: Jirachi|68/100|[from] move: Wish|[wisher] Jirachi
|-heal|p1a: Jirachi|74/100|[from] item: Leftovers
|upkeep
|turn|37
|
|t:|1707005734
|move|p2a: Dragonite|Extreme Speed|p1a: Jirachi
|-resisted|p1a: Jirachi
|-damage|p1a: Jirachi|40/100
|move|p1a: Jirachi|Iron Head|p2a: Dragonite
|-damage|p2a: Dragonite|0 fnt
|faint|p2a: Dragonite
|
|-weather|RainDance|[upkeep]
|-heal|p1a: Jirachi|46/100|[from] item: Leftovers
|upkeep
|
|t:|1707005741
|switch|p2a: Honchkrow|Honchkrow, F|100/100
|turn|38
|
|t:|1707005747
|switch|p1a: Landorus|Landorus-Therian, M|100/100
|-ability|p1a: Landorus|Intimidate|boost
|-unboost|p2a: Honchkrow|atk|1
|move|p2a: Honchkrow|Night Slash|p1a: Landorus
|-crit|p1a: Landorus
|-damage|p1a: Landorus|8/100
|
|-weather|RainDance|[upkeep]
|upkeep
|turn|39
|
|t:|1707005757
|move|p2a: Honchkrow|Sucker Punch|p1a: Landorus
|-damage|p1a: Landorus|0 fnt
|faint|p1a: Landorus
|
|-weather|RainDance|[upkeep]
|upkeep
|
|t:|1707005765
|switch|p1a: Keldeo|Keldeo|100/100
|-damage|p1a: Keldeo|84/100|[from] Spikes
|turn|40
|
|t:|1707005774
|move|p2a: Honchkrow|Sucker Punch|p1a: Keldeo
|-resisted|p1a: Keldeo
|-damage|p1a: Keldeo|67/100
|-ability|p1a: Keldeo|Justified|boost
|-boost|p1a: Keldeo|atk|1
|move|p1a: Keldeo|Surf|p2a: Honchkrow
|-damage|p2a: Honchkrow|0 fnt
|faint|p2a: Honchkrow
|
|-weather|RainDance|[upkeep]
|upkeep
|
|t:|1707005780
|switch|p2a: Thundurus|Thundurus-Therian, M|48/100
|turn|41
|
|t:|1707005794
|switch|p1a: Politoed|Politoed, F|96/100
|-damage|p1a: Politoed|80/100|[from] Spikes
|move|p2a: Thundurus|Volt Switch|p1a: Politoed
|-supereffective|p1a: Politoed
|-damage|p1a: Politoed|0 fnt
|faint|p1a: Politoed
|
|t:|1707005797
|switch|p2a: Xatu|Xatu, F|80/100 par|[from] Volt Switch
|
|-weather|RainDance|[upkeep]
|upkeep
|
|t:|1707005803
|switch|p1a: Jirachi|Jirachi|46/100
|-damage|p1a: Jirachi|29/100|[from] Spikes
|turn|42
|
|t:|1707005813
|move|p1a: Jirachi|Wish|p1a: Jirachi
|move|p2a: Xatu|U-turn|p1a: Jirachi
|-damage|p1a: Jirachi|19/100
|
|t:|1707005816
|switch|p2a: Thundurus|Thundurus-Therian, M|48/100|[from] U-turn
|
|-weather|RainDance|[upkeep]
|-heal|p1a: Jirachi|25/100|[from] item: Leftovers
|upkeep
|turn|43
|
|t:|1707005826
|move|p1a: Jirachi|Protect|p1a: Jirachi
|-singleturn|p1a: Jirachi|Protect
|move|p2a: Thundurus|Thunderbolt|p1a: Jirachi
|-activate|p1a: Jirachi|move: Protect
|
|-weather|RainDance|[upkeep]
|-heal|p1a: Jirachi|75/100|[from] move: Wish|[wisher] Jirachi
|-heal|p1a: Jirachi|82/100|[from] item: Leftovers
|upkeep
|turn|44
|
|t:|1707005834
|move|p2a: Thundurus|Thunderbolt|p1a: Jirachi
|-damage|p1a: Jirachi|29/100
|move|p1a: Jirachi|Body Slam|p2a: Thundurus
|-damage|p2a: Thundurus|20/100
|-status|p2a: Thundurus|par
|
|-weather|RainDance|[upkeep]
|-heal|p1a: Jirachi|35/100|[from] item: Leftovers
|upkeep
|turn|45
|
|t:|1707005852
|move|p1a: Jirachi|Body Slam|p2a: Thundurus
|-damage|p2a: Thundurus|0 fnt
|faint|p2a: Thundurus
|
|-weather|RainDance|[upkeep]
|-heal|p1a: Jirachi|41/100|[from] item: Leftovers
|upkeep
|
|t:|1707005855
|switch|p2a: Xatu|Xatu, F|80/100 par
|turn|46
|
|t:|1707005858
|move|p1a: Jirachi|Wish|p1a: Jirachi
|move|p2a: Xatu|Night Shade|p1a: Jirachi
|-damage|p1a: Jirachi|16/100
|
|-weather|RainDance|[upkeep]
|-heal|p1a: Jirachi|23/100|[from] item: Leftovers
|upkeep
|turn|47
|
|t:|1707005863
|move|p1a: Jirachi|Protect|p1a: Jirachi
|-singleturn|p1a: Jirachi|Protect
|cant|p2a: Xatu|par
|
|-weather|RainDance|[upkeep]
|-heal|p1a: Jirachi|73/100|[from] move: Wish|[wisher] Jirachi
|-heal|p1a: Jirachi|79/100|[from] item: Leftovers
|upkeep
|turn|48
|-message|Charliezard7 forfeited.
|
|win|CivilNathan
|raw|CivilNathan's rating: 1294 &rarr; <strong>1322</strong><br />(+28 for winning)
|raw|Charliezard7's rating: 1329 &rarr; <strong>1307</strong><br />(-22 for losing)
|l|☆Charliezard7
|player|p2|
|l|☆CivilNathan
|player|p1|
|j|☆Charliezard7
|player|p2|Charliezard7|rosa
