|uhtml|medal-msg|<div class="broadcast-blue">Curious what those medals under the avatar are? PS now has Ladder Seasons! For more information, check out the <a href="https://www.smogon.com/forums/threads/3740067/">thread on Smogon.</a></div>
|uhtml|medal-msg|<div class="broadcast-blue">Curious what those medals under the avatar are? PS now has Ladder Seasons! For more information, check out the <a href="https://www.smogon.com/forums/threads/3740067/">thread on Smogon.</a></div>
|j|☆Jellium
|j|☆auvun
|t:|1713231918
|gametype|singles
|player|p1|Jellium|scientist-gen4|1319
|player|p2|auvun|hilbert-wonderlauncher|1312
|teamsize|p1|6
|teamsize|p2|6
|gen|5
|tier|[Gen 5] OU
|rated|
|rule|Species Clause: Limit one of each Pokémon
|rule|OHKO Clause: OHKO moves are banned
|rule|Moody Clause: Moody is banned
|rule|Evasion Items Clause: Evasion items are banned
|rule|Evasion Moves Clause: Evasion moves are banned
|rule|Endless Battle Clause: Forcing endless battles is banned
|rule|HP Percentage Mod: HP is shown in percentages
|rule|Evasion Abilities Clause: Evasion abilities are banned
|rule|Sleep Moves Clause: Sleep-inducing moves are banned
|rule|Swagger Clause: Swagger is banned
|rule|Baton Pass Stat Clause: No Baton Passer may have a way to boost its stats
|clearpoke
|poke|p1|Jirachi|item
|poke|p1|Dragonite, F|item
|poke|p1|Kyurem-Black|item
|poke|p1|Latios, M|item
|poke|p1|Magnezone|item
|poke|p1|Aerodactyl, M|item
|poke|p2|Politoed, F|item
|poke|p2|Keldeo-Resolute|item
|poke|p2|Ferrothorn, F|item
|poke|p2|Tentacruel, F|item
|poke|p2|Tornadus, M|item
|poke|p2|Celebi|item
|teampreview
|
|t:|1713231931
|start
|switch|p1a: SIU|Aerodactyl, M|100/100
|switch|p2a: Keldeo|Keldeo-Resolute|100/100
|-ability|p1a: SIU|Unnerve
|turn|1
|
|t:|1713231944
|move|p1a: SIU|Stealth Rock|p2a: Keldeo
|-sidestart|p2: auvun|move: Stealth Rock
|move|p2a: Keldeo|Icy Wind|p1a: SIU
|-supereffective|p1a: SIU
|-damage|p1a: SIU|15/100
|-unboost|p1a: SIU|spe|1
|
|upkeep
|turn|2
|
|t:|1713231949
|move|p2a: Keldeo|Icy Wind|p1a: SIU|[miss]
|-miss|p2a: Keldeo|p1a: SIU
|move|p1a: SIU|Stone Edge|p2a: Keldeo
|-resisted|p2a: Keldeo
|-damage|p2a: Keldeo|76/100
|
|upkeep
|turn|3
|
|t:|1713231954
|move|p2a: Keldeo|Icy Wind|p1a: SIU
|-supereffective|p1a: SIU
|-damage|p1a: SIU|0 fnt
|faint|p1a: SIU
|
|upkeep
|
|t:|1713231994
|switch|p1a: BKC|Kyurem-Black|100/100
|-ability|p1a: BKC|Teravolt
|turn|4
|
|t:|1713232000
|switch|p2a: Ferrothorn|Ferrothorn, F|100/100
|-damage|p2a: Ferrothorn|94/100|[from] Stealth Rock
|move|p1a: BKC|Fusion Bolt|p2a: Ferrothorn
|-resisted|p2a: Ferrothorn
|-damage|p2a: Ferrothorn|79/100
|-damage|p1a: BKC|91/100|[from] item: Life Orb
|
|-heal|p2a: Ferrothorn|86/100|[from] item: Leftovers
|upkeep
|turn|5
|
|t:|1713232009
|move|p1a: BKC|Fusion Bolt|p2a: Ferrothorn
|-resisted|p2a: Ferrothorn
|-damage|p2a: Ferrothorn|70/100
|-damage|p1a: BKC|81/100|[from] item: Life Orb
|move|p2a: Ferrothorn|Stealth Rock|p1a: BKC
|-sidestart|p1: Jellium|move: Stealth Rock
|
|-heal|p2a: Ferrothorn|76/100|[from] item: Leftovers
|upkeep
|turn|6
|
|t:|1713232018
|move|p1a: BKC|Fusion Bolt|p2a: Ferrothorn
|-resisted|p2a: Ferrothorn
|-damage|p2a: Ferrothorn|62/100
|-damage|p1a: BKC|71/100|[from] item: Life Orb
|move|p2a: Ferrothorn|Leech Seed|p1a: BKC
|-start|p1a: BKC|move: Leech Seed
|
|-heal|p2a: Ferrothorn|68/100|[from] item: Leftovers
|-damage|p1a: BKC|58/100|[from] Leech Seed|[of] p2a: Ferrothorn
|-heal|p2a: Ferrothorn|82/100|[silent]
|upkeep
|turn|7
|
|t:|1713232027
|switch|p1a: CTC|Magnezone|100/100
|-damage|p1a: CTC|95/100|[from] Stealth Rock
|move|p2a: Ferrothorn|Protect||[still]
|-fail|p2a: Ferrothorn
|
|-heal|p2a: Ferrothorn|88/100|[from] item: Leftovers
|upkeep
|turn|8
|
|t:|1713232030
|move|p1a: CTC|Hidden Power|p2a: Ferrothorn
|-supereffective|p2a: Ferrothorn
|-damage|p2a: Ferrothorn|0 fnt
|faint|p2a: Ferrothorn
|
|upkeep
|
|t:|1713232038
|switch|p2a: Keldeo|Keldeo-Resolute|76/100
|-damage|p2a: Keldeo|70/100|[from] Stealth Rock
|turn|9
|
|t:|1713232042
|move|p2a: Keldeo|Secret Sword|p1a: CTC
|-supereffective|p1a: CTC
|-damage|p1a: CTC|0 fnt
|faint|p1a: CTC
|
|upkeep
|
|t:|1713232056
|switch|p1a: Stone_Cold|Dragonite, F|100/100
|-damage|p1a: Stone_Cold|76/100|[from] Stealth Rock
|turn|10
|
|t:|1713232062
|switch|p2a: Celebi|Celebi|100/100
|-damage|p2a: Celebi|88/100|[from] Stealth Rock
|move|p1a: Stone_Cold|Dragon Dance|p1a: Stone_Cold
|-boost|p1a: Stone_Cold|atk|1
|-boost|p1a: Stone_Cold|spe|1
|
|-heal|p2a: Celebi|94/100|[from] item: Leftovers
|upkeep
|turn|11
|
|t:|1713232065
|move|p1a: Stone_Cold|Outrage|p2a: Celebi
|-damage|p2a: Celebi|0 fnt
|faint|p2a: Celebi
|
|upkeep
|
|t:|1713232072
|switch|p2a: Politoed|Politoed, F|100/100
|-damage|p2a: Politoed|88/100|[from] Stealth Rock
|-weather|RainDance|[from] ability: Drizzle|[of] p2a: Politoed
|turn|12
|
|t:|1713232074
|move|p1a: Stone_Cold|Outrage|p2a: Politoed|[from]lockedmove
|-damage|p2a: Politoed|11/100
|move|p2a: Politoed|Ice Beam|p1a: Stone_Cold
|-supereffective|p1a: Stone_Cold
|-damage|p1a: Stone_Cold|0 fnt
|faint|p1a: Stone_Cold
|
|-weather|RainDance|[upkeep]
|-heal|p2a: Politoed|17/100|[from] item: Leftovers
|upkeep
|
|t:|1713232095
|switch|p1a: Badass|Jirachi|100/100
|-damage|p1a: Badass|94/100|[from] Stealth Rock
|turn|13
|
|t:|1713232112
|move|p1a: Badass|U-turn|p2a: Politoed
|-damage|p2a: Politoed|0 fnt
|faint|p2a: Politoed
|
|t:|1713232118
|switch|p1a: BKC|Kyurem-Black|58/100|[from] U-turn
|-damage|p1a: BKC|33/100|[from] Stealth Rock
|-ability|p1a: BKC|Teravolt
|
|-weather|RainDance|[upkeep]
|upkeep
|
|t:|1713232122
|switch|p2a: Keldeo|Keldeo-Resolute|70/100
|-damage|p2a: Keldeo|64/100|[from] Stealth Rock
|turn|14
|
|t:|1713232126
|move|p2a: Keldeo|Secret Sword|p1a: BKC
|-supereffective|p1a: BKC
|-damage|p1a: BKC|0 fnt
|faint|p1a: BKC
|
|-weather|RainDance|[upkeep]
|upkeep
|
|t:|1713232131
|switch|p1a: IDM Hugo|Latios, M|100/100
|-damage|p1a: IDM Hugo|88/100|[from] Stealth Rock
|turn|15
|
|t:|1713232135
|switch|p2a: Tentacruel|Tentacruel, F|100/100
|-damage|p2a: Tentacruel|88/100|[from] Stealth Rock
|move|p1a: IDM Hugo|Sandstorm|p1a: IDM Hugo
|-weather|Sandstorm
|
|-weather|Sandstorm|[upkeep]
|-damage|p1a: IDM Hugo|82/100|[from] Sandstorm
|-damage|p2a: Tentacruel|82/100|[from] Sandstorm
|-heal|p2a: Tentacruel|88/100|[from] item: Black Sludge
|upkeep
|turn|16
|c|☆auvun|what the fuck
|c|☆Jellium|xD
|
|t:|1713232158
|switch|p1a: Badass|Jirachi|94/100
|-damage|p1a: Badass|88/100|[from] Stealth Rock
|move|p2a: Tentacruel|Rapid Spin|p1a: Badass
|-resisted|p1a: Badass
|-damage|p1a: Badass|87/100
|-sideend|p2: auvun|Stealth Rock|[from] move: Rapid Spin|[of] p2a: Tentacruel
|
|-weather|Sandstorm|[upkeep]
|-damage|p2a: Tentacruel|82/100|[from] Sandstorm
|-heal|p2a: Tentacruel|88/100|[from] item: Black Sludge
|upkeep
|turn|17
|
|t:|1713232178
|move|p1a: Badass|Iron Head|p2a: Tentacruel
|-resisted|p2a: Tentacruel
|-damage|p2a: Tentacruel|63/100
|cant|p2a: Tentacruel|flinch
|
|-weather|Sandstorm|[upkeep]
|-damage|p2a: Tentacruel|57/100|[from] Sandstorm
|-heal|p2a: Tentacruel|63/100|[from] item: Black Sludge
|upkeep
|turn|18
|
|t:|1713232183
|move|p1a: Badass|Iron Head|p2a: Tentacruel
|-resisted|p2a: Tentacruel
|-damage|p2a: Tentacruel|37/100
|move|p2a: Tentacruel|Scald|p1a: Badass
|-damage|p1a: Badass|65/100
|
|-weather|Sandstorm|[upkeep]
|-damage|p2a: Tentacruel|31/100|[from] Sandstorm
|-heal|p2a: Tentacruel|37/100|[from] item: Black Sludge
|upkeep
|turn|19
|
|t:|1713232188
|move|p1a: Badass|Iron Head|p2a: Tentacruel
|-resisted|p2a: Tentacruel
|-damage|p2a: Tentacruel|9/100
|cant|p2a: Tentacruel|flinch
|
|-weather|none
|-heal|p2a: Tentacruel|15/100|[from] item: Black Sludge
|upkeep
|turn|20
|
|t:|1713232192
|move|p1a: Badass|Iron Head|p2a: Tentacruel
|-resisted|p2a: Tentacruel
|-damage|p2a: Tentacruel|0 fnt
|faint|p2a: Tentacruel
|
|upkeep
|
|t:|1713232197
|switch|p2a: Keldeo|Keldeo-Resolute|64/100
|turn|21
|
|t:|1713232201
|move|p1a: Badass|Iron Head|p2a: Keldeo
|-resisted|p2a: Keldeo
|-damage|p2a: Keldeo|40/100
|cant|p2a: Keldeo|flinch
|
|upkeep
|turn|22
|
|t:|1713232205
|move|p1a: Badass|Iron Head|p2a: Keldeo
|-resisted|p2a: Keldeo
|-damage|p2a: Keldeo|19/100
|move|p2a: Keldeo|Secret Sword|p1a: Badass
|-damage|p1a: Badass|3/100
|
|upkeep
|turn|23
|
|t:|1713232213
|move|p1a: Badass|Iron Head|p2a: Keldeo
|-resisted|p2a: Keldeo
|-damage|p2a: Keldeo|0 fnt
|faint|p2a: Keldeo
|
|upkeep
|
|t:|1713232215
|switch|p2a: Tornadus|Tornadus, M|100/100
|turn|24
|
|t:|1713232218
|move|p1a: Badass|Iron Head|p2a: Tornadus
|-damage|p2a: Tornadus|40/100
|move|p2a: Tornadus|Dark Pulse|p1a: Badass
|-crit|p1a: Badass
|-damage|p1a: Badass|0 fnt
|faint|p1a: Badass
|-damage|p2a: Tornadus|31/100|[from] item: Life Orb
|
|upkeep
|
|t:|1713232224
|switch|p1a: IDM Hugo|Latios, M|82/100
|-damage|p1a: IDM Hugo|70/100|[from] Stealth Rock
|turn|25
|
|t:|1713232231
|move|p1a: IDM Hugo|Psyshock|p2a: Tornadus
|-damage|p2a: Tornadus|0 fnt
|faint|p2a: Tornadus
|
|win|Jellium
|raw|Jellium's rating: 1319 &rarr; <strong>1339</strong><br />(+20 for winning)
|raw|auvun's rating: 1312 &rarr; <strong>1292</strong><br />(-20 for losing)
|c|☆Jellium|gg
