|j|☆aioso
|j|☆fayestra
|t:|1734237706
|gametype|singles
|player|p1|aioso|102|1424
|player|p2|fayestra|acetrainerf-gen6|1420
|teamsize|p1|6
|teamsize|p2|6
|gen|5
|tier|[Gen 5] OU
|rated|
|rule|Species Clause: Limit one of each Pokémon
|rule|OHKO Clause: OHKO moves are banned
|rule|Moody Clause: Moody is banned
|rule|Evasion Items Clause: Evasion items are banned
|rule|Evasion Moves Clause: Evasion moves are banned
|rule|Endless Battle Clause: Forcing endless battles is banned
|rule|HP Percentage Mod: HP is shown in percentages
|rule|Evasion Abilities Clause: Evasion abilities are banned
|rule|Sleep Moves Clause: Sleep-inducing moves are banned
|rule|Swagger Clause: Swagger is banned
|rule|Baton Pass Stat Clause: No Baton Passer may have a way to boost its stats
|clearpoke
|poke|p1|Abomasnow, M|item
|poke|p1|Mamoswine, F|item
|poke|p1|Starmie|item
|poke|p1|Weavile, M|item
|poke|p1|Volcarona, M|item
|poke|p1|Gliscor, M|item
|poke|p2|Hippowdon, F|item
|poke|p2|Skarmory, F|item
|poke|p2|Bronzong|item
|poke|p2|Clefable, M|item
|poke|p2|Latias, F|item
|poke|p2|Reuniclus, F|item
|teampreview
|inactive|Battle timer is ON: inactive players will automatically lose when time's up. (requested by aioso)
|inactive|fayestra has 120 seconds left.
|
|t:|1734237797
|start
|switch|p1a: Mamoswine|Mamoswine, F|100/100
|switch|p2a: gastric guard|Clefable, M|100/100
|turn|1
|
|t:|1734237819
|switch|p2a: Angelic Note|Bronzong|100/100
|move|p1a: Mamoswine|Stealth Rock|p2a: Angelic Note
|-sidestart|p2: fayestra|move: Stealth Rock
|
|upkeep
|turn|2
|
|t:|1734237837
|switch|p1a: Gliscor|Gliscor, M|100/100
|move|p2a: Angelic Note|Toxic|p1a: Gliscor
|-status|p1a: Gliscor|tox
|
|upkeep
|turn|3
|
|t:|1734237850
|switch|p1a: Abomasnow|Abomasnow, M|100/100
|-weather|Hail|[from] ability: Snow Warning|[of] p1a: Abomasnow
|switch|p2a: Worm War III|Skarmory, F|100/100
|-damage|p2a: Worm War III|88/100|[from] Stealth Rock
|
|-weather|Hail|[upkeep]
|-damage|p2a: Worm War III|82/100|[from] Hail
|upkeep
|turn|4
|
|t:|1734237859
|move|p1a: Abomasnow|Blizzard|p2a: Worm War III
|-damage|p2a: Worm War III|27/100
|-status|p2a: Worm War III|frz
|cant|p2a: Worm War III|frz
|
|-weather|Hail|[upkeep]
|-damage|p2a: Worm War III|21/100 frz|[from] Hail
|upkeep
|turn|5
|
|t:|1734237867
|switch|p2a: gastric guard|Clefable, M|100/100
|move|p1a: Abomasnow|Blizzard|p2a: gastric guard
|-damage|p2a: gastric guard|62/100
|-status|p2a: gastric guard|frz
|
|-weather|Hail|[upkeep]
|-heal|p2a: gastric guard|68/100 frz|[from] item: Leftovers
|upkeep
|turn|6
|
|t:|1734237893
|move|p1a: Abomasnow|Blizzard|p2a: gastric guard
|-damage|p2a: gastric guard|25/100 frz
|-curestatus|p2a: gastric guard|frz|[msg]
|move|p2a: gastric guard|Thunder Wave|p1a: Abomasnow
|-status|p1a: Abomasnow|par
|
|-weather|Hail|[upkeep]
|-heal|p2a: gastric guard|31/100|[from] item: Leftovers
|upkeep
|turn|7
|
|t:|1734237899
|-singleturn|p1a: Abomasnow|move: Focus Punch
|move|p2a: gastric guard|Soft-Boiled|p2a: gastric guard
|-heal|p2a: gastric guard|81/100
|move|p1a: Abomasnow|Focus Punch|p2a: gastric guard
|-supereffective|p2a: gastric guard
|-damage|p2a: gastric guard|15/100
|
|-weather|Hail|[upkeep]
|-heal|p2a: gastric guard|21/100|[from] item: Leftovers
|upkeep
|turn|8
|
|t:|1734237910
|-singleturn|p1a: Abomasnow|move: Focus Punch
|move|p2a: gastric guard|Knock Off|p1a: Abomasnow
|-damage|p1a: Abomasnow|96/100 par
|-enditem|p1a: Abomasnow|Focus Sash|[from] move: Knock Off|[of] p2a: gastric guard
|cant|p1a: Abomasnow|par
|
|-weather|Hail|[upkeep]
|-heal|p2a: gastric guard|27/100|[from] item: Leftovers
|upkeep
|turn|9
|
|t:|1734237915
|move|p2a: gastric guard|Knock Off|p1a: Abomasnow
|-damage|p1a: Abomasnow|91/100 par
|move|p1a: Abomasnow|Blizzard|p2a: gastric guard
|-damage|p2a: gastric guard|0 fnt
|faint|p2a: gastric guard
|
|-weather|Hail|[upkeep]
|upkeep
|
|t:|1734237918
|switch|p2a: Angelic Note|Bronzong|100/100
|-damage|p2a: Angelic Note|94/100|[from] Stealth Rock
|turn|10
|
|t:|1734237934
|switch|p2a: dune diver|Hippowdon, F|100/100
|-damage|p2a: dune diver|94/100|[from] Stealth Rock
|-weather|Sandstorm|[from] ability: Sand Stream|[of] p2a: dune diver
|switch|p1a: Gliscor|Gliscor, M|100/100 tox
|
|-weather|Sandstorm|[upkeep]
|-heal|p2a: dune diver|100/100|[from] item: Leftovers
|upkeep
|turn|11
|
|t:|1734237940
|move|p1a: Gliscor|Swords Dance|p1a: Gliscor
|-boost|p1a: Gliscor|atk|2
|move|p2a: dune diver|Stealth Rock|p1a: Gliscor
|-sidestart|p1: aioso|move: Stealth Rock
|
|-weather|Sandstorm|[upkeep]
|upkeep
|turn|12
|
|t:|1734237950
|move|p1a: Gliscor|Facade|p2a: dune diver
|-damage|p2a: dune diver|68/100
|move|p2a: dune diver|Rock Slide|p1a: Gliscor
|-damage|p1a: Gliscor|87/100 tox
|
|-weather|Sandstorm|[upkeep]
|-heal|p2a: dune diver|74/100|[from] item: Leftovers
|-heal|p1a: Gliscor|99/100 tox|[from] ability: Poison Heal
|upkeep
|turn|13
|
|t:|1734237955
|switch|p2a: Angelic Note|Bronzong|94/100
|-damage|p2a: Angelic Note|88/100|[from] Stealth Rock
|move|p1a: Gliscor|Earthquake|p2a: Angelic Note
|-immune|p2a: Angelic Note|[from] ability: Levitate
|
|-weather|Sandstorm|[upkeep]
|-heal|p2a: Angelic Note|94/100|[from] item: Leftovers
|-heal|p1a: Gliscor|100/100 tox|[from] ability: Poison Heal
|upkeep
|turn|14
|
|t:|1734237965
|switch|p1a: Mamoswine|Mamoswine, F|100/100
|-damage|p1a: Mamoswine|88/100|[from] Stealth Rock
|move|p2a: Angelic Note|Skill Swap|p1a: Mamoswine
|-activate|p2a: Angelic Note|move: Skill Swap|Oblivious|Levitate|[of] p1a: Mamoswine
|-endability|p2a: Angelic Note|Levitate|[from] move: Skill Swap
|-endability|p1a: Mamoswine|Oblivious|[from] move: Skill Swap
|
|-weather|Sandstorm|[upkeep]
|-heal|p2a: Angelic Note|100/100|[from] item: Leftovers
|upkeep
|turn|15
|
|t:|1734237981
|switch|p1a: Starmie|Starmie|100/100
|-damage|p1a: Starmie|88/100|[from] Stealth Rock
|-item|p1a: Starmie|Air Balloon
|switch|p2a: Worm War III|Skarmory, F|21/100 frz
|-damage|p2a: Worm War III|8/100 frz|[from] Stealth Rock
|
|-weather|Sandstorm|[upkeep]
|-damage|p1a: Starmie|82/100|[from] Sandstorm
|upkeep
|turn|16
|
|t:|1734237990
|switch|p2a: I Might Die Soon|Reuniclus, F|100/100
|move|p1a: Starmie|Rapid Spin|p2a: I Might Die Soon
|-damage|p2a: I Might Die Soon|98/100
|-sideend|p1: aioso|Stealth Rock|[from] move: Rapid Spin|[of] p1a: Starmie
|
|-weather|Sandstorm|[upkeep]
|-damage|p1a: Starmie|76/100|[from] Sandstorm
|-heal|p2a: I Might Die Soon|100/100|[from] item: Leftovers
|upkeep
|turn|17
|j| Detective Dishsoap
|
|t:|1734238011
|switch|p1a: Mamoswine|Mamoswine, F|88/100
|switch|p2a: Angelic Note|Bronzong|100/100
|-damage|p2a: Angelic Note|94/100|[from] Stealth Rock
|
|-weather|Sandstorm|[upkeep]
|-heal|p2a: Angelic Note|100/100|[from] item: Leftovers
|upkeep
|turn|18
|
|t:|1734238019
|switch|p1a: Abomasnow|Abomasnow, M|91/100 par
|-weather|Hail|[from] ability: Snow Warning|[of] p1a: Abomasnow
|move|p2a: Angelic Note|Toxic||[still]
|-fail|p2a: Angelic Note
|
|-weather|Hail|[upkeep]
|-damage|p2a: Angelic Note|94/100|[from] Hail
|-heal|p2a: Angelic Note|100/100|[from] item: Leftovers
|upkeep
|turn|19
|
|t:|1734238031
|switch|p2a: Worm War III|Skarmory, F|8/100 frz
|-damage|p2a: Worm War III|0 fnt|[from] Stealth Rock
|faint|p2a: Worm War III
|move|p1a: Abomasnow|Blizzard|p2: Worm War III|[notarget]
|-fail|p1a: Abomasnow
|
|-weather|Hail|[upkeep]
|upkeep
|
|t:|1734238035
|switch|p2a: I Might Die Soon|Reuniclus, F|100/100
|turn|20
|
|t:|1734238041
|switch|p1a: Mamoswine|Mamoswine, F|88/100
|move|p2a: I Might Die Soon|Calm Mind|p2a: I Might Die Soon
|-boost|p2a: I Might Die Soon|spa|1
|-boost|p2a: I Might Die Soon|spd|1
|
|-weather|Hail|[upkeep]
|upkeep
|turn|21
|
|t:|1734238045
|move|p1a: Mamoswine|Earthquake|p2a: I Might Die Soon
|-damage|p2a: I Might Die Soon|66/100
|move|p2a: I Might Die Soon|Focus Blast|p1a: Mamoswine
|-supereffective|p1a: Mamoswine
|-damage|p1a: Mamoswine|0 fnt
|faint|p1a: Mamoswine
|
|-weather|Hail|[upkeep]
|-heal|p2a: I Might Die Soon|72/100|[from] item: Leftovers
|upkeep
|
|t:|1734238052
|switch|p1a: Weavile|Weavile, M|100/100
|-ability|p1a: Weavile|Pressure
|turn|22
|
|t:|1734238060
|switch|p2a: dune diver|Hippowdon, F|74/100
|-damage|p2a: dune diver|68/100|[from] Stealth Rock
|-weather|Sandstorm|[from] ability: Sand Stream|[of] p2a: dune diver
|move|p1a: Weavile|Night Slash|p2a: dune diver
|-damage|p2a: dune diver|48/100
|
|-weather|Sandstorm|[upkeep]
|-damage|p1a: Weavile|94/100|[from] Sandstorm
|-heal|p1a: Weavile|100/100|[from] item: Leftovers
|-heal|p2a: dune diver|54/100|[from] item: Leftovers
|upkeep
|turn|23
|
|t:|1734238070
|move|p1a: Weavile|Swords Dance|p1a: Weavile
|-boost|p1a: Weavile|atk|2
|move|p2a: dune diver|Slack Off|p2a: dune diver
|-heal|p2a: dune diver|100/100
|
|-weather|Sandstorm|[upkeep]
|-damage|p1a: Weavile|94/100|[from] Sandstorm
|-heal|p1a: Weavile|100/100|[from] item: Leftovers
|upkeep
|turn|24
|
|t:|1734238079
|move|p1a: Weavile|Ice Shard|p2a: dune diver
|-supereffective|p2a: dune diver
|-damage|p2a: dune diver|57/100
|move|p2a: dune diver|Rock Slide|p1a: Weavile
|-supereffective|p1a: Weavile
|-damage|p1a: Weavile|34/100
|
|-weather|Sandstorm|[upkeep]
|-damage|p1a: Weavile|28/100|[from] Sandstorm
|-heal|p1a: Weavile|34/100|[from] item: Leftovers
|-heal|p2a: dune diver|63/100|[from] item: Leftovers
|upkeep
|turn|25
|
|t:|1734238082
|switch|p1a: Abomasnow|Abomasnow, M|91/100 par
|-weather|Hail|[from] ability: Snow Warning|[of] p1a: Abomasnow
|move|p2a: dune diver|Earthquake|p1a: Abomasnow
|-resisted|p1a: Abomasnow
|-damage|p1a: Abomasnow|61/100 par
|
|-weather|Hail|[upkeep]
|-damage|p2a: dune diver|57/100|[from] Hail
|-heal|p2a: dune diver|63/100|[from] item: Leftovers
|upkeep
|turn|26
|
|t:|1734238086
|move|p2a: dune diver|Rock Slide|p1a: Abomasnow
|-supereffective|p1a: Abomasnow
|-damage|p1a: Abomasnow|5/100 par
|move|p1a: Abomasnow|Blizzard|p2a: dune diver
|-supereffective|p2a: dune diver
|-damage|p2a: dune diver|0 fnt
|faint|p2a: dune diver
|
|-weather|Hail|[upkeep]
|upkeep
|
|t:|1734238102
|switch|p2a: soupfull spoon|Latias, F|100/100
|-damage|p2a: soupfull spoon|88/100|[from] Stealth Rock
|turn|27
|
|t:|1734238108
|cant|p1a: Abomasnow|par
|move|p2a: soupfull spoon|Surf|p1a: Abomasnow
|-resisted|p1a: Abomasnow
|-damage|p1a: Abomasnow|0 fnt
|faint|p1a: Abomasnow
|
|-weather|Hail|[upkeep]
|-damage|p2a: soupfull spoon|82/100|[from] Hail
|upkeep
|
|t:|1734238118
|switch|p1a: Starmie|Starmie|76/100
|-item|p1a: Starmie|Air Balloon
|turn|28
|
|t:|1734238131
|move|p1a: Starmie|Hydro Pump|p2a: soupfull spoon|[miss]
|-miss|p1a: Starmie|p2a: soupfull spoon
|move|p2a: soupfull spoon|Thunder Wave|p1a: Starmie
|-status|p1a: Starmie|par
|
|-weather|Hail|[upkeep]
|-damage|p2a: soupfull spoon|76/100|[from] Hail
|-damage|p1a: Starmie|70/100 par|[from] Hail
|upkeep
|turn|29
|
|t:|1734238135
|move|p2a: soupfull spoon|Draco Meteor|p1a: Starmie|[miss]
|-miss|p2a: soupfull spoon|p1a: Starmie
|move|p1a: Starmie|Ice Beam|p2a: soupfull spoon
|-supereffective|p2a: soupfull spoon
|-damage|p2a: soupfull spoon|21/100
|
|-weather|Hail|[upkeep]
|-damage|p2a: soupfull spoon|15/100|[from] Hail
|-damage|p1a: Starmie|64/100 par|[from] Hail
|upkeep
|turn|30
|
|t:|1734238146
|move|p2a: soupfull spoon|Roost|p2a: soupfull spoon
|-heal|p2a: soupfull spoon|65/100
|-singleturn|p2a: soupfull spoon|move: Roost
|move|p1a: Starmie|Ice Beam|p2a: soupfull spoon
|-supereffective|p2a: soupfull spoon
|-damage|p2a: soupfull spoon|15/100
|
|-weather|Hail|[upkeep]
|-damage|p2a: soupfull spoon|8/100|[from] Hail
|-damage|p1a: Starmie|58/100 par|[from] Hail
|upkeep
|turn|31
|
|t:|1734238150
|move|p2a: soupfull spoon|Roost|p2a: soupfull spoon
|-heal|p2a: soupfull spoon|58/100
|-singleturn|p2a: soupfull spoon|move: Roost
|cant|p1a: Starmie|par
|
|-weather|Hail|[upkeep]
|-damage|p2a: soupfull spoon|52/100|[from] Hail
|-damage|p1a: Starmie|51/100 par|[from] Hail
|upkeep
|turn|32
|
|t:|1734238157
|move|p2a: soupfull spoon|Draco Meteor|p1a: Starmie
|-damage|p1a: Starmie|0 fnt
|-unboost|p2a: soupfull spoon|spa|2
|-enditem|p1a: Starmie|Air Balloon
|faint|p1a: Starmie
|
|-weather|Hail|[upkeep]
|-damage|p2a: soupfull spoon|46/100|[from] Hail
|upkeep
|
|t:|1734238161
|switch|p1a: Weavile|Weavile, M|34/100
|-ability|p1a: Weavile|Pressure
|turn|33
|
|t:|1734238165
|move|p1a: Weavile|Night Slash|p2a: soupfull spoon
|-supereffective|p2a: soupfull spoon
|-enditem|p2a: soupfull spoon|Colbur Berry|[eat]
|-enditem|p2a: soupfull spoon|Colbur Berry|[weaken]
|-damage|p2a: soupfull spoon|9/100
|move|p2a: soupfull spoon|Thunder Wave|p1a: Weavile
|-status|p1a: Weavile|par
|
|-weather|Hail|[upkeep]
|-damage|p2a: soupfull spoon|3/100|[from] Hail
|-heal|p1a: Weavile|40/100 par|[from] item: Leftovers
|upkeep
|turn|34
|
|t:|1734238173
|move|p1a: Weavile|Ice Shard|p2a: soupfull spoon
|-supereffective|p2a: soupfull spoon
|-damage|p2a: soupfull spoon|0 fnt
|faint|p2a: soupfull spoon
|
|-weather|Hail|[upkeep]
|-heal|p1a: Weavile|46/100 par|[from] item: Leftovers
|upkeep
|
|t:|1734238177
|switch|p2a: I Might Die Soon|Reuniclus, F|72/100
|turn|35
|
|t:|1734238184
|move|p2a: I Might Die Soon|Calm Mind|p2a: I Might Die Soon
|-boost|p2a: I Might Die Soon|spa|1
|-boost|p2a: I Might Die Soon|spd|1
|cant|p1a: Weavile|par
|
|-weather|Hail|[upkeep]
|-heal|p2a: I Might Die Soon|78/100|[from] item: Leftovers
|-heal|p1a: Weavile|52/100 par|[from] item: Leftovers
|upkeep
|turn|36
|
|t:|1734238191
|move|p2a: I Might Die Soon|Calm Mind|p2a: I Might Die Soon
|-boost|p2a: I Might Die Soon|spa|1
|-boost|p2a: I Might Die Soon|spd|1
|cant|p1a: Weavile|par
|
|-weather|Hail|[upkeep]
|-heal|p2a: I Might Die Soon|84/100|[from] item: Leftovers
|-heal|p1a: Weavile|59/100 par|[from] item: Leftovers
|upkeep
|turn|37
|
|t:|1734238196
|move|p2a: I Might Die Soon|Focus Blast|p1a: Weavile
|-supereffective|p1a: Weavile
|-damage|p1a: Weavile|0 fnt
|faint|p1a: Weavile
|
|-weather|Hail|[upkeep]
|-heal|p2a: I Might Die Soon|90/100|[from] item: Leftovers
|upkeep
|
|t:|1734238199
|switch|p1a: Volcarona|Volcarona, M|100/100
|turn|38
|
|t:|1734238202
|move|p1a: Volcarona|Quiver Dance|p1a: Volcarona
|-boost|p1a: Volcarona|spa|1
|-boost|p1a: Volcarona|spd|1
|-boost|p1a: Volcarona|spe|1
|move|p2a: I Might Die Soon|Psyshock|p1a: Volcarona
|-damage|p1a: Volcarona|14/100
|
|-weather|Hail|[upkeep]
|-damage|p1a: Volcarona|8/100|[from] Hail
|-heal|p1a: Volcarona|14/100|[from] item: Leftovers
|-heal|p2a: I Might Die Soon|96/100|[from] item: Leftovers
|upkeep
|turn|39
|
|t:|1734238205
|move|p1a: Volcarona|Bug Buzz|p2a: I Might Die Soon
|-supereffective|p2a: I Might Die Soon
|-damage|p2a: I Might Die Soon|19/100
|move|p2a: I Might Die Soon|Psyshock|p1a: Volcarona
|-damage|p1a: Volcarona|0 fnt
|faint|p1a: Volcarona
|
|-weather|Hail|[upkeep]
|-heal|p2a: I Might Die Soon|25/100|[from] item: Leftovers
|upkeep
|
|t:|1734238210
|switch|p1a: Gliscor|Gliscor, M|100/100 tox
|turn|40
|
|t:|1734238215
|move|p1a: Gliscor|Swords Dance|p1a: Gliscor
|-boost|p1a: Gliscor|atk|2
|move|p2a: I Might Die Soon|Recover|p2a: I Might Die Soon
|-heal|p2a: I Might Die Soon|75/100
|
|-weather|Hail|[upkeep]
|-damage|p1a: Gliscor|94/100 tox|[from] Hail
|-heal|p2a: I Might Die Soon|82/100|[from] item: Leftovers
|-heal|p1a: Gliscor|100/100 tox|[from] ability: Poison Heal
|upkeep
|turn|41
|
|t:|1734238218
|move|p1a: Gliscor|Swords Dance|p1a: Gliscor
|-boost|p1a: Gliscor|atk|2
|move|p2a: I Might Die Soon|Psyshock|p1a: Gliscor
|-damage|p1a: Gliscor|46/100 tox
|
|-weather|Hail|[upkeep]
|-damage|p1a: Gliscor|40/100 tox|[from] Hail
|-heal|p2a: I Might Die Soon|88/100|[from] item: Leftovers
|-heal|p1a: Gliscor|52/100 tox|[from] ability: Poison Heal
|upkeep
|turn|42
|
|t:|1734238223
|move|p1a: Gliscor|Protect|p1a: Gliscor
|-singleturn|p1a: Gliscor|Protect
|move|p2a: I Might Die Soon|Psyshock|p1a: Gliscor
|-activate|p1a: Gliscor|move: Protect
|
|-weather|Hail|[upkeep]
|-damage|p1a: Gliscor|46/100 tox|[from] Hail
|-heal|p2a: I Might Die Soon|94/100|[from] item: Leftovers
|-heal|p1a: Gliscor|58/100 tox|[from] ability: Poison Heal
|upkeep
|turn|43
|
|t:|1734238228
|move|p1a: Gliscor|Earthquake|p2a: I Might Die Soon
|-damage|p2a: I Might Die Soon|26/100
|move|p2a: I Might Die Soon|Psyshock|p1a: Gliscor
|-damage|p1a: Gliscor|9/100 tox
|
|-weather|Hail|[upkeep]
|-damage|p1a: Gliscor|3/100 tox|[from] Hail
|-heal|p2a: I Might Die Soon|33/100|[from] item: Leftovers
|-heal|p1a: Gliscor|15/100 tox|[from] ability: Poison Heal
|upkeep
|turn|44
|
|t:|1734238239
|move|p1a: Gliscor|Earthquake|p2a: I Might Die Soon
|-damage|p2a: I Might Die Soon|0 fnt
|faint|p2a: I Might Die Soon
|
|-weather|Hail|[upkeep]
|-damage|p1a: Gliscor|9/100 tox|[from] Hail
|-heal|p1a: Gliscor|22/100 tox|[from] ability: Poison Heal
|upkeep
|
|t:|1734238241
|switch|p2a: Angelic Note|Bronzong|100/100
|-damage|p2a: Angelic Note|94/100|[from] Stealth Rock
|turn|45
|
|t:|1734238248
|move|p1a: Gliscor|Protect|p1a: Gliscor
|-singleturn|p1a: Gliscor|Protect
|move|p2a: Angelic Note|Skill Swap|p1a: Gliscor
|-activate|p1a: Gliscor|move: Protect
|
|-weather|Hail|[upkeep]
|-damage|p1a: Gliscor|15/100 tox|[from] Hail
|-damage|p2a: Angelic Note|88/100|[from] Hail
|-heal|p2a: Angelic Note|94/100|[from] item: Leftovers
|-heal|p1a: Gliscor|28/100 tox|[from] ability: Poison Heal
|upkeep
|turn|46
|
|t:|1734238262
|move|p1a: Gliscor|Facade|p2a: Angelic Note
|-resisted|p2a: Angelic Note
|-damage|p2a: Angelic Note|51/100
|move|p2a: Angelic Note|Skill Swap|p1a: Gliscor
|-activate|p2a: Angelic Note|move: Skill Swap|Poison Heal|Levitate|[of] p1a: Gliscor
|-endability|p2a: Angelic Note|Levitate|[from] move: Skill Swap
|-endability|p1a: Gliscor|Poison Heal|[from] move: Skill Swap
|
|-weather|Hail|[upkeep]
|-damage|p1a: Gliscor|22/100 tox|[from] Hail
|-damage|p2a: Angelic Note|45/100|[from] Hail
|-heal|p2a: Angelic Note|51/100|[from] item: Leftovers
|-damage|p1a: Gliscor|0 fnt|[from] psn
|faint|p1a: Gliscor
|
|win|fayestra
|upkeep
|raw|aioso's rating: 1424 &rarr; <strong>1404</strong><br />(-20 for losing)
|raw|fayestra's rating: 1420 &rarr; <strong>1440</strong><br />(+20 for winning)
