|j|☆Blossummm
|j|☆ImaginewasTaken
|t:|1715374799
|gametype|singles
|player|p1|Blossummm|roxie|1334
|player|p2|ImaginewasTaken|n|1431
|teamsize|p1|6
|teamsize|p2|6
|gen|5
|tier|[Gen 5] OU
|rated|
|rule|Species Clause: Limit one of each Pokémon
|rule|OHKO Clause: OHKO moves are banned
|rule|Moody Clause: Moody is banned
|rule|Evasion Items Clause: Evasion items are banned
|rule|Evasion Moves Clause: Evasion moves are banned
|rule|Endless Battle Clause: Forcing endless battles is banned
|rule|HP Percentage Mod: HP is shown in percentages
|rule|Evasion Abilities Clause: Evasion abilities are banned
|rule|Sleep Moves Clause: Sleep-inducing moves are banned
|rule|Swagger Clause: Swagger is banned
|rule|Baton Pass Stat Clause: No Baton Passer may have a way to boost its stats
|clearpoke
|poke|p1|Tyranitar, F|item
|poke|p1|Alakazam, F|item
|poke|p1|Latios, M|item
|poke|p1|Ferrothorn, F|item
|poke|p1|Keldeo|item
|poke|p1|Landorus-Therian, M|item
|poke|p2|Tyranitar, F|item
|poke|p2|Alakazam, F|item
|poke|p2|Breloom, F|item
|poke|p2|Garchomp, M|item
|poke|p2|Excadrill, F|item
|poke|p2|Gastrodon-East, M|item
|teampreview
|inactive|Battle timer is ON: inactive players will automatically lose when time's up. (requested by Blossummm)
|
|t:|1715374829
|start
|switch|p1a: Landorus|Landorus-Therian, M|100/100
|switch|p2a: East-Side|Gastrodon-East, M|100/100
|-ability|p1a: Landorus|Intimidate|boost
|-unboost|p2a: East-Side|atk|1
|turn|1
|j| bwcbestbytest
|
|t:|1715374854
|move|p1a: Landorus|U-turn|p2a: East-Side
|-damage|p2a: East-Side|82/100
|
|t:|1715374858
|switch|p1a: Ferrothorn|Ferrothorn, F|100/100|[from] U-turn
|move|p2a: East-Side|Scald|p1a: Ferrothorn
|-resisted|p1a: Ferrothorn
|-damage|p1a: Ferrothorn|90/100
|-status|p1a: Ferrothorn|brn
|-enditem|p1a: Ferrothorn|Lum Berry|[eat]
|-curestatus|p1a: Ferrothorn|brn|[msg]
|
|-heal|p2a: East-Side|88/100|[from] item: Leftovers
|upkeep
|turn|2
|l| bwcbestbytest
|
|t:|1715374864
|switch|p2a: MY GOAT RAAAHHHH|Breloom, F|100/100
|move|p1a: Ferrothorn|Spikes|p2a: MY GOAT RAAAHHHH
|-sidestart|p2: ImaginewasTaken|Spikes
|
|-status|p2a: MY GOAT RAAAHHHH|tox|[from] item: Toxic Orb
|upkeep
|turn|3
|
|t:|1715374868
|switch|p1a: Landorus|Landorus-Therian, M|100/100
|-ability|p1a: Landorus|Intimidate|boost
|-unboost|p2a: MY GOAT RAAAHHHH|atk|1
|move|p2a: MY GOAT RAAAHHHH|Swords Dance|p2a: MY GOAT RAAAHHHH
|-boost|p2a: MY GOAT RAAAHHHH|atk|2
|
|upkeep
|turn|4
|
|t:|1715374875
|move|p1a: Landorus|Hidden Power|p2a: MY GOAT RAAAHHHH
|-supereffective|p2a: MY GOAT RAAAHHHH
|-damage|p2a: MY GOAT RAAAHHHH|66/100 tox
|move|p2a: MY GOAT RAAAHHHH|Facade|p1a: Landorus
|-damage|p1a: Landorus|46/100
|
|-heal|p1a: Landorus|52/100|[from] item: Leftovers
|-heal|p2a: MY GOAT RAAAHHHH|79/100 tox|[from] ability: Poison Heal
|upkeep
|turn|5
|
|t:|1715374878
|move|p2a: MY GOAT RAAAHHHH|Protect|p2a: MY GOAT RAAAHHHH
|-singleturn|p2a: MY GOAT RAAAHHHH|Protect
|move|p1a: Landorus|Stealth Rock|p2a: MY GOAT RAAAHHHH
|-sidestart|p2: ImaginewasTaken|move: Stealth Rock
|
|-heal|p1a: Landorus|59/100|[from] item: Leftovers
|-heal|p2a: MY GOAT RAAAHHHH|91/100 tox|[from] ability: Poison Heal
|upkeep
|turn|6
|
|t:|1715374881
|move|p1a: Landorus|Hidden Power|p2a: MY GOAT RAAAHHHH
|-supereffective|p2a: MY GOAT RAAAHHHH
|-crit|p2a: MY GOAT RAAAHHHH
|-damage|p2a: MY GOAT RAAAHHHH|20/100 tox
|move|p2a: MY GOAT RAAAHHHH|Facade|p1a: Landorus
|-damage|p1a: Landorus|7/100
|
|-heal|p1a: Landorus|13/100|[from] item: Leftovers
|-heal|p2a: MY GOAT RAAAHHHH|32/100 tox|[from] ability: Poison Heal
|upkeep
|turn|7
|
|t:|1715374888
|move|p2a: MY GOAT RAAAHHHH|Protect|p2a: MY GOAT RAAAHHHH
|-singleturn|p2a: MY GOAT RAAAHHHH|Protect
|move|p1a: Landorus|Hidden Power|p2a: MY GOAT RAAAHHHH
|-activate|p2a: MY GOAT RAAAHHHH|move: Protect
|
|-heal|p1a: Landorus|19/100|[from] item: Leftovers
|-heal|p2a: MY GOAT RAAAHHHH|45/100 tox|[from] ability: Poison Heal
|upkeep
|turn|8
|
|t:|1715374891
|move|p1a: Landorus|Hidden Power|p2a: MY GOAT RAAAHHHH
|-supereffective|p2a: MY GOAT RAAAHHHH
|-damage|p2a: MY GOAT RAAAHHHH|12/100 tox
|move|p2a: MY GOAT RAAAHHHH|Drain Punch|p1a: Landorus
|-resisted|p1a: Landorus
|-damage|p1a: Landorus|0 fnt
|-heal|p2a: MY GOAT RAAAHHHH|22/100 tox|[from] drain|[of] p1a: Landorus
|faint|p1a: Landorus
|
|-heal|p2a: MY GOAT RAAAHHHH|35/100 tox|[from] ability: Poison Heal
|upkeep
|
|t:|1715374894
|switch|p1a: Alakazam|Alakazam, F|100/100
|turn|9
|
|t:|1715374901
|move|p2a: MY GOAT RAAAHHHH|Protect|p2a: MY GOAT RAAAHHHH
|-singleturn|p2a: MY GOAT RAAAHHHH|Protect
|move|p1a: Alakazam|Psychic|p2a: MY GOAT RAAAHHHH
|-activate|p2a: MY GOAT RAAAHHHH|move: Protect
|
|-heal|p2a: MY GOAT RAAAHHHH|47/100 tox|[from] ability: Poison Heal
|upkeep
|turn|10
|
|t:|1715374910
|move|p1a: Alakazam|Grass Knot|p2a: MY GOAT RAAAHHHH
|-resisted|p2a: MY GOAT RAAAHHHH
|-damage|p2a: MY GOAT RAAAHHHH|33/100 tox
|move|p2a: MY GOAT RAAAHHHH|Drain Punch|p1a: Alakazam
|-resisted|p1a: Alakazam
|-damage|p1a: Alakazam|44/100
|-heal|p2a: MY GOAT RAAAHHHH|56/100 tox|[from] drain|[of] p1a: Alakazam
|
|-heal|p2a: MY GOAT RAAAHHHH|68/100 tox|[from] ability: Poison Heal
|upkeep
|turn|11
|
|t:|1715374914
|switch|p2a: The Big One!!!|Tyranitar, F|100/100
|-damage|p2a: The Big One!!!|88/100|[from] Spikes
|-damage|p2a: The Big One!!!|76/100|[from] Stealth Rock
|-weather|Sandstorm|[from] ability: Sand Stream|[of] p2a: The Big One!!!
|move|p1a: Alakazam|Psychic|p2a: The Big One!!!
|-immune|p2a: The Big One!!!
|
|-weather|Sandstorm|[upkeep]
|upkeep
|turn|12
|
|t:|1715374917
|move|p1a: Alakazam|Grass Knot|p2a: The Big One!!!
|-supereffective|p2a: The Big One!!!
|-damage|p2a: The Big One!!!|24/100
|move|p2a: The Big One!!!|Pursuit|p1a: Alakazam
|-supereffective|p1a: Alakazam
|-damage|p1a: Alakazam|0 fnt
|faint|p1a: Alakazam
|
|-weather|Sandstorm|[upkeep]
|upkeep
|
|t:|1715374923
|switch|p1a: Keldeo|Keldeo|100/100
|turn|13
|
|t:|1715374930
|move|p1a: Keldeo|Secret Sword|p2a: The Big One!!!
|-supereffective|p2a: The Big One!!!
|-enditem|p2a: The Big One!!!|Chople Berry|[eat]
|-enditem|p2a: The Big One!!!|Chople Berry|[weaken]
|-damage|p2a: The Big One!!!|0 fnt
|faint|p2a: The Big One!!!
|
|-weather|Sandstorm|[upkeep]
|-damage|p1a: Keldeo|94/100|[from] Sandstorm
|-heal|p1a: Keldeo|100/100|[from] item: Leftovers
|upkeep
|
|t:|1715374936
|switch|p2a: MY GOAT RAAAHHHH|Breloom, F|68/100 tox
|-damage|p2a: MY GOAT RAAAHHHH|56/100 tox|[from] Spikes
|-damage|p2a: MY GOAT RAAAHHHH|49/100 tox|[from] Stealth Rock
|turn|14
|
|t:|1715374946
|move|p2a: MY GOAT RAAAHHHH|Protect|p2a: MY GOAT RAAAHHHH
|-singleturn|p2a: MY GOAT RAAAHHHH|Protect
|move|p1a: Keldeo|Secret Sword|p2a: MY GOAT RAAAHHHH
|-activate|p2a: MY GOAT RAAAHHHH|move: Protect
|
|-weather|Sandstorm|[upkeep]
|-damage|p1a: Keldeo|94/100|[from] Sandstorm
|-damage|p2a: MY GOAT RAAAHHHH|43/100 tox|[from] Sandstorm
|-heal|p1a: Keldeo|100/100|[from] item: Leftovers
|-heal|p2a: MY GOAT RAAAHHHH|56/100 tox|[from] ability: Poison Heal
|upkeep
|turn|15
|
|t:|1715374950
|move|p1a: Keldeo|Secret Sword|p2a: MY GOAT RAAAHHHH
|-damage|p2a: MY GOAT RAAAHHHH|0 fnt
|faint|p2a: MY GOAT RAAAHHHH
|
|-weather|Sandstorm|[upkeep]
|-damage|p1a: Keldeo|94/100|[from] Sandstorm
|-heal|p1a: Keldeo|100/100|[from] item: Leftovers
|upkeep
|
|t:|1715374963
|switch|p2a: Broom|Alakazam, F|100/100
|turn|16
|
|t:|1715374967
|switch|p1a: Tyranitar|Tyranitar, F, shiny|100/100
|move|p2a: Broom|Psychic|p1a: Tyranitar
|-immune|p1a: Tyranitar
|
|-weather|Sandstorm|[upkeep]
|upkeep
|turn|17
|
|t:|1715374971
|move|p2a: Broom|Focus Blast|p1a: Tyranitar
|-supereffective|p1a: Tyranitar
|-enditem|p1a: Tyranitar|Chople Berry|[eat]
|-enditem|p1a: Tyranitar|Chople Berry|[weaken]
|-damage|p1a: Tyranitar|61/100
|move|p1a: Tyranitar|Thunder Wave|p2a: Broom
|-status|p2a: Broom|par
|
|-weather|Sandstorm|[upkeep]
|upkeep
|turn|18
|
|t:|1715374976
|move|p1a: Tyranitar|Pursuit|p2a: Broom
|-supereffective|p2a: Broom
|-damage|p2a: Broom|5/100 par
|move|p2a: Broom|Focus Blast|p1a: Tyranitar|[miss]
|-miss|p2a: Broom|p1a: Tyranitar
|
|-weather|Sandstorm|[upkeep]
|upkeep
|turn|19
|
|t:|1715374982
|move|p1a: Tyranitar|Pursuit|p2a: Broom
|-supereffective|p2a: Broom
|-damage|p2a: Broom|0 fnt
|faint|p2a: Broom
|
|-weather|Sandstorm|[upkeep]
|upkeep
|
|t:|1715374990
|switch|p2a: OHKO|Excadrill, F|100/100
|-damage|p2a: OHKO|88/100|[from] Spikes
|-damage|p2a: OHKO|85/100|[from] Stealth Rock
|turn|20
|
|t:|1715374995
|move|p2a: OHKO|Iron Head|p1a: Tyranitar
|-supereffective|p1a: Tyranitar
|-damage|p1a: Tyranitar|0 fnt
|faint|p1a: Tyranitar
|
|-weather|Sandstorm|[upkeep]
|-heal|p2a: OHKO|91/100|[from] item: Leftovers
|upkeep
|
|t:|1715374998
|switch|p1a: Keldeo|Keldeo|100/100
|turn|21
|
|t:|1715375003
|switch|p2a: East-Side|Gastrodon-East, M|88/100
|-damage|p2a: East-Side|76/100|[from] Spikes
|-damage|p2a: East-Side|70/100|[from] Stealth Rock
|move|p1a: Keldeo|Secret Sword|p2a: East-Side
|-damage|p2a: East-Side|35/100
|
|-weather|Sandstorm|[upkeep]
|-damage|p1a: Keldeo|94/100|[from] Sandstorm
|-heal|p1a: Keldeo|100/100|[from] item: Leftovers
|-heal|p2a: East-Side|41/100|[from] item: Leftovers
|upkeep
|turn|22
|
|t:|1715375007
|move|p1a: Keldeo|Hidden Power|p2a: East-Side
|-supereffective|p2a: East-Side
|-damage|p2a: East-Side|0 fnt
|faint|p2a: East-Side
|
|-weather|Sandstorm|[upkeep]
|-damage|p1a: Keldeo|94/100|[from] Sandstorm
|-heal|p1a: Keldeo|100/100|[from] item: Leftovers
|upkeep
|
|t:|1715375019
|switch|p2a: freaky-chomp|Garchomp, M|100/100
|-damage|p2a: freaky-chomp|88/100|[from] Spikes
|-damage|p2a: freaky-chomp|82/100|[from] Stealth Rock
|turn|23
|
|t:|1715375023
|move|p2a: freaky-chomp|Outrage|p1a: Keldeo
|-damage|p1a: Keldeo|26/100
|move|p1a: Keldeo|Scald|p2a: freaky-chomp
|-crit|p2a: freaky-chomp
|-damage|p2a: freaky-chomp|0 fnt
|faint|p2a: freaky-chomp
|
|-weather|Sandstorm|[upkeep]
|-damage|p1a: Keldeo|20/100|[from] Sandstorm
|-heal|p1a: Keldeo|26/100|[from] item: Leftovers
|upkeep
|c|☆ImaginewasTaken|nonoooooo
|c|☆ImaginewasTaken|gg
|
|t:|1715375034
|switch|p2a: OHKO|Excadrill, F|91/100
|-damage|p2a: OHKO|79/100|[from] Spikes
|-damage|p2a: OHKO|76/100|[from] Stealth Rock
|turn|24
|
|t:|1715375054
|move|p2a: OHKO|Protect|p2a: OHKO
|-singleturn|p2a: OHKO|Protect
|move|p1a: Keldeo|Secret Sword|p2a: OHKO
|-activate|p2a: OHKO|move: Protect
|
|-weather|Sandstorm|[upkeep]
|-damage|p1a: Keldeo|20/100|[from] Sandstorm
|-heal|p1a: Keldeo|26/100|[from] item: Leftovers
|-heal|p2a: OHKO|82/100|[from] item: Leftovers
|upkeep
|turn|25
|
|t:|1715375059
|move|p1a: Keldeo|Secret Sword|p2a: OHKO
|-supereffective|p2a: OHKO
|-damage|p2a: OHKO|0 fnt
|faint|p2a: OHKO
|
|win|Blossummm
|raw|Blossummm's rating: 1334 &rarr; <strong>1359</strong><br />(+25 for winning)
|raw|ImaginewasTaken's rating: 1431 &rarr; <strong>1406</strong><br />(-25 for losing)
|l|☆ImaginewasTaken
|player|p2|
|l|☆Blossummm
|player|p1|
|j|☆Blossummm
|player|p1|Blossummm|roxie|
