|join|Ryan House
|join|FS Princess Anna
|player|p1|Ryan House|52
|player|p2|FS Princess Anna|96
|gametype|singles
|gen|5
|tier|[Gen 5] OU
|rated
|rule|Evasion Abilities Clause: Evasion abilities are banned
|clearpoke
|poke|p1|Hydreigon, M
|poke|p1|Skarmory, M
|poke|p1|Celebi, shiny
|poke|p1|Heatran, M
|poke|p1|Alakazam, M
|poke|p1|Scizor, M
|poke|p2|Politoed, M
|poke|p2|Gliscor, M
|poke|p2|Kyurem
|poke|p2|Chansey, F
|poke|p2|Tentacruel, M
|poke|p2|Skarmory, M
|rule|Sleep Clause Mod: Limit one foe put to sleep
|rule|Species Clause: Limit one of each Pokemon
|rule|OHKO Clause: OHKO moves are banned
|rule|Moody Clause: Moody is banned
|rule|Evasion Moves Clause: Evasion moves are banned
|rule|Endless Battle Clause: Forcing endless battles is banned.
|rule|HP Percentage Mod: HP is reported as percentages
|teampreview
|
|start
|switch|p1a: Celebi|Celebi, shiny|404/404
|switch|p2a: Gliscor|Gliscor, M|353/353
|turn|1
|
|move|p1a: Celebi|Trick|p2a: Gliscor
|-activate|p1a: Celebi|move: Trick|[of] p2a: Gliscor
|-item|p2a: Gliscor|Choice Scarf|[from] move: Trick
|-item|p1a: Celebi|Toxic Orb|[from] move: Trick
|move|p2a: Gliscor|Taunt|p1a: Celebi
|-start|p1a: Celebi|move: Taunt
|
|-status|p1a: Celebi|tox|[from] item: Toxic Orb
|turn|2
|chat|FS Princess Anna|ugh
|
|switch|p2a: Kyurem|Kyurem|404/404
|-ability|p2a: Kyurem|Pressure
|move|p1a: Celebi|Giga Drain|p2a: Kyurem
|-resisted|p2a: Kyurem
|-damage|p2a: Kyurem|353/404
|
|-heal|p2a: Kyurem|378/404|[from] item: Leftovers
|-damage|p1a: Celebi|379/404 tox|[from] psn
|turn|3
|
|switch|p1a: Knightmare|Scizor, M|282/282
|move|p2a: Kyurem|Substitute|p2a: Kyurem
|-start|p2a: Kyurem|Substitute
|-damage|p2a: Kyurem|277/404
|
|-heal|p2a: Kyurem|302/404|[from] item: Leftovers
|turn|4
|
|move|p1a: Knightmare|Bullet Punch|p2a: Kyurem
|-crit|p2a: Kyurem
|-supereffective|p2a: Kyurem
|-end|p2a: Kyurem|Substitute
|move|p2a: Kyurem|Earth Power|p1a: Knightmare
|-damage|p1a: Knightmare|137/282
|
|-heal|p2a: Kyurem|327/404|[from] item: Leftovers
|turn|5
|
|switch|p2a: Politoed|Politoed, M|384/384
|-weather|RainDance|[from] ability: Drizzle|[of] p2a: Politoed
|switch|p1a: Celebi|Celebi, shiny|379/404
|
|-weather|RainDance|[upkeep]
|-status|p1a: Celebi|tox|[from] item: Toxic Orb
|turn|6
|
|switch|p2a: Chansey|Chansey, F|642/642
|move|p1a: Celebi|Trick|p2a: Chansey
|-activate|p1a: Celebi|move: Trick|[of] p2a: Chansey
|-item|p2a: Chansey|Toxic Orb|[from] move: Trick
|-item|p1a: Celebi|Eviolite|[from] move: Trick
|
|-weather|RainDance|[upkeep]
|-damage|p1a: Celebi|354/404 tox|[from] psn
|-status|p2a: Chansey|tox|[from] item: Toxic Orb
|turn|7
|
|switch|p1a: Skarmory|Skarmory, M|334/334
|move|p2a: Chansey|Stealth Rock|p1a: Skarmory
|-sidestart|p1: Ryan House|move: Stealth Rock
|
|-weather|RainDance|[upkeep]
|-damage|p2a: Chansey|602/642 tox|[from] psn
|turn|8
|join|Moeblob
|
|switch|p2a: Skarmory|Skarmory, M|334/334
|move|p1a: Skarmory|Spikes|p2a: Skarmory
|-sidestart|p2: FS Princess Anna|Spikes
|
|-weather|RainDance|[upkeep]
|turn|9
|
|switch|p1a: Heatran|Heatran, M|386/386
|-damage|p1a: Heatran|338/386|[from] Stealth Rock
|move|p2a: Skarmory|Spikes|p1a: Heatran
|-sidestart|p1: Ryan House|Spikes
|
|-weather|RainDance|[upkeep]
|-heal|p1a: Heatran|362/386|[from] item: Leftovers
|turn|10
|
|move|p1a: Heatran|Stealth Rock|p2a: Skarmory
|-sidestart|p2: FS Princess Anna|move: Stealth Rock
|move|p2a: Skarmory|Spikes|p1a: Heatran
|-sidestart|p1: Ryan House|Spikes
|
|-weather|RainDance|[upkeep]
|-heal|p1a: Heatran|386/386|[from] item: Leftovers
|turn|11
|
|move|p1a: Heatran|Lava Plume|p2a: Skarmory
|-supereffective|p2a: Skarmory
|-damage|p2a: Skarmory|178/334
|move|p2a: Skarmory|Spikes|p1a: Heatran
|-sidestart|p1: Ryan House|Spikes
|
|-weather|RainDance|[upkeep]
|-heal|p2a: Skarmory|198/334|[from] item: Leftovers
|turn|12
|
|switch|p2a: Tentacruel|Tentacruel, M|352/352
|-damage|p2a: Tentacruel|308/352|[from] Spikes
|-damage|p2a: Tentacruel|264/352|[from] Stealth Rock
|move|p1a: Heatran|Earth Power|p2a: Tentacruel
|-supereffective|p2a: Tentacruel
|-damage|p2a: Tentacruel|128/352
|
|-weather|RainDance|[upkeep]
|-heal|p2a: Tentacruel|150/352|[from] ability: Rain Dish
|-heal|p2a: Tentacruel|172/352|[from] item: Leftovers
|turn|13
|
|move|p2a: Tentacruel|Rapid Spin|p1a: Heatran
|-resisted|p1a: Heatran
|-damage|p1a: Heatran|382/386
|-sideend|p2: FS Princess Anna|Spikes|[from] move: Rapid Spin|[of] p2a: Tentacruel
|-sideend|p2: FS Princess Anna|Stealth Rock|[from] move: Rapid Spin|[of] p2a: Tentacruel
|move|p1a: Heatran|Earth Power|p2a: Tentacruel
|-supereffective|p2a: Tentacruel
|-damage|p2a: Tentacruel|26/352
|
|-weather|RainDance|[upkeep]
|-heal|p2a: Tentacruel|48/352|[from] ability: Rain Dish
|-heal|p2a: Tentacruel|70/352|[from] item: Leftovers
|-heal|p1a: Heatran|386/386|[from] item: Leftovers
|turn|14
|
|move|p2a: Tentacruel|Protect|p2a: Tentacruel
|-singleturn|p2a: Tentacruel|Protect
|move|p1a: Heatran|Lava Plume|p2a: Tentacruel
|-activate|p2a: Tentacruel|Protect
|
|-weather|RainDance|[upkeep]
|-heal|p2a: Tentacruel|92/352|[from] ability: Rain Dish
|-heal|p2a: Tentacruel|114/352|[from] item: Leftovers
|turn|15
|
|switch|p2a: Kyurem|Kyurem|327/404
|-ability|p2a: Kyurem|Pressure
|move|p1a: Heatran|Earth Power|p2a: Kyurem
|-damage|p2a: Kyurem|230/404
|
|-weather|RainDance|[upkeep]
|-heal|p2a: Kyurem|255/404|[from] item: Leftovers
|turn|16
|
|move|p2a: Kyurem|Substitute|p2a: Kyurem
|-start|p2a: Kyurem|Substitute
|-damage|p2a: Kyurem|154/404
|move|p1a: Heatran|Roar|p2a: Kyurem
|drag|p2a: Chansey|Chansey, F|602/642
|
|-weather|RainDance|[upkeep]
|-status|p2a: Chansey|tox|[from] item: Toxic Orb
|turn|17
|
|switch|p2a: Gliscor|Gliscor, M|353/353
|move|p1a: Heatran|Stealth Rock|p2a: Gliscor
|-sidestart|p2: FS Princess Anna|move: Stealth Rock
|
|-weather|RainDance|[upkeep]
|turn|18
|
|switch|p2a: Tentacruel|Tentacruel, M|114/352
|-damage|p2a: Tentacruel|70/352|[from] Stealth Rock
|switch|p1a: Hydreigon|Hydreigon, M|336/336
|-damage|p1a: Hydreigon|294/336|[from] Stealth Rock
|
|-weather|RainDance|[upkeep]
|-heal|p2a: Tentacruel|92/352|[from] ability: Rain Dish
|-heal|p1a: Hydreigon|315/336|[from] item: Leftovers
|-heal|p2a: Tentacruel|114/352|[from] item: Leftovers
|turn|19
|
|move|p2a: Tentacruel|Protect|p2a: Tentacruel
|-singleturn|p2a: Tentacruel|Protect
|move|p1a: Hydreigon|Draco Meteor|p2a: Tentacruel
|-activate|p2a: Tentacruel|Protect
|
|-weather|RainDance|[upkeep]
|-heal|p2a: Tentacruel|136/352|[from] ability: Rain Dish
|-heal|p1a: Hydreigon|336/336|[from] item: Leftovers
|-heal|p2a: Tentacruel|158/352|[from] item: Leftovers
|turn|20
|
|switch|p2a: Chansey|Chansey, F|602/642
|-damage|p2a: Chansey|522/642|[from] Stealth Rock
|move|p1a: Hydreigon|Draco Meteor|p2a: Chansey
|-damage|p2a: Chansey|326/642
|-unboost|p1a: Hydreigon|spa|2
|
|-weather|RainDance|[upkeep]
|-status|p2a: Chansey|tox|[from] item: Toxic Orb
|turn|21
|
|switch|p1a: Skarmory|Skarmory, M|334/334
|-damage|p1a: Skarmory|293/334|[from] Stealth Rock
|move|p2a: Chansey|Toxic|p1a: Skarmory
|-fail|p1a: Skarmory
|
|-weather|RainDance|[upkeep]
|-heal|p1a: Skarmory|313/334|[from] item: Leftovers
|-damage|p2a: Chansey|286/642 tox|[from] psn
|turn|22
|
|move|p2a: Chansey|Soft-Boiled|p2a: Chansey
|-heal|p2a: Chansey|607/642 tox
|move|p1a: Skarmory|Whirlwind|p2a: Chansey
|drag|p2a: Politoed|Politoed, M|384/384
|-damage|p2a: Politoed|336/384|[from] Stealth Rock
|
|-weather|RainDance|[upkeep]
|-heal|p1a: Skarmory|333/334|[from] item: Leftovers
|-heal|p2a: Politoed|360/384|[from] item: Leftovers
|turn|23
|
|switch|p1a: Celebi|Celebi, shiny|354/404
|-damage|p1a: Celebi|304/404|[from] Stealth Rock
|-damage|p1a: Celebi|203/404|[from] Spikes
|move|p2a: Politoed|Scald|p1a: Celebi
|-resisted|p1a: Celebi
|-damage|p1a: Celebi|154/404
|-status|p1a: Celebi|brn
|
|-weather|RainDance|[upkeep]
|-heal|p2a: Politoed|384/384|[from] item: Leftovers
|-damage|p1a: Celebi|104/404 brn|[from] brn
|turn|24
|
|move|p1a: Celebi|Giga Drain|p2a: Politoed
|-supereffective|p2a: Politoed
|-damage|p2a: Politoed|190/384
|-heal|p1a: Celebi|201/404 brn|[from] drain|[of] p2a: Politoed
|move|p2a: Politoed|Ice Beam|p1a: Celebi
|-supereffective|p1a: Celebi
|-damage|p1a: Celebi|107/404 brn
|
|-weather|RainDance|[upkeep]
|-heal|p2a: Politoed|214/384|[from] item: Leftovers
|-damage|p1a: Celebi|57/404 brn|[from] brn
|turn|25
|
|switch|p2a: Skarmory|Skarmory, M|198/334
|-damage|p2a: Skarmory|157/334|[from] Stealth Rock
|move|p1a: Celebi|Psychic|p2a: Skarmory
|-resisted|p2a: Skarmory
|-damage|p2a: Skarmory|94/334
|
|-weather|RainDance|[upkeep]
|-heal|p2a: Skarmory|114/334|[from] item: Leftovers
|-damage|p1a: Celebi|7/404 brn|[from] brn
|turn|26
|
|move|p1a: Celebi|Trick|p2a: Skarmory
|-activate|p1a: Celebi|move: Trick|[of] p2a: Skarmory
|-item|p2a: Skarmory|Eviolite|[from] move: Trick
|-item|p1a: Celebi|Leftovers|[from] move: Trick
|move|p2a: Skarmory|Roost|p2a: Skarmory
|-heal|p2a: Skarmory|281/334
|
|-weather|RainDance|[upkeep]
|-heal|p1a: Celebi|32/404 brn|[from] item: Leftovers
|-damage|p1a: Celebi|0 fnt|[from] brn
|faint|p1a: Celebi
|
|switch|p1a: Hydreigon|Hydreigon, M|336/336
|-damage|p1a: Hydreigon|294/336|[from] Stealth Rock
|turn|27
|
|move|p1a: Hydreigon|Flamethrower|p2a: Skarmory
|-supereffective|p2a: Skarmory
|-damage|p2a: Skarmory|153/334
|-status|p2a: Skarmory|brn
|move|p2a: Skarmory|Brave Bird|p1a: Hydreigon
|-crit|p1a: Hydreigon
|-damage|p1a: Hydreigon|155/336
|-damage|p2a: Skarmory|107/334 brn|[from] recoil|[of] p1a: Hydreigon
|
|-weather|RainDance|[upkeep]
|-heal|p1a: Hydreigon|176/336|[from] item: Leftovers
|-damage|p2a: Skarmory|66/334 brn|[from] brn
|turn|28
|
|move|p1a: Hydreigon|Roost|p1a: Hydreigon
|-heal|p1a: Hydreigon|336/336
|move|p2a: Skarmory|Brave Bird|p1a: Hydreigon
|-damage|p1a: Hydreigon|275/336
|-damage|p2a: Skarmory|46/334 brn|[from] recoil|[of] p1a: Hydreigon
|
|-weather|RainDance|[upkeep]
|-heal|p1a: Hydreigon|296/336|[from] item: Leftovers
|-damage|p2a: Skarmory|5/334 brn|[from] brn
|turn|29
|
|switch|p2a: Chansey|Chansey, F|607/642
|-damage|p2a: Chansey|527/642|[from] Stealth Rock
|move|p1a: Hydreigon|Flamethrower|p2a: Chansey
|-damage|p2a: Chansey|484/642
|
|-weather|RainDance|[upkeep]
|-heal|p1a: Hydreigon|317/336|[from] item: Leftovers
|-status|p2a: Chansey|tox|[from] item: Toxic Orb
|turn|30
|
|switch|p1a: Skarmory|Skarmory, M|333/334
|-damage|p1a: Skarmory|292/334|[from] Stealth Rock
|switch|p2a: Tentacruel|Tentacruel, M|158/352
|-damage|p2a: Tentacruel|114/352|[from] Stealth Rock
|
|-weather|RainDance|[upkeep]
|-heal|p2a: Tentacruel|136/352|[from] ability: Rain Dish
|-heal|p2a: Tentacruel|158/352|[from] item: Leftovers
|-heal|p1a: Skarmory|312/334|[from] item: Leftovers
|turn|31
|
|switch|p1a: Hydreigon|Hydreigon, M|317/336
|-damage|p1a: Hydreigon|275/336|[from] Stealth Rock
|move|p2a: Tentacruel|Rapid Spin|p1a: Hydreigon
|-damage|p1a: Hydreigon|264/336
|-sideend|p2: FS Princess Anna|Stealth Rock|[from] move: Rapid Spin|[of] p2a: Tentacruel
|
|-weather|RainDance|[upkeep]
|-heal|p2a: Tentacruel|180/352|[from] ability: Rain Dish
|-heal|p1a: Hydreigon|285/336|[from] item: Leftovers
|-heal|p2a: Tentacruel|202/352|[from] item: Leftovers
|turn|32
|
|move|p2a: Tentacruel|Protect|p2a: Tentacruel
|-singleturn|p2a: Tentacruel|Protect
|move|p1a: Hydreigon|Draco Meteor|p2a: Tentacruel
|-activate|p2a: Tentacruel|Protect
|
|-weather|RainDance|[upkeep]
|-heal|p2a: Tentacruel|224/352|[from] ability: Rain Dish
|-heal|p1a: Hydreigon|306/336|[from] item: Leftovers
|-heal|p2a: Tentacruel|246/352|[from] item: Leftovers
|turn|33
|
|switch|p2a: Skarmory|Skarmory, M|5/334 brn
|move|p1a: Hydreigon|Dark Pulse|p2a: Skarmory
|-resisted|p2a: Skarmory
|-damage|p2a: Skarmory|0 fnt
|faint|p2a: Skarmory
|
|-weather|RainDance|[upkeep]
|-heal|p1a: Hydreigon|327/336|[from] item: Leftovers
|
|switch|p2a: Chansey|Chansey, F|484/642
|turn|34
|
|switch|p1a: Skarmory|Skarmory, M|312/334
|-damage|p1a: Skarmory|271/334|[from] Stealth Rock
|move|p2a: Chansey|Toxic|p1a: Skarmory
|-fail|p1a: Skarmory
|
|-weather|RainDance|[upkeep]
|-heal|p1a: Skarmory|291/334|[from] item: Leftovers
|-status|p2a: Chansey|tox|[from] item: Toxic Orb
|turn|35
|
|switch|p2a: Kyurem|Kyurem|154/404
|-ability|p2a: Kyurem|Pressure
|move|p1a: Skarmory|Spikes|p2a: Kyurem
|-sidestart|p2: FS Princess Anna|Spikes
|
|-weather|RainDance|[upkeep]
|-heal|p2a: Kyurem|179/404|[from] item: Leftovers
|-heal|p1a: Skarmory|311/334|[from] item: Leftovers
|turn|36
|
|move|p2a: Kyurem|Ice Beam|p1a: Skarmory
|-damage|p1a: Skarmory|113/334
|move|p1a: Skarmory|Whirlwind|p2a: Kyurem
|drag|p2a: Politoed|Politoed, M|214/384
|-damage|p2a: Politoed|166/384|[from] Spikes
|
|-weather|RainDance|[upkeep]
|-heal|p1a: Skarmory|133/334|[from] item: Leftovers
|-heal|p2a: Politoed|190/384|[from] item: Leftovers
|turn|37
|
|move|p1a: Skarmory|Roost|p1a: Skarmory
|-heal|p1a: Skarmory|300/334
|move|p2a: Politoed|Ice Beam|p1a: Skarmory
|-resisted|p1a: Skarmory
|-damage|p1a: Skarmory|262/334
|
|-weather|RainDance|[upkeep]
|-heal|p1a: Skarmory|282/334|[from] item: Leftovers
|-heal|p2a: Politoed|214/384|[from] item: Leftovers
|turn|38
|
|switch|p2a: Tentacruel|Tentacruel, M|246/352
|-damage|p2a: Tentacruel|202/352|[from] Spikes
|move|p1a: Skarmory|Whirlwind|p2a: Tentacruel
|drag|p2a: Gliscor|Gliscor, M|353/353
|
|-weather|RainDance|[upkeep]
|-heal|p1a: Skarmory|302/334|[from] item: Leftovers
|turn|39
|
|switch|p1a: Alakazam|Alakazam, M|252/252
|move|p2a: Gliscor|Toxic|p1a: Alakazam
|-status|p1a: Alakazam|tox
|
|-weather|RainDance|[upkeep]
|turn|40
|
|switch|p2a: Chansey|Chansey, F|484/642
|-damage|p2a: Chansey|404/642|[from] Spikes
|move|p1a: Alakazam|Psyshock|p2a: Chansey
|-damage|p2a: Chansey|134/642
|
|-weather|RainDance|[upkeep]
|-status|p2a: Chansey|tox|[from] item: Toxic Orb
|turn|41
|
|move|p1a: Alakazam|Psyshock|p2a: Chansey
|-damage|p2a: Chansey|0 fnt
|faint|p2a: Chansey
|
|-weather|RainDance|[upkeep]
|
|switch|p2a: Gliscor|Gliscor, M|353/353
|turn|42
|
|move|p1a: Alakazam|Hidden Power|p2a: Gliscor
|-supereffective|p2a: Gliscor
|-damage|p2a: Gliscor|0 fnt
|faint|p2a: Gliscor
|
|-weather|RainDance|[upkeep]
|-message|FS Princess Anna forfeited.
|
|win|Ryan House
|raw|Ladder updating...
|raw|Ryan House's rating: 1331 &rarr; <strong>1354</strong><br />(+23 for winning)
|raw|FS Princess Anna's rating: 1395 &rarr; <strong>1371</strong><br />(-24 for losing)
|leave|FS Princess Anna
|player|p2
|leave|Moeblob
|chat|Ryan House|gg