|j|☆yxuuu
|j|☆Crimsonbacon38
|t:|1726865060
|gametype|singles
|player|p1|yxuuu|lady-gen4|1350
|player|p2|Crimsonbacon38|barry|1324
|teamsize|p1|6
|teamsize|p2|6
|gen|5
|tier|[Gen 5] OU
|rated|
|rule|Species Clause: Limit one of each Pokémon
|rule|OHKO Clause: OHKO moves are banned
|rule|Moody Clause: Moody is banned
|rule|Evasion Items Clause: Evasion items are banned
|rule|Evasion Moves Clause: Evasion moves are banned
|rule|Endless Battle Clause: Forcing endless battles is banned
|rule|HP Percentage Mod: HP is shown in percentages
|rule|Evasion Abilities Clause: Evasion abilities are banned
|rule|Sleep Moves Clause: Sleep-inducing moves are banned
|rule|Swagger Clause: Swagger is banned
|rule|Baton Pass Stat Clause: No Baton Passer may have a way to boost its stats
|clearpoke
|poke|p1|Latias, F|item
|poke|p1|Alakazam, M|item
|poke|p1|Clefable, M|item
|poke|p1|Hippowdon, F|item
|poke|p1|Reuniclus, M|item
|poke|p1|Skarmory, F|item
|poke|p2|Abomasnow, F|item
|poke|p2|Garchomp, M|item
|poke|p2|Forretress, F|item
|poke|p2|Latios, M|item
|poke|p2|Scizor, M|item
|poke|p2|Reuniclus, F|item
|teampreview
|
|t:|1726865068
|start
|switch|p1a: Clefable|Clefable, M|100/100
|switch|p2a: Abomasnow|Abomasnow, F|100/100
|-weather|Hail|[from] ability: Snow Warning|[of] p2a: Abomasnow
|turn|1
|
|t:|1726865081
|switch|p2a: Forretress|Forretress, F|100/100
|move|p1a: Clefable|Knock Off|p2a: Forretress
|-resisted|p2a: Forretress
|-damage|p2a: Forretress|99/100
|-enditem|p2a: Forretress|Leftovers|[from] move: Knock Off|[of] p1a: Clefable
|
|-weather|Hail|[upkeep]
|upkeep
|turn|2
|
|t:|1726865098
|move|p1a: Clefable|Thunder Wave|p2a: Forretress
|-status|p2a: Forretress|par
|move|p2a: Forretress|Volt Switch|p1a: Clefable
|-damage|p1a: Clefable|93/100
|
|t:|1726865103
|switch|p2a: Scizor|Scizor, M|100/100|[from] Volt Switch
|
|-weather|Hail|[upkeep]
|-damage|p2a: Scizor|94/100|[from] Hail
|-heal|p1a: Clefable|99/100|[from] item: Leftovers
|upkeep
|turn|3
|
|t:|1726865109
|switch|p1a: Skarmory|Skarmory, F|100/100
|move|p2a: Scizor|Superpower|p1a: Skarmory
|-damage|p1a: Skarmory|58/100
|-unboost|p2a: Scizor|atk|1
|-unboost|p2a: Scizor|def|1
|
|-weather|Hail|[upkeep]
|-damage|p2a: Scizor|88/100|[from] Hail
|-damage|p1a: Skarmory|52/100|[from] Hail
|-heal|p1a: Skarmory|58/100|[from] item: Leftovers
|upkeep
|turn|4
|
|t:|1726865114
|switch|p2a: Garchomp|Garchomp, M|100/100
|move|p1a: Skarmory|Roost|p1a: Skarmory
|-heal|p1a: Skarmory|100/100
|-singleturn|p1a: Skarmory|move: Roost
|
|-weather|Hail|[upkeep]
|-damage|p2a: Garchomp|94/100|[from] Hail
|-damage|p1a: Skarmory|95/100|[from] Hail
|-heal|p2a: Garchomp|100/100|[from] item: Leftovers
|-heal|p1a: Skarmory|100/100|[from] item: Leftovers
|upkeep
|turn|5
|
|t:|1726865122
|switch|p1a: Hippowdon|Hippowdon, F|100/100
|-weather|Sandstorm|[from] ability: Sand Stream|[of] p1a: Hippowdon
|move|p2a: Garchomp|Stealth Rock|p1a: Hippowdon
|-sidestart|p1: yxuuu|move: Stealth Rock
|
|-weather|Sandstorm|[upkeep]
|upkeep
|turn|6
|
|t:|1726865174
|switch|p2a: Forretress|Forretress, F|99/100 par
|move|p1a: Hippowdon|Stealth Rock|p2a: Forretress
|-sidestart|p2: Crimsonbacon38|move: Stealth Rock
|
|-weather|Sandstorm|[upkeep]
|upkeep
|turn|7
|
|t:|1726865180
|move|p1a: Hippowdon|Earthquake|p2a: Forretress
|-damage|p2a: Forretress|74/100 par
|cant|p2a: Forretress|par
|
|-weather|Sandstorm|[upkeep]
|upkeep
|turn|8
|
|t:|1726865185
|move|p1a: Hippowdon|Earthquake|p2a: Forretress
|-damage|p2a: Forretress|47/100 par
|move|p2a: Forretress|Volt Switch|p1a: Hippowdon
|-immune|p1a: Hippowdon
|
|-weather|Sandstorm|[upkeep]
|upkeep
|turn|9
|
|t:|1726865192
|switch|p2a: Abomasnow|Abomasnow, F|100/100
|-damage|p2a: Abomasnow|76/100|[from] Stealth Rock
|-weather|Hail|[from] ability: Snow Warning|[of] p2a: Abomasnow
|move|p1a: Hippowdon|Earthquake|p2a: Abomasnow
|-resisted|p2a: Abomasnow
|-damage|p2a: Abomasnow|54/100
|
|-weather|Hail|[upkeep]
|-damage|p1a: Hippowdon|94/100|[from] Hail
|-heal|p1a: Hippowdon|100/100|[from] item: Leftovers
|upkeep
|turn|10
|
|t:|1726865198
|switch|p1a: Clefable|Clefable, M|99/100
|move|p2a: Abomasnow|Wood Hammer|p1a: Clefable
|-damage|p1a: Clefable|43/100
|-damage|p2a: Abomasnow|33/100|[from] Recoil
|
|-weather|Hail|[upkeep]
|-heal|p1a: Clefable|49/100|[from] item: Leftovers
|upkeep
|turn|11
|
|t:|1726865207
|switch|p1a: Reuniclus|Reuniclus, M, shiny|100/100
|move|p2a: Abomasnow|Wood Hammer|p1a: Reuniclus
|-damage|p1a: Reuniclus|59/100
|-damage|p2a: Abomasnow|18/100|[from] Recoil
|
|-weather|Hail|[upkeep]
|-heal|p1a: Reuniclus|66/100|[from] item: Leftovers
|upkeep
|turn|12
|
|t:|1726865221
|switch|p2a: Scizor|Scizor, M|88/100
|-damage|p2a: Scizor|76/100|[from] Stealth Rock
|move|p1a: Reuniclus|Recover|p1a: Reuniclus
|-heal|p1a: Reuniclus|100/100
|
|-weather|Hail|[upkeep]
|-damage|p2a: Scizor|70/100|[from] Hail
|upkeep
|turn|13
|
|t:|1726865227
|switch|p1a: Hippowdon|Hippowdon, F|100/100
|-damage|p1a: Hippowdon|94/100|[from] Stealth Rock
|-weather|Sandstorm|[from] ability: Sand Stream|[of] p1a: Hippowdon
|move|p2a: Scizor|U-turn|p1a: Hippowdon
|-crit|p1a: Hippowdon
|-damage|p1a: Hippowdon|11/100
|
|t:|1726865282
|switch|p2a: Latios|Latios, M|100/100|[from] U-turn
|-damage|p2a: Latios|88/100|[from] Stealth Rock
|
|-weather|Sandstorm|[upkeep]
|-damage|p2a: Latios|82/100|[from] Sandstorm
|-heal|p1a: Hippowdon|17/100|[from] item: Leftovers
|upkeep
|turn|14
|
|t:|1726865291
|switch|p1a: Skarmory|Skarmory, F|100/100
|-damage|p1a: Skarmory|88/100|[from] Stealth Rock
|move|p2a: Latios|Surf|p1a: Skarmory
|-damage|p1a: Skarmory|44/100
|
|-weather|Sandstorm|[upkeep]
|-damage|p2a: Latios|76/100|[from] Sandstorm
|-heal|p1a: Skarmory|50/100|[from] item: Leftovers
|upkeep
|turn|15
|
|t:|1726865302
|move|p2a: Latios|Surf|p1a: Skarmory
|-damage|p1a: Skarmory|6/100
|move|p1a: Skarmory|Roost|p1a: Skarmory
|-heal|p1a: Skarmory|56/100
|-singleturn|p1a: Skarmory|move: Roost
|
|-weather|Sandstorm|[upkeep]
|-damage|p2a: Latios|70/100|[from] Sandstorm
|-heal|p1a: Skarmory|62/100|[from] item: Leftovers
|upkeep
|turn|16
|
|t:|1726865307
|move|p2a: Latios|Surf|p1a: Skarmory
|-crit|p1a: Skarmory
|-damage|p1a: Skarmory|0 fnt
|faint|p1a: Skarmory
|
|-weather|Sandstorm|[upkeep]
|-damage|p2a: Latios|64/100|[from] Sandstorm
|upkeep
|
|t:|1726865316
|switch|p1a: Clefable|Clefable, M|49/100
|turn|17
|
|t:|1726865327
|switch|p2a: Forretress|Forretress, F|47/100 par
|-damage|p2a: Forretress|35/100 par|[from] Stealth Rock
|move|p1a: Clefable|Soft-Boiled|p1a: Clefable
|-heal|p1a: Clefable|99/100
|
|-weather|Sandstorm|[upkeep]
|-heal|p1a: Clefable|100/100|[from] item: Leftovers
|upkeep
|turn|18
|
|t:|1726865344
|move|p1a: Clefable|Seismic Toss|p2a: Forretress
|-damage|p2a: Forretress|6/100 par
|move|p2a: Forretress|Earthquake|p1a: Clefable
|-crit|p1a: Clefable
|-damage|p1a: Clefable|54/100
|
|-weather|Sandstorm|[upkeep]
|-heal|p1a: Clefable|60/100|[from] item: Leftovers
|upkeep
|turn|19
|
|t:|1726865352
|move|p1a: Clefable|Seismic Toss|p2a: Forretress
|-damage|p2a: Forretress|0 fnt
|faint|p2a: Forretress
|
|-weather|Sandstorm|[upkeep]
|-heal|p1a: Clefable|66/100|[from] item: Leftovers
|upkeep
|
|t:|1726865368
|switch|p2a: Scizor|Scizor, M|70/100
|-damage|p2a: Scizor|57/100|[from] Stealth Rock
|turn|20
|
|t:|1726865373
|move|p2a: Scizor|U-turn|p1a: Clefable
|-damage|p1a: Clefable|6/100
|
|t:|1726865377
|switch|p2a: Abomasnow|Abomasnow, F|18/100|[from] U-turn
|-damage|p2a: Abomasnow|0 fnt|[from] Stealth Rock
|faint|p2a: Abomasnow
|move|p1a: Clefable|Soft-Boiled|p1a: Clefable
|-heal|p1a: Clefable|56/100
|
|-weather|Sandstorm|[upkeep]
|-heal|p1a: Clefable|62/100|[from] item: Leftovers
|upkeep
|
|t:|1726865392
|switch|p2a: Scizor|Scizor, M|57/100
|-damage|p2a: Scizor|45/100|[from] Stealth Rock
|turn|21
|
|t:|1726865396
|switch|p1a: Hippowdon|Hippowdon, F|17/100
|-damage|p1a: Hippowdon|11/100|[from] Stealth Rock
|move|p2a: Scizor|U-turn|p1a: Hippowdon
|-damage|p1a: Hippowdon|0 fnt
|faint|p1a: Hippowdon
|
|t:|1726865415
|switch|p2a: Garchomp|Garchomp, M|100/100|[from] U-turn
|-damage|p2a: Garchomp|94/100|[from] Stealth Rock
|
|-weather|Sandstorm|[upkeep]
|-heal|p2a: Garchomp|100/100|[from] item: Leftovers
|upkeep
|
|t:|1726865430
|switch|p1a: Reuniclus|Reuniclus, M, shiny|100/100
|turn|22
|
|t:|1726865437
|switch|p1a: Alakazam|Alakazam, M|100/100
|move|p2a: Garchomp|Swords Dance|p2a: Garchomp
|-boost|p2a: Garchomp|atk|2
|
|-weather|Sandstorm|[upkeep]
|upkeep
|turn|23
|
|t:|1726865448
|move|p1a: Alakazam|Psychic|p2a: Garchomp
|-damage|p2a: Garchomp|44/100
|-unboost|p2a: Garchomp|spd|1
|move|p2a: Garchomp|Outrage|p1a: Alakazam
|-enditem|p1a: Alakazam|Focus Sash
|-damage|p1a: Alakazam|1/100
|
|-weather|Sandstorm|[upkeep]
|-heal|p2a: Garchomp|50/100|[from] item: Leftovers
|upkeep
|turn|24
|
|t:|1726865453
|move|p1a: Alakazam|Psychic|p2a: Garchomp
|-damage|p2a: Garchomp|0 fnt
|faint|p2a: Garchomp
|
|-weather|Sandstorm|[upkeep]
|upkeep
|
|t:|1726865458
|switch|p2a: Scizor|Scizor, M|45/100
|-damage|p2a: Scizor|33/100|[from] Stealth Rock
|turn|25
|
|t:|1726865461
|switch|p1a: Clefable|Clefable, M|62/100
|move|p2a: Scizor|Bullet Punch|p1a: Clefable
|-damage|p1a: Clefable|12/100
|
|-weather|Sandstorm|[upkeep]
|-heal|p1a: Clefable|18/100|[from] item: Leftovers
|upkeep
|turn|26
|
|t:|1726865467
|switch|p1a: Reuniclus|Reuniclus, M, shiny|100/100
|move|p2a: Scizor|Bullet Punch|p1a: Reuniclus
|-damage|p1a: Reuniclus|63/100
|
|-weather|Sandstorm|[upkeep]
|-heal|p1a: Reuniclus|70/100|[from] item: Leftovers
|upkeep
|turn|27
|
|t:|1726865474
|switch|p2a: Latios|Latios, M|64/100
|-damage|p2a: Latios|52/100|[from] Stealth Rock
|move|p1a: Reuniclus|Recover|p1a: Reuniclus
|-heal|p1a: Reuniclus|100/100
|
|-weather|Sandstorm|[upkeep]
|-damage|p2a: Latios|46/100|[from] Sandstorm
|upkeep
|turn|28
|
|t:|1726865478
|switch|p1a: Latias|Latias, F|100/100
|-damage|p1a: Latias|88/100|[from] Stealth Rock
|move|p2a: Latios|Trick|p1a: Latias
|-activate|p2a: Latios|move: Trick|[of] p1a: Latias
|-item|p1a: Latias|Choice Scarf|[from] move: Trick
|-item|p2a: Latios|Leftovers|[from] move: Trick
|
|-weather|Sandstorm|[upkeep]
|-damage|p1a: Latias|82/100|[from] Sandstorm
|-damage|p2a: Latios|40/100|[from] Sandstorm
|-heal|p2a: Latios|46/100|[from] item: Leftovers
|upkeep
|turn|29
|
|t:|1726865490
|move|p2a: Latios|Draco Meteor|p1a: Latias
|-supereffective|p1a: Latias
|-damage|p1a: Latias|0 fnt
|-unboost|p2a: Latios|spa|2
|faint|p1a: Latias
|
|-weather|Sandstorm|[upkeep]
|-damage|p2a: Latios|40/100|[from] Sandstorm
|-heal|p2a: Latios|46/100|[from] item: Leftovers
|upkeep
|
|t:|1726865504
|switch|p1a: Reuniclus|Reuniclus, M, shiny|100/100
|turn|30
|
|t:|1726865512
|move|p2a: Latios|Draco Meteor|p1a: Reuniclus
|-damage|p1a: Reuniclus|69/100
|-unboost|p2a: Latios|spa|2
|move|p1a: Reuniclus|Psyshock|p2a: Latios
|-resisted|p2a: Latios
|-damage|p2a: Latios|24/100
|
|-weather|Sandstorm|[upkeep]
|-damage|p2a: Latios|18/100|[from] Sandstorm
|-heal|p2a: Latios|24/100|[from] item: Leftovers
|-heal|p1a: Reuniclus|75/100|[from] item: Leftovers
|upkeep
|turn|31
|
|t:|1726865521
|move|p2a: Latios|Draco Meteor|p1a: Reuniclus
|-damage|p1a: Reuniclus|53/100
|-unboost|p2a: Latios|spa|2
|move|p1a: Reuniclus|Calm Mind|p1a: Reuniclus
|-boost|p1a: Reuniclus|spa|1
|-boost|p1a: Reuniclus|spd|1
|
|-weather|Sandstorm|[upkeep]
|-damage|p2a: Latios|18/100|[from] Sandstorm
|-heal|p2a: Latios|24/100|[from] item: Leftovers
|-heal|p1a: Reuniclus|59/100|[from] item: Leftovers
|upkeep
|turn|32
|
|t:|1726865528
|switch|p2a: Scizor|Scizor, M|33/100
|-damage|p2a: Scizor|20/100|[from] Stealth Rock
|move|p1a: Reuniclus|Recover|p1a: Reuniclus
|-heal|p1a: Reuniclus|100/100
|
|-weather|Sandstorm|[upkeep]
|upkeep
|turn|33
|
|t:|1726865533
|move|p2a: Scizor|U-turn|p1a: Reuniclus
|-supereffective|p1a: Reuniclus
|-damage|p1a: Reuniclus|14/100
|
|t:|1726865540
|switch|p2a: Latios|Latios, M|24/100|[from] U-turn
|-damage|p2a: Latios|12/100|[from] Stealth Rock
|move|p1a: Reuniclus|Recover|p1a: Reuniclus
|-heal|p1a: Reuniclus|64/100
|
|-weather|Sandstorm|[upkeep]
|-damage|p2a: Latios|6/100|[from] Sandstorm
|-heal|p2a: Latios|12/100|[from] item: Leftovers
|-heal|p1a: Reuniclus|70/100|[from] item: Leftovers
|upkeep
|turn|34
|
|t:|1726865547
|move|p2a: Latios|Draco Meteor|p1a: Reuniclus|[miss]
|-miss|p2a: Latios|p1a: Reuniclus
|move|p1a: Reuniclus|Recover|p1a: Reuniclus
|-heal|p1a: Reuniclus|100/100
|
|-weather|Sandstorm|[upkeep]
|-damage|p2a: Latios|6/100|[from] Sandstorm
|-heal|p2a: Latios|12/100|[from] item: Leftovers
|upkeep
|turn|35
|
|t:|1726865554
|switch|p2a: Reuniclus|Reuniclus, F|100/100
|move|p1a: Reuniclus|Calm Mind|p1a: Reuniclus
|-boost|p1a: Reuniclus|spa|1
|-boost|p1a: Reuniclus|spd|1
|
|-weather|Sandstorm|[upkeep]
|upkeep
|turn|36
|
|t:|1726865557
|move|p1a: Reuniclus|Psyshock|p2a: Reuniclus
|-resisted|p2a: Reuniclus
|-damage|p2a: Reuniclus|78/100
|move|p2a: Reuniclus|Calm Mind|p2a: Reuniclus
|-boost|p2a: Reuniclus|spa|1
|-boost|p2a: Reuniclus|spd|1
|
|-weather|Sandstorm|[upkeep]
|-heal|p2a: Reuniclus|84/100|[from] item: Leftovers
|upkeep
|turn|37
|
|t:|1726865561
|move|p2a: Reuniclus|Calm Mind|p2a: Reuniclus
|-boost|p2a: Reuniclus|spa|1
|-boost|p2a: Reuniclus|spd|1
|move|p1a: Reuniclus|Calm Mind|p1a: Reuniclus
|-boost|p1a: Reuniclus|spa|1
|-boost|p1a: Reuniclus|spd|1
|
|-weather|Sandstorm|[upkeep]
|-heal|p2a: Reuniclus|90/100|[from] item: Leftovers
|upkeep
|turn|38
|
|t:|1726865567
|move|p2a: Reuniclus|Calm Mind|p2a: Reuniclus
|-boost|p2a: Reuniclus|spa|1
|-boost|p2a: Reuniclus|spd|1
|move|p1a: Reuniclus|Calm Mind|p1a: Reuniclus
|-boost|p1a: Reuniclus|spa|1
|-boost|p1a: Reuniclus|spd|1
|
|-weather|Sandstorm|[upkeep]
|-heal|p2a: Reuniclus|96/100|[from] item: Leftovers
|upkeep
|turn|39
|
|t:|1726865569
|move|p2a: Reuniclus|Psychic|p1a: Reuniclus
|-resisted|p1a: Reuniclus
|-damage|p1a: Reuniclus|87/100
|-unboost|p1a: Reuniclus|spd|1
|move|p1a: Reuniclus|Calm Mind|p1a: Reuniclus
|-boost|p1a: Reuniclus|spa|1
|-boost|p1a: Reuniclus|spd|1
|
|-weather|Sandstorm|[upkeep]
|-heal|p2a: Reuniclus|100/100|[from] item: Leftovers
|-heal|p1a: Reuniclus|93/100|[from] item: Leftovers
|upkeep
|turn|40
|
|t:|1726865575
|move|p1a: Reuniclus|Calm Mind|p1a: Reuniclus
|-boost|p1a: Reuniclus|spa|1
|-boost|p1a: Reuniclus|spd|1
|move|p2a: Reuniclus|Psychic|p1a: Reuniclus
|-resisted|p1a: Reuniclus
|-damage|p1a: Reuniclus|82/100
|
|-weather|Sandstorm|[upkeep]
|-heal|p1a: Reuniclus|88/100|[from] item: Leftovers
|upkeep
|turn|41
|
|t:|1726865577
|move|p1a: Reuniclus|Calm Mind|p1a: Reuniclus
|-boost|p1a: Reuniclus|spa|0
|-boost|p1a: Reuniclus|spd|1
|move|p2a: Reuniclus|Psychic|p1a: Reuniclus
|-resisted|p1a: Reuniclus
|-damage|p1a: Reuniclus|76/100
|
|-weather|Sandstorm|[upkeep]
|-heal|p1a: Reuniclus|83/100|[from] item: Leftovers
|upkeep
|turn|42
|
|t:|1726865583
|move|p1a: Reuniclus|Psyshock|p2a: Reuniclus
|-resisted|p2a: Reuniclus
|-damage|p2a: Reuniclus|52/100
|move|p2a: Reuniclus|Psychic|p1a: Reuniclus
|-resisted|p1a: Reuniclus
|-damage|p1a: Reuniclus|71/100
|
|-weather|Sandstorm|[upkeep]
|-heal|p1a: Reuniclus|77/100|[from] item: Leftovers
|-heal|p2a: Reuniclus|58/100|[from] item: Leftovers
|upkeep
|turn|43
|
|t:|1726865588
|move|p1a: Reuniclus|Psyshock|p2a: Reuniclus
|-resisted|p2a: Reuniclus
|-damage|p2a: Reuniclus|9/100
|move|p2a: Reuniclus|Psychic|p1a: Reuniclus
|-resisted|p1a: Reuniclus
|-crit|p1a: Reuniclus
|-damage|p1a: Reuniclus|0 fnt
|faint|p1a: Reuniclus
|
|-weather|Sandstorm|[upkeep]
|-heal|p2a: Reuniclus|16/100|[from] item: Leftovers
|upkeep
|
|t:|1726865594
|switch|p1a: Clefable|Clefable, M|18/100
|turn|44
|
|t:|1726865599
|move|p1a: Clefable|Seismic Toss|p2a: Reuniclus
|-damage|p2a: Reuniclus|0 fnt
|faint|p2a: Reuniclus
|
|-weather|Sandstorm|[upkeep]
|-heal|p1a: Clefable|24/100|[from] item: Leftovers
|upkeep
|
|t:|1726865602
|switch|p2a: Scizor|Scizor, M|20/100
|-damage|p2a: Scizor|8/100|[from] Stealth Rock
|turn|45
|
|t:|1726865608
|move|p2a: Scizor|Bullet Punch|p1a: Clefable
|-damage|p1a: Clefable|0 fnt
|faint|p1a: Clefable
|
|-weather|Sandstorm|[upkeep]
|upkeep
|
|t:|1726865611
|switch|p1a: Alakazam|Alakazam, M|1/100
|turn|46
|
|t:|1726865613
|move|p2a: Scizor|Bullet Punch|p1a: Alakazam
|-damage|p1a: Alakazam|0 fnt
|faint|p1a: Alakazam
|
|win|Crimsonbacon38
|raw|yxuuu's rating: 1350 &rarr; <strong>1329</strong><br />(-21 for losing)
|raw|Crimsonbacon38's rating: 1324 &rarr; <strong>1345</strong><br />(+21 for winning)
|l|☆yxuuu
|player|p1|
|c|☆Crimsonbacon38|gg
