|j|☆yusei38
|j|☆Chomp29
|t:|1708152627
|gametype|singles
|player|p1|yusei38|170|1312
|player|p2|Chomp29|brock|1614
|teamsize|p1|6
|teamsize|p2|6
|gen|5
|tier|[Gen 5] OU
|rated|
|rule|Species Clause: Limit one of each Pokémon
|rule|OHKO Clause: OHKO moves are banned
|rule|Moody Clause: Moody is banned
|rule|Evasion Items Clause: Evasion items are banned
|rule|Evasion Moves Clause: Evasion moves are banned
|rule|Endless Battle Clause: Forcing endless battles is banned
|rule|HP Percentage Mod: HP is shown in percentages
|rule|Evasion Abilities Clause: Evasion abilities are banned
|rule|Sleep Moves Clause: Sleep-inducing moves are banned
|rule|Swagger Clause: Swagger is banned
|rule|Baton Pass Stat Clause: No Baton Passer may have a way to boost its stats
|clearpoke
|poke|p1|Politoed, F|item
|poke|p1|Skarmory, F|item
|poke|p1|Espeon, M|item
|poke|p1|Kyurem-Black|item
|poke|p1|Blissey, F|item
|poke|p1|Jolteon, F|item
|poke|p2|Jellicent, F|item
|poke|p2|Alakazam, M|item
|poke|p2|Heatran, F|item
|poke|p2|Latios, M|item
|poke|p2|Tyranitar, F|item
|poke|p2|Skarmory, F|item
|teampreview
|j| SKT T1 Motherfaker
|
|t:|1708152633
|start
|switch|p1a: Kyurem|Kyurem-Black|100/100
|switch|p2a: Heatran|Heatran, F|100/100
|-ability|p1a: Kyurem|Teravolt
|turn|1
|
|t:|1708152646
|switch|p1a: Espeon|Espeon, M, shiny|100/100
|move|p2a: Heatran|Substitute|p2a: Heatran
|-start|p2a: Heatran|Substitute
|-damage|p2a: Heatran|76/100
|
|-heal|p2a: Heatran|82/100|[from] item: Leftovers
|upkeep
|turn|2
|
|t:|1708152651
|move|p2a: Heatran|Lava Plume|p1a: Espeon
|-damage|p1a: Espeon|68/100
|move|p1a: Espeon|Hidden Power|p2a: Heatran
|-supereffective|p2a: Heatran
|-end|p2a: Heatran|Substitute
|-damage|p1a: Espeon|58/100|[from] item: Life Orb
|
|-heal|p2a: Heatran|88/100|[from] item: Leftovers
|upkeep
|turn|3
|
|t:|1708152657
|switch|p1a: Politoed|Politoed, F, shiny|100/100
|-weather|RainDance|[from] ability: Drizzle|[of] p1a: Politoed
|move|p2a: Heatran|Lava Plume|p1a: Politoed
|-resisted|p1a: Politoed
|-damage|p1a: Politoed|92/100
|
|-weather|RainDance|[upkeep]
|-heal|p2a: Heatran|94/100|[from] item: Leftovers
|-heal|p1a: Politoed|98/100|[from] item: Leftovers
|upkeep
|turn|4
|
|t:|1708152670
|switch|p1a: Kyurem|Kyurem-Black|100/100
|-ability|p1a: Kyurem|Teravolt
|move|p2a: Heatran|Substitute|p2a: Heatran
|-start|p2a: Heatran|Substitute
|-damage|p2a: Heatran|69/100
|
|-weather|RainDance|[upkeep]
|-heal|p2a: Heatran|75/100|[from] item: Leftovers
|upkeep
|turn|5
|
|t:|1708152687
|move|p2a: Heatran|Stealth Rock|p1a: Kyurem
|-sidestart|p1: yusei38|move: Stealth Rock
|move|p1a: Kyurem|Outrage|p2a: Heatran
|-resisted|p2a: Heatran
|-end|p2a: Heatran|Substitute
|
|-weather|RainDance|[upkeep]
|-heal|p2a: Heatran|81/100|[from] item: Leftovers
|upkeep
|turn|6
|
|t:|1708152692
|move|p2a: Heatran|Lava Plume|p1a: Kyurem
|-damage|p1a: Kyurem|84/100
|-status|p1a: Kyurem|brn
|move|p1a: Kyurem|Outrage|p2a: Heatran|[from]lockedmove
|-resisted|p2a: Heatran
|-damage|p2a: Heatran|53/100
|
|-weather|RainDance|[upkeep]
|-heal|p2a: Heatran|59/100|[from] item: Leftovers
|-damage|p1a: Kyurem|72/100 brn|[from] brn
|upkeep
|turn|7
|
|t:|1708152700
|move|p2a: Heatran|Protect|p2a: Heatran
|-singleturn|p2a: Heatran|Protect
|move|p1a: Kyurem|Outrage|p2a: Heatran|[from]lockedmove
|-activate|p2a: Heatran|move: Protect
|-start|p1a: Kyurem|confusion|[fatigue]
|
|-weather|RainDance|[upkeep]
|-heal|p2a: Heatran|65/100|[from] item: Leftovers
|-damage|p1a: Kyurem|60/100 brn|[from] brn
|upkeep
|turn|8
|
|t:|1708152707
|switch|p2a: Skarmory|Skarmory, F|100/100
|switch|p1a: Espeon|Espeon, M, shiny|58/100
|-damage|p1a: Espeon|46/100|[from] Stealth Rock
|
|-weather|RainDance|[upkeep]
|upkeep
|turn|9
|
|t:|1708152715
|switch|p2a: Tyranitar|Tyranitar, F|100/100
|-weather|Sandstorm|[from] ability: Sand Stream|[of] p2a: Tyranitar
|move|p1a: Espeon|Hidden Power|p2a: Tyranitar
|-supereffective|p2a: Tyranitar
|-damage|p2a: Tyranitar|14/100
|-damage|p1a: Espeon|36/100|[from] item: Life Orb
|
|-weather|Sandstorm|[upkeep]
|-damage|p1a: Espeon|30/100|[from] Sandstorm
|upkeep
|turn|10
|
|t:|1708152725
|move|p2a: Tyranitar|Pursuit|p1a: Espeon
|-supereffective|p1a: Espeon
|-damage|p1a: Espeon|0 fnt
|faint|p1a: Espeon
|
|-weather|Sandstorm|[upkeep]
|upkeep
|
|t:|1708152728
|switch|p1a: Politoed|Politoed, F, shiny|98/100
|-damage|p1a: Politoed|86/100|[from] Stealth Rock
|-weather|RainDance|[from] ability: Drizzle|[of] p1a: Politoed
|turn|11
|
|t:|1708152733
|switch|p2a: Jellicent|Jellicent, F|100/100
|-item|p2a: Jellicent|Air Balloon
|move|p1a: Politoed|Scald|p2a: Jellicent
|-immune|p2a: Jellicent|[from] ability: Water Absorb
|
|-weather|RainDance|[upkeep]
|-heal|p1a: Politoed|92/100|[from] item: Leftovers
|upkeep
|turn|12
|
|t:|1708152738
|switch|p2a: Skarmory|Skarmory, F|100/100
|switch|p1a: Kyurem|Kyurem-Black|60/100 brn
|-damage|p1a: Kyurem|35/100 brn|[from] Stealth Rock
|-ability|p1a: Kyurem|Teravolt
|
|-weather|RainDance|[upkeep]
|-damage|p1a: Kyurem|23/100 brn|[from] brn
|upkeep
|turn|13
|
|t:|1708152751
|move|p1a: Kyurem|Fusion Bolt|p2a: Skarmory
|-supereffective|p2a: Skarmory
|-damage|p2a: Skarmory|33/100
|move|p2a: Skarmory|Spikes|p1a: Kyurem
|-sidestart|p1: yusei38|Spikes
|
|-weather|RainDance|[upkeep]
|-heal|p2a: Skarmory|39/100|[from] item: Leftovers
|-damage|p1a: Kyurem|10/100 brn|[from] brn
|upkeep
|turn|14
|
|t:|1708152764
|switch|p2a: Latios|Latios, M|100/100
|move|p1a: Kyurem|Fusion Bolt|p2a: Latios
|-resisted|p2a: Latios
|-damage|p2a: Latios|76/100
|
|-weather|RainDance|[upkeep]
|-damage|p1a: Kyurem|0 fnt|[from] brn
|faint|p1a: Kyurem
|upkeep
|
|t:|1708152771
|switch|p1a: Blissey|Blissey, F, shiny|100/100
|-damage|p1a: Blissey|88/100|[from] Stealth Rock
|-damage|p1a: Blissey|76/100|[from] Spikes
|turn|15
|
|t:|1708152776
|move|p2a: Latios|Trick|p1a: Blissey
|-activate|p2a: Latios|move: Trick|[of] p1a: Blissey
|-item|p1a: Blissey|Choice Scarf|[from] move: Trick
|-item|p2a: Latios|Leftovers|[from] move: Trick
|move|p1a: Blissey|Thunder Wave|p2a: Latios
|-status|p2a: Latios|par
|
|-weather|RainDance|[upkeep]
|-heal|p2a: Latios|82/100 par|[from] item: Leftovers
|upkeep
|turn|16
|
|t:|1708152783
|switch|p1a: Politoed|Politoed, F, shiny|92/100
|-damage|p1a: Politoed|80/100|[from] Stealth Rock
|-damage|p1a: Politoed|68/100|[from] Spikes
|move|p2a: Latios|Surf|p1a: Politoed
|-resisted|p1a: Politoed
|-crit|p1a: Politoed
|-damage|p1a: Politoed|23/100
|
|-weather|RainDance|[upkeep]
|-heal|p1a: Politoed|29/100|[from] item: Leftovers
|-heal|p2a: Latios|88/100 par|[from] item: Leftovers
|upkeep
|turn|17
|
|t:|1708152794
|move|p1a: Politoed|Rest|p1a: Politoed
|-status|p1a: Politoed|slp|[from] move: Rest
|-heal|p1a: Politoed|100/100 slp|[silent]
|move|p2a: Latios|Dragon Pulse|p1a: Politoed
|-damage|p1a: Politoed|61/100 slp
|
|-weather|RainDance|[upkeep]
|-heal|p1a: Politoed|67/100 slp|[from] item: Leftovers
|-heal|p2a: Latios|94/100 par|[from] item: Leftovers
|upkeep
|turn|18
|
|t:|1708152804
|cant|p1a: Politoed|slp
|move|p1a: Politoed|Sleep Talk|p1a: Politoed
|move|p1a: Politoed|Rest||[from]move: Sleep Talk|[still]
|-fail|p1a: Politoed
|move|p2a: Latios|Surf|p1a: Politoed
|-resisted|p1a: Politoed
|-damage|p1a: Politoed|44/100 slp
|
|-weather|RainDance|[upkeep]
|-heal|p1a: Politoed|50/100 slp|[from] item: Leftovers
|-heal|p2a: Latios|99/100 par|[from] item: Leftovers
|upkeep
|turn|19
|
|t:|1708152810
|cant|p1a: Politoed|slp
|move|p1a: Politoed|Sleep Talk|p1a: Politoed
|move|p1a: Politoed|Haze|p1a: Politoed|[from]move: Sleep Talk
|-clearallboost
|cant|p2a: Latios|par
|
|-weather|RainDance|[upkeep]
|-heal|p1a: Politoed|56/100 slp|[from] item: Leftovers
|-heal|p2a: Latios|100/100 par|[from] item: Leftovers
|upkeep
|turn|20
|
|t:|1708152816
|-curestatus|p1a: Politoed|slp|[msg]
|move|p1a: Politoed|Rest|p1a: Politoed
|-status|p1a: Politoed|slp|[from] move: Rest
|-heal|p1a: Politoed|100/100 slp|[silent]
|move|p2a: Latios|Dragon Pulse|p1a: Politoed
|-damage|p1a: Politoed|60/100 slp
|
|-weather|RainDance|[upkeep]
|-heal|p1a: Politoed|66/100 slp|[from] item: Leftovers
|upkeep
|turn|21
|
|t:|1708152823
|cant|p1a: Politoed|slp
|move|p1a: Politoed|Sleep Talk|p1a: Politoed
|move|p1a: Politoed|Haze|p1a: Politoed|[from]move: Sleep Talk
|-clearallboost
|move|p2a: Latios|Dragon Pulse|p1a: Politoed
|-damage|p1a: Politoed|21/100 slp
|
|-weather|RainDance|[upkeep]
|-heal|p1a: Politoed|27/100 slp|[from] item: Leftovers
|upkeep
|turn|22
|
|t:|1708152828
|cant|p1a: Politoed|slp
|move|p1a: Politoed|Sleep Talk|p1a: Politoed
|move|p1a: Politoed|Scald|p2a: Latios|[from]move: Sleep Talk
|-resisted|p2a: Latios
|-damage|p2a: Latios|78/100 par
|cant|p2a: Latios|par
|
|-weather|RainDance|[upkeep]
|-heal|p1a: Politoed|33/100 slp|[from] item: Leftovers
|-heal|p2a: Latios|84/100 par|[from] item: Leftovers
|upkeep
|turn|23
|
|t:|1708152836
|-curestatus|p1a: Politoed|slp|[msg]
|move|p1a: Politoed|Rest|p1a: Politoed
|-status|p1a: Politoed|slp|[from] move: Rest
|-heal|p1a: Politoed|100/100 slp|[silent]
|cant|p2a: Latios|par
|
|-weather|RainDance|[upkeep]
|-heal|p2a: Latios|90/100 par|[from] item: Leftovers
|upkeep
|turn|24
|
|t:|1708152839
|cant|p1a: Politoed|slp
|move|p1a: Politoed|Sleep Talk|p1a: Politoed
|move|p1a: Politoed|Rest||[from]move: Sleep Talk|[still]
|-fail|p1a: Politoed
|cant|p2a: Latios|par
|
|-weather|RainDance|[upkeep]
|-heal|p2a: Latios|96/100 par|[from] item: Leftovers
|upkeep
|turn|25
|
|t:|1708152843
|cant|p1a: Politoed|slp
|move|p1a: Politoed|Sleep Talk|p1a: Politoed
|move|p1a: Politoed|Rest||[from]move: Sleep Talk|[still]
|-fail|p1a: Politoed
|move|p2a: Latios|Dragon Pulse|p1a: Politoed
|-damage|p1a: Politoed|58/100 slp
|
|-weather|RainDance|[upkeep]
|-heal|p1a: Politoed|64/100 slp|[from] item: Leftovers
|-heal|p2a: Latios|100/100 par|[from] item: Leftovers
|upkeep
|turn|26
|
|t:|1708152848
|-curestatus|p1a: Politoed|slp|[msg]
|move|p1a: Politoed|Scald|p2a: Latios
|-resisted|p2a: Latios
|-damage|p2a: Latios|81/100 par
|cant|p2a: Latios|par
|
|-weather|RainDance|[upkeep]
|-heal|p1a: Politoed|70/100|[from] item: Leftovers
|-heal|p2a: Latios|87/100 par|[from] item: Leftovers
|upkeep
|turn|27
|
|t:|1708152855
|move|p1a: Politoed|Scald|p2a: Latios
|-resisted|p2a: Latios
|-damage|p2a: Latios|67/100 par
|move|p2a: Latios|Dragon Pulse|p1a: Politoed
|-damage|p1a: Politoed|27/100
|
|-weather|RainDance|[upkeep]
|-heal|p1a: Politoed|33/100|[from] item: Leftovers
|-heal|p2a: Latios|73/100 par|[from] item: Leftovers
|upkeep
|turn|28
|
|t:|1708152858
|move|p1a: Politoed|Rest|p1a: Politoed
|-status|p1a: Politoed|slp|[from] move: Rest
|-heal|p1a: Politoed|100/100 slp|[silent]
|move|p2a: Latios|Dragon Pulse|p1a: Politoed
|-damage|p1a: Politoed|57/100 slp
|
|-weather|RainDance|[upkeep]
|-heal|p1a: Politoed|63/100 slp|[from] item: Leftovers
|-heal|p2a: Latios|79/100 par|[from] item: Leftovers
|upkeep
|turn|29
|
|t:|1708152861
|cant|p1a: Politoed|slp
|move|p1a: Politoed|Sleep Talk|p1a: Politoed
|move|p1a: Politoed|Scald|p2a: Latios|[from]move: Sleep Talk
|-resisted|p2a: Latios
|-damage|p2a: Latios|60/100 par
|move|p2a: Latios|Dragon Pulse|p1a: Politoed
|-damage|p1a: Politoed|19/100 slp
|
|-weather|RainDance|[upkeep]
|-heal|p1a: Politoed|25/100 slp|[from] item: Leftovers
|-heal|p2a: Latios|66/100 par|[from] item: Leftovers
|upkeep
|turn|30
|
|t:|1708152864
|cant|p1a: Politoed|slp
|move|p1a: Politoed|Sleep Talk|p1a: Politoed
|move|p1a: Politoed|Rest||[from]move: Sleep Talk|[still]
|-fail|p1a: Politoed
|move|p2a: Latios|Dragon Pulse|p1a: Politoed
|-crit|p1a: Politoed
|-damage|p1a: Politoed|0 fnt
|faint|p1a: Politoed
|
|-weather|RainDance|[upkeep]
|-heal|p2a: Latios|72/100 par|[from] item: Leftovers
|upkeep
|
|t:|1708152872
|switch|p1a: Blissey|Blissey, F, shiny|76/100
|-damage|p1a: Blissey|63/100|[from] Stealth Rock
|-damage|p1a: Blissey|51/100|[from] Spikes
|turn|31
|
|t:|1708152878
|move|p1a: Blissey|Stealth Rock|p2a: Latios
|-sidestart|p2: Chomp29|move: Stealth Rock
|cant|p2a: Latios|par
|
|-weather|RainDance|[upkeep]
|-heal|p2a: Latios|78/100 par|[from] item: Leftovers
|upkeep
|turn|32
|
|t:|1708152884
|switch|p1a: Jolteon|Jolteon, F, shiny|100/100
|-damage|p1a: Jolteon|88/100|[from] Stealth Rock
|-damage|p1a: Jolteon|75/100|[from] Spikes
|move|p2a: Latios|Surf|p1a: Jolteon
|-damage|p1a: Jolteon|7/100
|
|-weather|RainDance|[upkeep]
|-heal|p2a: Latios|84/100 par|[from] item: Leftovers
|upkeep
|turn|33
|
|t:|1708152894
|switch|p2a: Tyranitar|Tyranitar, F|14/100
|-damage|p2a: Tyranitar|1/100|[from] Stealth Rock
|-weather|Sandstorm|[from] ability: Sand Stream|[of] p2a: Tyranitar
|move|p1a: Jolteon|Thunder|p2a: Tyranitar|[miss]
|-miss|p1a: Jolteon|p2a: Tyranitar
|
|-weather|Sandstorm|[upkeep]
|-damage|p1a: Jolteon|1/100|[from] Sandstorm
|upkeep
|turn|34
|
|t:|1708152904
|move|p2a: Tyranitar|Crunch|p1a: Jolteon
|-damage|p1a: Jolteon|0 fnt
|faint|p1a: Jolteon
|
|-weather|Sandstorm|[upkeep]
|upkeep
|
|t:|1708152906
|switch|p1a: Skarmory|Skarmory, F, shiny|100/100
|-damage|p1a: Skarmory|88/100|[from] Stealth Rock
|turn|35
|
|t:|1708152910
|switch|p2a: Heatran|Heatran, F|65/100
|-damage|p2a: Heatran|53/100|[from] Stealth Rock
|move|p1a: Skarmory|Spikes|p2a: Heatran
|-sidestart|p2: Chomp29|Spikes
|
|-weather|Sandstorm|[upkeep]
|-heal|p2a: Heatran|59/100|[from] item: Leftovers
|upkeep
|turn|36
|
|t:|1708152913
|switch|p1a: Blissey|Blissey, F, shiny|51/100
|-damage|p1a: Blissey|38/100|[from] Stealth Rock
|-damage|p1a: Blissey|26/100|[from] Spikes
|move|p2a: Heatran|Lava Plume|p1a: Blissey
|-damage|p1a: Blissey|11/100
|
|-weather|Sandstorm|[upkeep]
|-damage|p1a: Blissey|5/100|[from] Sandstorm
|-heal|p2a: Heatran|65/100|[from] item: Leftovers
|upkeep
|turn|37
|
|t:|1708152917
|move|p2a: Heatran|Lava Plume|p1a: Blissey
|-damage|p1a: Blissey|0 fnt
|faint|p1a: Blissey
|
|-weather|Sandstorm|[upkeep]
|-heal|p2a: Heatran|71/100|[from] item: Leftovers
|upkeep
|
|t:|1708152920
|switch|p1a: Skarmory|Skarmory, F, shiny|88/100
|-damage|p1a: Skarmory|76/100|[from] Stealth Rock
|turn|38
|
|t:|1708152923
|move|p2a: Heatran|Lava Plume|p1a: Skarmory
|-supereffective|p1a: Skarmory
|-damage|p1a: Skarmory|0 fnt
|faint|p1a: Skarmory
|
|win|Chomp29
|raw|yusei38's rating: 1312 &rarr; <strong>1306</strong><br />(-6 for losing)
|raw|Chomp29's rating: 1614 &rarr; <strong>1620</strong><br />(+6 for winning)
|l|☆Chomp29
|player|p2|
