|j|☆koumite
|j|☆Icemann11
|player|p1|koumite|lance|1417
|player|p2|Icemann11|roxanne-gen3|1271
|teamsize|p1|6
|teamsize|p2|6
|gametype|singles
|gen|5
|tier|[Gen 5] OU
|rated|
|clearpoke
|poke|p1|Gliscor, F|item
|poke|p1|Magnezone|item
|poke|p1|Slowbro, M|item
|poke|p1|Landorus-Therian, M|item
|poke|p1|Tyranitar, M|item
|poke|p1|Amoonguss, M|item
|poke|p2|Ninetales, F|item
|poke|p2|Victini|item
|poke|p2|Tentacruel, M|item
|poke|p2|Chansey, F|item
|poke|p2|Landorus-Therian, M|item
|poke|p2|Skarmory, F|item
|rule|Species Clause: Limit one of each Pokémon
|rule|OHKO Clause: OHKO moves are banned
|rule|Moody Clause: Moody is banned
|rule|Evasion Moves Clause: Evasion moves are banned
|rule|Endless Battle Clause: Forcing endless battles is banned
|rule|HP Percentage Mod: HP is shown in percentages
|rule|Evasion Abilities Clause: Evasion abilities are banned
|rule|Baton Pass Clause: Limit one Baton Passer, can't pass Spe and other stats simultaneously
|rule|Sleep Clause: Sleep-inducing moves are banned
|rule|Swagger Clause: Swagger is banned
|teampreview
|
|start
|switch|p1a: Gliscor|Gliscor, F|100/100
|switch|p2a: Landorus|Landorus-Therian, M|100/100
|-ability|p2a: Landorus|Intimidate|boost
|-unboost|p1a: Gliscor|atk|1
|turn|1
|
|switch|p2a: Victini|Victini|100/100
|move|p1a: Gliscor|Swords Dance|p1a: Gliscor
|-boost|p1a: Gliscor|atk|2
|
|-status|p1a: Gliscor|tox|[from] item: Toxic Orb
|upkeep
|turn|2
|
|move|p2a: Victini|U-turn|p1a: Gliscor
|-resisted|p1a: Gliscor
|-damage|p1a: Gliscor|88/100 tox
|
|switch|p2a: Skarmory|Skarmory, F|100/100|[from]move: U-turn
|move|p1a: Gliscor|Earthquake|p2a: Skarmory
|-immune|p2a: Skarmory
|
|-heal|p1a: Gliscor|100/100 tox|[from] ability: Poison Heal
|upkeep
|turn|3
|
|switch|p1a: Magnezone|Magnezone|100/100
|switch|p2a: Ninetales|Ninetales, F|100/100
|-weather|SunnyDay|[from] ability: Drought|[of] p2a: Ninetales
|
|-weather|SunnyDay|[upkeep]
|upkeep
|turn|4
|
|switch|p2a: Landorus|Landorus-Therian, M|100/100
|-ability|p2a: Landorus|Intimidate|boost
|-unboost|p1a: Magnezone|atk|1
|switch|p1a: Tyranitar|Tyranitar, M|100/100
|-weather|Sandstorm|[from] ability: Sand Stream|[of] p1a: Tyranitar
|
|-weather|Sandstorm|[upkeep]
|upkeep
|turn|5
|
|switch|p1a: Gliscor|Gliscor, F|100/100 tox
|move|p2a: Landorus|U-turn|p1a: Gliscor
|-resisted|p1a: Gliscor
|-damage|p1a: Gliscor|89/100 tox
|
|switch|p2a: Victini|Victini|100/100|[from]move: U-turn
|
|-weather|Sandstorm|[upkeep]
|-damage|p2a: Victini|94/100|[from] Sandstorm
|-heal|p1a: Gliscor|100/100 tox|[from] ability: Poison Heal
|upkeep
|turn|6
|
|move|p2a: Victini|V-create|p1a: Gliscor
|-damage|p1a: Gliscor|0 fnt
|-unboost|p2a: Victini|spe|1
|-unboost|p2a: Victini|def|1
|-unboost|p2a: Victini|spd|1
|faint|p1a: Gliscor
|
|-weather|Sandstorm|[upkeep]
|-damage|p2a: Victini|88/100|[from] Sandstorm
|upkeep
|
|switch|p1a: Tyranitar|Tyranitar, M|100/100
|turn|7
|
|move|p2a: Victini|V-create|p1a: Tyranitar
|-resisted|p1a: Tyranitar
|-damage|p1a: Tyranitar|50/100
|-unboost|p2a: Victini|spe|1
|-unboost|p2a: Victini|def|1
|-unboost|p2a: Victini|spd|1
|move|p1a: Tyranitar|Pursuit|p2a: Victini
|-supereffective|p2a: Victini
|-damage|p2a: Victini|9/100
|
|-weather|Sandstorm|[upkeep]
|-damage|p2a: Victini|3/100|[from] Sandstorm
|upkeep
|turn|8
|
|switch|p1a: Landorus|Landorus-Therian, M|100/100
|-ability|p1a: Landorus|Intimidate|boost
|-unboost|p2a: Victini|atk|1
|move|p2a: Victini|V-create|p1a: Landorus
|-damage|p1a: Landorus|0 fnt
|-unboost|p2a: Victini|spe|1
|-unboost|p2a: Victini|def|1
|-unboost|p2a: Victini|spd|1
|faint|p1a: Landorus
|
|-weather|Sandstorm|[upkeep]
|-damage|p2a: Victini|0 fnt|[from] Sandstorm
|faint|p2a: Victini
|upkeep
|
|switch|p1a: Slowbro|Slowbro, M|100/100
|switch|p2a: Landorus|Landorus-Therian, M|100/100
|-ability|p2a: Landorus|Intimidate|boost
|-unboost|p1a: Slowbro|atk|1
|turn|9
|
|move|p2a: Landorus|U-turn|p1a: Slowbro
|-supereffective|p1a: Slowbro
|-damage|p1a: Slowbro|68/100
|
|switch|p2a: Chansey|Chansey, F|100/100|[from]move: U-turn
|move|p1a: Slowbro|Scald|p2a: Chansey
|-damage|p2a: Chansey|92/100
|
|-weather|Sandstorm|[upkeep]
|-damage|p2a: Chansey|86/100|[from] Sandstorm
|-damage|p1a: Slowbro|62/100|[from] Sandstorm
|-heal|p1a: Slowbro|68/100|[from] item: Leftovers
|upkeep
|turn|10
|
|switch|p1a: Amoonguss|Amoonguss, M|100/100
|move|p2a: Chansey|Stealth Rock|p1a: Amoonguss
|-sidestart|p1: koumite|move: Stealth Rock
|
|-weather|Sandstorm|[upkeep]
|-damage|p2a: Chansey|80/100|[from] Sandstorm
|-damage|p1a: Amoonguss|94/100|[from] Sandstorm
|-heal|p1a: Amoonguss|100/100|[from] item: Black Sludge
|upkeep
|turn|11
|
|switch|p2a: Ninetales|Ninetales, F|100/100
|-weather|SunnyDay|[from] ability: Drought|[of] p2a: Ninetales
|move|p1a: Amoonguss|Stun Spore|p2a: Ninetales|[miss]
|-miss|p1a: Amoonguss|p2a: Ninetales
|
|-weather|SunnyDay|[upkeep]
|upkeep
|turn|12
|c|☆Icemann11|sorry
|c|☆koumite|happens
|
|switch|p1a: Tyranitar|Tyranitar, M|50/100
|-damage|p1a: Tyranitar|38/100|[from] Stealth Rock
|-weather|Sandstorm|[from] ability: Sand Stream|[of] p1a: Tyranitar
|move|p2a: Ninetales|Will-O-Wisp|p1a: Tyranitar
|-status|p1a: Tyranitar|brn
|
|-weather|Sandstorm|[upkeep]
|-damage|p2a: Ninetales|94/100|[from] Sandstorm
|-damage|p1a: Tyranitar|25/100 brn|[from] brn
|upkeep
|turn|13
|
|switch|p2a: Landorus|Landorus-Therian, M|100/100
|-ability|p2a: Landorus|Intimidate|boost
|-unboost|p1a: Tyranitar|atk|1
|move|p1a: Tyranitar|Stealth Rock|p2a: Landorus
|-sidestart|p2: Icemann11|move: Stealth Rock
|
|-weather|Sandstorm|[upkeep]
|-damage|p1a: Tyranitar|13/100 brn|[from] brn
|upkeep
|turn|14
|
|switch|p1a: Amoonguss|Amoonguss, M|100/100
|-damage|p1a: Amoonguss|88/100|[from] Stealth Rock
|move|p2a: Landorus|Earthquake|p1a: Amoonguss
|-damage|p1a: Amoonguss|21/100
|
|-weather|Sandstorm|[upkeep]
|-damage|p1a: Amoonguss|15/100|[from] Sandstorm
|-heal|p1a: Amoonguss|21/100|[from] item: Black Sludge
|upkeep
|turn|15
|
|switch|p1a: Slowbro|Slowbro, M|100/100
|-damage|p1a: Slowbro|88/100|[from] Stealth Rock
|move|p2a: Landorus|Earthquake|p1a: Slowbro
|-damage|p1a: Slowbro|48/100
|
|-weather|Sandstorm|[upkeep]
|-damage|p1a: Slowbro|42/100|[from] Sandstorm
|-heal|p1a: Slowbro|48/100|[from] item: Leftovers
|upkeep
|turn|16
|
|switch|p2a: Skarmory|Skarmory, F|100/100
|-damage|p2a: Skarmory|88/100|[from] Stealth Rock
|move|p1a: Slowbro|Slack Off|p1a: Slowbro
|-heal|p1a: Slowbro|98/100
|
|-weather|Sandstorm|[upkeep]
|-damage|p1a: Slowbro|92/100|[from] Sandstorm
|-heal|p1a: Slowbro|98/100|[from] item: Leftovers
|upkeep
|turn|17
|
|move|p2a: Skarmory|Spikes|p1a: Slowbro
|-sidestart|p1: koumite|Spikes
|move|p1a: Slowbro|Scald|p2a: Skarmory
|-damage|p2a: Skarmory|61/100
|
|-weather|Sandstorm|[upkeep]
|-damage|p1a: Slowbro|92/100|[from] Sandstorm
|-heal|p1a: Slowbro|98/100|[from] item: Leftovers
|upkeep
|turn|18
|
|move|p2a: Skarmory|Spikes|p1a: Slowbro
|-sidestart|p1: koumite|Spikes
|move|p1a: Slowbro|Fire Blast|p2a: Skarmory
|-supereffective|p2a: Skarmory
|-crit|p2a: Skarmory
|-damage|p2a: Skarmory|0 fnt
|faint|p2a: Skarmory
|
|-weather|Sandstorm|[upkeep]
|-damage|p1a: Slowbro|92/100|[from] Sandstorm
|-heal|p1a: Slowbro|98/100|[from] item: Leftovers
|upkeep
|
|switch|p2a: Chansey|Chansey, F|80/100
|-damage|p2a: Chansey|67/100|[from] Stealth Rock
|turn|19
|
|move|p2a: Chansey|Seismic Toss|p1a: Slowbro
|-damage|p1a: Slowbro|73/100
|move|p1a: Slowbro|Scald|p2a: Chansey
|-crit|p2a: Chansey
|-damage|p2a: Chansey|49/100
|
|-weather|Sandstorm|[upkeep]
|-damage|p2a: Chansey|43/100|[from] Sandstorm
|-damage|p1a: Slowbro|67/100|[from] Sandstorm
|-heal|p1a: Slowbro|73/100|[from] item: Leftovers
|upkeep
|turn|20
|
|switch|p1a: Tyranitar|Tyranitar, M|13/100 brn
|-damage|p1a: Tyranitar|0 fnt|[from] Spikes
|faint|p1a: Tyranitar
|move|p2a: Chansey|Soft-Boiled|p2a: Chansey
|-heal|p2a: Chansey|93/100
|
|-weather|Sandstorm|[upkeep]
|-damage|p2a: Chansey|87/100|[from] Sandstorm
|upkeep
|c|☆koumite|gg
|c|☆Icemann11|gg
|-message|koumite forfeited.
|
|win|Icemann11
|l|☆koumite
|raw|koumite's rating: 1417 &rarr; <strong>1389</strong><br />(-28 for losing)
|raw|Icemann11's rating: 1271 &rarr; <strong>1306</strong><br />(+35 for winning)
