|j|☆blossummm
|j|☆av2336
|t:|1717092927
|gametype|singles
|player|p1|blossummm|bianca|1404
|player|p2|av2336|pokemaniac-gen3rs|1419
|teamsize|p1|6
|teamsize|p2|6
|gen|5
|tier|[Gen 5] OU
|rated|
|rule|Species Clause: Limit one of each Pokémon
|rule|OHKO Clause: OHKO moves are banned
|rule|Moody Clause: Moody is banned
|rule|Evasion Items Clause: Evasion items are banned
|rule|Evasion Moves Clause: Evasion moves are banned
|rule|Endless Battle Clause: Forcing endless battles is banned
|rule|HP Percentage Mod: HP is shown in percentages
|rule|Evasion Abilities Clause: Evasion abilities are banned
|rule|Sleep Moves Clause: Sleep-inducing moves are banned
|rule|Swagger Clause: Swagger is banned
|rule|Baton Pass Stat Clause: No Baton Passer may have a way to boost its stats
|clearpoke
|poke|p1|Skarmory, F|item
|poke|p1|Latios, M|item
|poke|p1|Jellicent, F|item
|poke|p1|Tyranitar, F|item
|poke|p1|Alakazam, F|item
|poke|p1|Garchomp, F|item
|poke|p2|Bronzong|item
|poke|p2|Gallade, M|item
|poke|p2|Jellicent, F|item
|poke|p2|Conkeldurr, F|item
|poke|p2|Reuniclus, F|item
|poke|p2|Dragonite, M|item
|teampreview
|inactive|Battle timer is ON: inactive players will automatically lose when time's up. (requested by av2336)
|
|t:|1717092934
|start
|switch|p1a: Skarmory|Skarmory, F|100/100
|switch|p2a: Bronzong|Bronzong|100/100
|turn|1
|
|t:|1717092948
|move|p1a: Skarmory|Taunt|p2a: Bronzong
|-start|p2a: Bronzong|move: Taunt
|-enditem|p2a: Bronzong|Mental Herb
|-end|p2a: Bronzong|move: Taunt
|move|p2a: Bronzong|Stealth Rock|p1a: Skarmory
|-sidestart|p1: blossummm|move: Stealth Rock
|
|upkeep
|turn|2
|
|t:|1717092956
|switch|p2a: Jellicent|Jellicent, F|100/100
|-item|p2a: Jellicent|Air Balloon
|move|p1a: Skarmory|Taunt|p2a: Jellicent
|-start|p2a: Jellicent|move: Taunt
|
|upkeep
|turn|3
|
|t:|1717092961
|move|p1a: Skarmory|Stealth Rock|p2a: Jellicent
|-sidestart|p2: av2336|move: Stealth Rock
|move|p2a: Jellicent|Surf|p1a: Skarmory
|-damage|p1a: Skarmory|31/100
|
|upkeep
|turn|4
|
|t:|1717092966
|move|p1a: Skarmory|Spikes|p2a: Jellicent
|-sidestart|p2: av2336|Spikes
|move|p2a: Jellicent|Surf|p1a: Skarmory
|-damage|p1a: Skarmory|0 fnt
|faint|p1a: Skarmory
|
|-end|p2a: Jellicent|move: Taunt
|upkeep
|
|t:|1717092987
|switch|p1a: Alakazam|Alakazam, F|100/100
|turn|5
|
|t:|1717092994
|move|p1a: Alakazam|Grass Knot|p2a: Jellicent
|-supereffective|p2a: Jellicent
|-damage|p2a: Jellicent|21/100
|-start|p1a: Alakazam|Disable|Grass Knot|[from] ability: Cursed Body|[of] p2a: Jellicent
|-enditem|p2a: Jellicent|Air Balloon
|move|p2a: Jellicent|Shadow Ball|p1a: Alakazam
|-supereffective|p1a: Alakazam
|-damage|p1a: Alakazam|0 fnt
|faint|p1a: Alakazam
|
|upkeep
|
|t:|1717093013
|switch|p1a: Latios|Latios, M|100/100
|-damage|p1a: Latios|88/100|[from] Stealth Rock
|turn|6
|
|t:|1717093023
|move|p1a: Latios|Psyshock|p2a: Jellicent
|-damage|p2a: Jellicent|0 fnt
|faint|p2a: Jellicent
|
|upkeep
|
|t:|1717093028
|switch|p2a: Bronzong|Bronzong|100/100
|-damage|p2a: Bronzong|94/100|[from] Stealth Rock
|turn|7
|
|t:|1717093033
|move|p1a: Latios|Hidden Power|p2a: Bronzong
|-supereffective|p2a: Bronzong
|-damage|p2a: Bronzong|51/100
|move|p2a: Bronzong|Trick Room|p2a: Bronzong
|-fieldstart|move: Trick Room|[of] p2a: Bronzong
|
|upkeep
|turn|8
|
|t:|1717093039
|move|p2a: Bronzong|Explosion|p1a: Latios
|-damage|p1a: Latios|0 fnt
|faint|p2a: Bronzong
|faint|p1a: Latios
|
|upkeep
|
|t:|1717093052
|switch|p2a: Conkeldurr|Conkeldurr, F|100/100
|switch|p1a: Jellicent|Jellicent, F|100/100
|-damage|p2a: Conkeldurr|94/100|[from] Stealth Rock
|-damage|p2a: Conkeldurr|82/100|[from] Spikes
|-damage|p1a: Jellicent|88/100|[from] Stealth Rock
|turn|9
|
|t:|1717093059
|move|p2a: Conkeldurr|Thunder Punch|p1a: Jellicent
|-supereffective|p1a: Jellicent
|-damage|p1a: Jellicent|14/100
|-damage|p2a: Conkeldurr|72/100|[from] item: Life Orb
|move|p1a: Jellicent|Scald|p2a: Conkeldurr
|-damage|p2a: Conkeldurr|44/100
|
|-heal|p1a: Jellicent|21/100|[from] item: Leftovers
|upkeep
|turn|10
|
|t:|1717093064
|switch|p1a: Garchomp|Garchomp, F|100/100
|-damage|p1a: Garchomp|94/100|[from] Stealth Rock
|move|p2a: Conkeldurr|Thunder Punch|p1a: Garchomp
|-immune|p1a: Garchomp
|
|upkeep
|turn|11
|
|t:|1717093069
|switch|p1a: Jellicent|Jellicent, F|21/100
|-damage|p1a: Jellicent|8/100|[from] Stealth Rock
|move|p2a: Conkeldurr|Ice Punch|p1a: Jellicent
|-resisted|p1a: Jellicent
|-damage|p1a: Jellicent|0 fnt
|faint|p1a: Jellicent
|-damage|p2a: Conkeldurr|34/100|[from] item: Life Orb
|
|-fieldend|move: Trick Room
|upkeep
|
|t:|1717093076
|switch|p1a: Garchomp|Garchomp, F|94/100
|-damage|p1a: Garchomp|88/100|[from] Stealth Rock
|turn|12
|
|t:|1717093092
|move|p2a: Conkeldurr|Mach Punch|p1a: Garchomp
|-damage|p1a: Garchomp|52/100
|-damage|p2a: Conkeldurr|22/100|[from] ability: Rough Skin|[of] p1a: Garchomp
|-damage|p2a: Conkeldurr|12/100|[from] item: Life Orb
|move|p1a: Garchomp|Dual Chop|p2a: Conkeldurr
|-damage|p2a: Conkeldurr|0 fnt
|faint|p2a: Conkeldurr
|-hitcount|p2: Conkeldurr|1
|
|upkeep
|j| 2x2real
|
|t:|1717093097
|switch|p2a: Reuniclus|Reuniclus, F|100/100
|turn|13
|
|t:|1717093099
|switch|p1a: Tyranitar|Tyranitar, F, shiny|100/100
|-damage|p1a: Tyranitar|88/100|[from] Stealth Rock
|-weather|Sandstorm|[from] ability: Sand Stream|[of] p1a: Tyranitar
|move|p2a: Reuniclus|Trick Room|p2a: Reuniclus
|-fieldstart|move: Trick Room|[of] p2a: Reuniclus
|
|-weather|Sandstorm|[upkeep]
|upkeep
|turn|14
|
|t:|1717093108
|move|p2a: Reuniclus|Focus Blast|p1a: Tyranitar
|-supereffective|p1a: Tyranitar
|-enditem|p1a: Tyranitar|Chople Berry|[eat]
|-enditem|p1a: Tyranitar|Chople Berry|[weaken]
|-damage|p1a: Tyranitar|38/100
|move|p1a: Tyranitar|Pursuit|p2a: Reuniclus
|-supereffective|p2a: Reuniclus
|-damage|p2a: Reuniclus|58/100
|
|-weather|Sandstorm|[upkeep]
|upkeep
|turn|15
|
|t:|1717093112
|move|p2a: Reuniclus|Focus Blast|p1a: Tyranitar|[miss]
|-miss|p2a: Reuniclus|p1a: Tyranitar
|move|p1a: Tyranitar|Crunch|p2a: Reuniclus
|-supereffective|p2a: Reuniclus
|-damage|p2a: Reuniclus|0 fnt
|faint|p2a: Reuniclus
|
|-weather|Sandstorm|[upkeep]
|upkeep
|
|t:|1717093120
|switch|p2a: Gallade|Gallade, M|100/100
|-damage|p2a: Gallade|94/100|[from] Stealth Rock
|-damage|p2a: Gallade|82/100|[from] Spikes
|turn|16
|
|t:|1717093125
|move|p2a: Gallade|Close Combat|p1a: Tyranitar
|-supereffective|p1a: Tyranitar
|-damage|p1a: Tyranitar|0 fnt
|-unboost|p2a: Gallade|def|1
|-unboost|p2a: Gallade|spd|1
|faint|p1a: Tyranitar
|-damage|p2a: Gallade|72/100|[from] item: Life Orb
|
|-weather|Sandstorm|[upkeep]
|-damage|p2a: Gallade|66/100|[from] Sandstorm
|upkeep
|
|t:|1717093129
|switch|p1a: Garchomp|Garchomp, F|52/100
|-damage|p1a: Garchomp|46/100|[from] Stealth Rock
|turn|17
|
|t:|1717093132
|move|p2a: Gallade|Ice Punch|p1a: Garchomp
|-supereffective|p1a: Garchomp
|-damage|p1a: Garchomp|0 fnt
|-damage|p2a: Gallade|53/100|[from] ability: Rough Skin|[of] p1a: Garchomp
|faint|p1a: Garchomp
|-damage|p2a: Gallade|43/100|[from] item: Life Orb
|
|win|av2336
|raw|blossummm's rating: 1404 &rarr; <strong>1385</strong><br />(-19 for losing)
|raw|av2336's rating: 1419 &rarr; <strong>1438</strong><br />(+19 for winning)
|l|☆blossummm
|player|p1|
|l|☆av2336
|player|p2|
