|j|Meloriver ヽ͜
|j|Ariel 917
|player|p1|Meloriver ヽ͜|61
|player|p2|Ariel 917|283
|gametype|singles
|gen|5
|tier|[Gen 5] OU
|rated
|seed|
|rule|Evasion Abilities Clause: Evasion abilities are banned
|rule|Baton Pass Clause: Limit one Baton Passer, can't pass Spe and other stats simultaneously
|clearpoke
|poke|p1|Azelf|item
|poke|p1|Breloom, F|item
|poke|p1|Scizor, F|item
|poke|p1|Dragonite, M|item
|poke|p1|Salamence, M|item
|poke|p1|Garchomp, M|item
|poke|p2|Tyranitar, F|item
|poke|p2|Heatran, M|item
|poke|p2|Alakazam, F|item
|poke|p2|Ferrothorn, M|item
|poke|p2|Landorus-Therian, M|item
|poke|p2|Latias, F|item
|rule|Sleep Clause Mod: Limit one foe put to sleep
|rule|Species Clause: Limit one of each Pokémon
|rule|OHKO Clause: OHKO moves are banned
|rule|Moody Clause: Moody is banned
|rule|Evasion Moves Clause: Evasion moves are banned
|rule|Endless Battle Clause: Forcing endless battles is banned
|rule|HP Percentage Mod: HP is shown in percentages
|teampreview
|choice||
|
|start
|switch|p1a: Azelf|Azelf|100/100
|switch|p2a: Tyranitar|Tyranitar, F|100/100
|-weather|Sandstorm|[from] ability: Sand Stream|[of] p2a: Tyranitar
|turn|1
|choice||
|
|move|p1a: Azelf|Stealth Rock|p2a: Tyranitar
|-sidestart|p2: Ariel 917|move: Stealth Rock
|move|p2a: Tyranitar|Crunch|p1a: Azelf
|-supereffective|p1a: Azelf
|-enditem|p1a: Azelf|Focus Sash
|-damage|p1a: Azelf|1/100
|
|-weather|Sandstorm|[upkeep]
|-damage|p1a: Azelf|0 fnt|[from] sandstorm
|faint|p1a: Azelf
|choice||
|
|switch|p1a: Breloom|Breloom, F|100/100
|turn|2
|choice||
|
|move|p1a: Breloom|Spore|p2a: Tyranitar
|-status|p2a: Tyranitar|slp
|cant|p2a: Tyranitar|slp
|
|-weather|Sandstorm|[upkeep]
|-damage|p1a: Breloom|94/100|[from] sandstorm
|turn|3
|choice||
|
|-singleturn|p1a: Breloom|move: Focus Punch
|switch|p2a: Latias|Latias, F|100/100
|-damage|p2a: Latias|88/100|[from] Stealth Rock
|move|p1a: Breloom|Focus Punch|p2a: Latias
|-enditem|p1a: Breloom|Fighting Gem|[from] gem|[move] Focus Punch
|-resisted|p2a: Latias
|-damage|p2a: Latias|17/100
|
|-weather|Sandstorm|[upkeep]
|-damage|p2a: Latias|11/100|[from] sandstorm
|-damage|p1a: Breloom|88/100|[from] sandstorm
|turn|4
|choice||
|
|move|p1a: Breloom|Mach Punch|p2a: Latias
|-resisted|p2a: Latias
|-damage|p2a: Latias|0 fnt
|faint|p2a: Latias
|
|-weather|Sandstorm|[upkeep]
|-damage|p1a: Breloom|82/100|[from] sandstorm
|choice||
|
|switch|p2a: Landorus|Landorus-Therian, M|100/100
|-damage|p2a: Landorus|88/100|[from] Stealth Rock
|-ability|p2a: Landorus|Intimidate|boost
|-unboost|p1a: Breloom|atk|1
|turn|5
|choice||
|
|move|p2a: Landorus|Stealth Rock|p1a: Breloom
|-sidestart|p1: Meloriver ヽ͜|move: Stealth Rock
|move|p1a: Breloom|Bullet Seed|p2a: Landorus
|-damage|p2a: Landorus|75/100
|-crit|p2a: Landorus
|-damage|p2a: Landorus|42/100
|-damage|p2a: Landorus|29/100
|-hitcount|p2a: Landorus|3
|
|-weather|Sandstorm|[upkeep]
|-damage|p1a: Breloom|76/100|[from] sandstorm
|-heal|p2a: Landorus|35/100|[from] item: Leftovers
|turn|6
|choice||
|
|move|p2a: Landorus|Hidden Power|p1a: Breloom
|-supereffective|p1a: Breloom
|-damage|p1a: Breloom|15/100
|move|p1a: Breloom|Bullet Seed|p2a: Landorus
|-damage|p2a: Landorus|23/100
|-damage|p2a: Landorus|11/100
|-damage|p2a: Landorus|0 fnt
|-hitcount|p2a: Landorus|3
|faint|p2a: Landorus
|
|-weather|Sandstorm|[upkeep]
|-damage|p1a: Breloom|9/100|[from] sandstorm
|choice||
|
|switch|p2a: Tyranitar|Tyranitar, F|100/100 slp
|-damage|p2a: Tyranitar|88/100 slp|[from] Stealth Rock
|turn|7
|choice||
|
|-singleturn|p1a: Breloom|move: Focus Punch
|switch|p2a: Ferrothorn|Ferrothorn, M|100/100
|-damage|p2a: Ferrothorn|95/100|[from] Stealth Rock
|move|p1a: Breloom|Focus Punch|p2a: Ferrothorn
|-supereffective|p2a: Ferrothorn
|-damage|p2a: Ferrothorn|5/100
|-damage|p1a: Breloom|0 fnt|[from] ability: Iron Barbs|[of] p2a: Ferrothorn
|faint|p1a: Breloom
|
|-weather|Sandstorm|[upkeep]
|-heal|p2a: Ferrothorn|11/100|[from] item: Leftovers
|j|NoobsFaDays
|l|NoobsFaDays
|choice||
|
|switch|p1a: Garchomp|Garchomp, M|100/100
|-damage|p1a: Garchomp|94/100|[from] Stealth Rock
|turn|8
|choice||
|
|move|p1a: Garchomp|Earthquake|p2a: Ferrothorn
|-damage|p2a: Ferrothorn|0 fnt
|faint|p2a: Ferrothorn
|
|-weather|Sandstorm|[upkeep]
|choice||
|
|switch|p2a: Alakazam|Alakazam, F|100/100
|turn|9
|choice||
|
|move|p2a: Alakazam|Hidden Power|p1a: Garchomp
|-supereffective|p1a: Garchomp
|-damage|p1a: Garchomp|0 fnt
|faint|p1a: Garchomp
|
|-weather|Sandstorm|[upkeep]
|choice||
|
|switch|p1a: Scizor|Scizor, F|100/100
|-damage|p1a: Scizor|88/100|[from] Stealth Rock
|turn|10
|choice||
|
|switch|p2a: Tyranitar|Tyranitar, F|88/100 slp
|-damage|p2a: Tyranitar|76/100 slp|[from] Stealth Rock
|move|p1a: Scizor|Acrobatics|p2a: Tyranitar
|-enditem|p1a: Scizor|Flying Gem|[from] gem|[move] Acrobatics
|-resisted|p2a: Tyranitar
|-damage|p2a: Tyranitar|51/100 slp
|
|-weather|Sandstorm|[upkeep]
|turn|11
|choice||
|
|move|p1a: Scizor|Superpower|p2a: Tyranitar
|-supereffective|p2a: Tyranitar
|-crit|p2a: Tyranitar
|-damage|p2a: Tyranitar|0 fnt
|-unboost|p1a: Scizor|atk|1
|-unboost|p1a: Scizor|def|1
|faint|p2a: Tyranitar
|
|-weather|Sandstorm|[upkeep]
|choice||
|
|switch|p2a: Heatran|Heatran, M|100/100
|-damage|p2a: Heatran|88/100|[from] Stealth Rock
|turn|12
|choice||
|
|switch|p1a: Dragonite|Dragonite, M|100/100
|-damage|p1a: Dragonite|76/100|[from] Stealth Rock
|move|p2a: Heatran|Fire Blast|p1a: Dragonite
|-resisted|p1a: Dragonite
|-damage|p1a: Dragonite|31/100
|-damage|p2a: Heatran|78/100|[from] item: Life Orb
|
|-weather|Sandstorm|[upkeep]
|-damage|p1a: Dragonite|25/100|[from] sandstorm
|turn|13
|choice||
|
|move|p2a: Heatran|Dragon Pulse|p1a: Dragonite
|-supereffective|p1a: Dragonite
|-damage|p1a: Dragonite|0 fnt
|-damage|p2a: Heatran|68/100|[from] item: Life Orb
|faint|p1a: Dragonite
|
|-weather|Sandstorm|[upkeep]
|choice||
|
|switch|p1a: Salamence|Salamence, M|100/100
|-damage|p1a: Salamence|76/100|[from] Stealth Rock
|turn|14
|choice||
|
|move|p1a: Salamence|Earthquake|p2a: Heatran
|-supereffective|p2a: Heatran
|-damage|p2a: Heatran|0 fnt
|faint|p2a: Heatran
|-ability|p1a: Salamence|Moxie|boost
|-boost|p1a: Salamence|atk|1
|
|-weather|Sandstorm|[upkeep]
|-damage|p1a: Salamence|70/100|[from] sandstorm
|choice||
|
|switch|p2a: Alakazam|Alakazam, F|100/100
|turn|15
|choice||
|
|move|p1a: Salamence|Earthquake|p2a: Alakazam
|-enditem|p2a: Alakazam|Focus Sash
|-damage|p2a: Alakazam|1/100
|move|p2a: Alakazam|Hidden Power|p1a: Salamence
|-supereffective|p1a: Salamence
|-damage|p1a: Salamence|0 fnt
|faint|p1a: Salamence
|
|-weather|Sandstorm|[upkeep]
|choice||
|
|switch|p1a: Scizor|Scizor, F|88/100
|-damage|p1a: Scizor|75/100|[from] Stealth Rock
|turn|16
|choice||
|
|move|p1a: Scizor|Bullet Punch|p2a: Alakazam
|-damage|p2a: Alakazam|0 fnt
|faint|p2a: Alakazam
|
|win|Meloriver ヽ͜
|player|p1
|player|p2
|raw|Meloriver ヽ͜'s rating: 1289 &rarr; <strong>1321</strong><br />(+32 for winning)
|raw|Ariel 917's rating: 1384 &rarr; <strong>1359</strong><br />(-25 for losing)
|l|Ariel 917