|j|Gustavo Limn
|j|blt4 aight doe
|player|p1|Gustavo Limn|278
|player|p2|blt4 aight doe|163
|gametype|singles
|gen|5
|tier|[Gen 5] OU
|rated
|seed|
|rule|Evasion Abilities Clause: Evasion abilities are banned
|rule|Baton Pass Clause: Limit one Baton Passer, can't pass Spe and other stats simultaneously
|rule|Swagger Clause: Swagger is banned
|clearpoke
|poke|p1|Politoed, F|item
|poke|p1|Tentacruel, M|item
|poke|p1|Latias, F|item
|poke|p1|Skarmory, M|item
|poke|p1|Tyranitar, M, shiny|item
|poke|p1|Gliscor, M|item
|poke|p2|Jirachi|item
|poke|p2|Latios, M|item
|poke|p2|Terrakion|item
|poke|p2|Tyranitar, F|item
|poke|p2|Rotom-Wash|item
|poke|p2|Garchomp, M|item
|rule|Sleep Clause Mod: Limit one foe put to sleep
|rule|Species Clause: Limit one of each Pokémon
|rule|OHKO Clause: OHKO moves are banned
|rule|Moody Clause: Moody is banned
|rule|Evasion Moves Clause: Evasion moves are banned
|rule|Endless Battle Clause: Forcing endless battles is banned
|rule|HP Percentage Mod: HP is shown in percentages
|teampreview
|c|★Gustavo Limn|hi
|c|★blt4 aight doe|Hey
|choice||
|
|start
|switch|p1a: André-Pierre|Gliscor, M|100/100
|switch|p2a: Garchomp|Garchomp, M|100/100
|turn|1
|choice||
|
|move|p2a: Garchomp|Stealth Rock|p1a: André-Pierre
|-sidestart|p1: Gustavo Limn|move: Stealth Rock
|move|p1a: André-Pierre|Substitute|p1a: André-Pierre
|-start|p1a: André-Pierre|Substitute
|-damage|p1a: André-Pierre|76/100
|
|-status|p1a: André-Pierre|tox|[from] item: Toxic Orb
|turn|2
|choice||
|
|move|p2a: Garchomp|Fire Blast|p1a: André-Pierre|[miss]
|-miss|p2a: Garchomp|p1a: André-Pierre
|move|p1a: André-Pierre|Toxic|p2a: Garchomp
|-status|p2a: Garchomp|tox
|
|-damage|p2a: Garchomp|94/100 tox|[from] psn
|-heal|p1a: André-Pierre|88/100 tox|[from] ability: Poison Heal
|turn|3
|choice||
|
|switch|p2a: Rotom|Rotom-Wash|100/100
|move|p1a: André-Pierre|Protect|p1a: André-Pierre
|-fail|p1a: André-Pierre
|
|-heal|p1a: André-Pierre|100/100 tox|[from] ability: Poison Heal
|turn|4
|choice||
|
|move|p1a: André-Pierre|Toxic|p2a: Rotom
|-status|p2a: Rotom|tox
|-enditem|p2a: Rotom|Lum Berry|[eat]
|-curestatus|p2a: Rotom|tox
|move|p2a: Rotom|Hydro Pump|p1a: André-Pierre
|-supereffective|p1a: André-Pierre
|-end|p1a: André-Pierre|Substitute
|
|turn|5
|choice||
|
|move|p1a: André-Pierre|Substitute|p1a: André-Pierre
|-start|p1a: André-Pierre|Substitute
|-damage|p1a: André-Pierre|76/100 tox
|move|p2a: Rotom|Hydro Pump|p1a: André-Pierre
|-supereffective|p1a: André-Pierre
|-end|p1a: André-Pierre|Substitute
|
|-heal|p1a: André-Pierre|88/100 tox|[from] ability: Poison Heal
|turn|6
|choice||
|
|move|p1a: André-Pierre|Substitute|p1a: André-Pierre
|-start|p1a: André-Pierre|Substitute
|-damage|p1a: André-Pierre|63/100 tox
|move|p2a: Rotom|Hydro Pump|p1a: André-Pierre|[miss]
|-miss|p2a: Rotom|p1a: André-Pierre
|
|-heal|p1a: André-Pierre|76/100 tox|[from] ability: Poison Heal
|turn|7
|choice||
|
|move|p1a: André-Pierre|Protect|p1a: André-Pierre
|-singleturn|p1a: André-Pierre|Protect
|move|p2a: Rotom|Hydro Pump|p1a: André-Pierre
|-activate|p1a: André-Pierre|Protect
|
|-heal|p1a: André-Pierre|88/100 tox|[from] ability: Poison Heal
|turn|8
|choice||
|
|switch|p2a: Garchomp|Garchomp, M|94/100 tox
|move|p1a: André-Pierre|Toxic|p2a: Garchomp|[miss]
|-miss|p1a: André-Pierre|p2a: Garchomp
|
|-damage|p2a: Garchomp|88/100 tox|[from] psn
|-heal|p1a: André-Pierre|100/100 tox|[from] ability: Poison Heal
|turn|9
|choice||
|
|move|p2a: Garchomp|Fire Blast|p1a: André-Pierre
|-end|p1a: André-Pierre|Substitute
|move|p1a: André-Pierre|Substitute|p1a: André-Pierre
|-start|p1a: André-Pierre|Substitute
|-damage|p1a: André-Pierre|76/100 tox
|
|-damage|p2a: Garchomp|76/100 tox|[from] psn
|-heal|p1a: André-Pierre|88/100 tox|[from] ability: Poison Heal
|turn|10
|choice||
|
|move|p2a: Garchomp|Fire Blast|p1a: André-Pierre
|-end|p1a: André-Pierre|Substitute
|move|p1a: André-Pierre|Substitute|p1a: André-Pierre
|-start|p1a: André-Pierre|Substitute
|-damage|p1a: André-Pierre|63/100 tox
|
|-damage|p2a: Garchomp|57/100 tox|[from] psn
|-heal|p1a: André-Pierre|76/100 tox|[from] ability: Poison Heal
|turn|11
|choice||
|
|switch|p2a: Jirachi|Jirachi|100/100
|move|p1a: André-Pierre|Protect|p1a: André-Pierre
|-fail|p1a: André-Pierre
|
|-heal|p1a: André-Pierre|88/100 tox|[from] ability: Poison Heal
|turn|12
|choice||
|
|switch|p2a: Rotom|Rotom-Wash|100/100
|move|p1a: André-Pierre|Earthquake|p2a: Rotom
|-immune|p2a: Rotom|[msg]|[from] ability: Levitate
|
|-heal|p1a: André-Pierre|100/100 tox|[from] ability: Poison Heal
|turn|13
|choice||
|
|move|p1a: André-Pierre|Toxic|p2a: Rotom
|-status|p2a: Rotom|tox
|move|p2a: Rotom|Hydro Pump|p1a: André-Pierre
|-supereffective|p1a: André-Pierre
|-end|p1a: André-Pierre|Substitute
|
|-damage|p2a: Rotom|94/100 tox|[from] psn
|turn|14
|choice||
|
|switch|p2a: Garchomp|Garchomp, M|57/100 tox
|move|p1a: André-Pierre|Substitute|p1a: André-Pierre
|-start|p1a: André-Pierre|Substitute
|-damage|p1a: André-Pierre|76/100 tox
|
|-damage|p2a: Garchomp|51/100 tox|[from] psn
|-heal|p1a: André-Pierre|88/100 tox|[from] ability: Poison Heal
|turn|15
|choice||
|
|move|p1a: André-Pierre|Protect|p1a: André-Pierre
|-singleturn|p1a: André-Pierre|Protect
|move|p2a: Garchomp|Fire Blast|p1a: André-Pierre
|-activate|p1a: André-Pierre|Protect
|
|-damage|p2a: Garchomp|39/100 tox|[from] psn
|-heal|p1a: André-Pierre|100/100 tox|[from] ability: Poison Heal
|turn|16
|choice||
|
|move|p2a: Garchomp|Fire Blast|p1a: André-Pierre
|-end|p1a: André-Pierre|Substitute
|move|p1a: André-Pierre|Substitute|p1a: André-Pierre
|-start|p1a: André-Pierre|Substitute
|-damage|p1a: André-Pierre|76/100 tox
|
|-damage|p2a: Garchomp|20/100 tox|[from] psn
|-heal|p1a: André-Pierre|88/100 tox|[from] ability: Poison Heal
|turn|17
|choice||
|
|move|p1a: André-Pierre|Protect|p1a: André-Pierre
|-singleturn|p1a: André-Pierre|Protect
|move|p2a: Garchomp|Fire Blast|p1a: André-Pierre
|-activate|p1a: André-Pierre|Protect
|
|-damage|p2a: Garchomp|0 fnt|[from] psn
|-heal|p1a: André-Pierre|100/100 tox|[from] ability: Poison Heal
|faint|p2a: Garchomp
|choice||
|
|switch|p2a: Latios|Latios, M|100/100
|turn|18
|choice||
|
|move|p2a: Latios|Psyshock|p1a: André-Pierre
|-end|p1a: André-Pierre|Substitute
|move|p1a: André-Pierre|Toxic|p2a: Latios
|-status|p2a: Latios|tox
|
|-damage|p2a: Latios|95/100 tox|[from] psn
|turn|19
|choice||
|
|switch|p1a: Ska|Skarmory, M|100/100
|-damage|p1a: Ska|88/100|[from] Stealth Rock
|move|p2a: Latios|Draco Meteor|p1a: Ska
|-resisted|p1a: Ska
|-damage|p1a: Ska|42/100
|-unboost|p2a: Latios|spa|2
|
|-heal|p1a: Ska|48/100|[from] item: Leftovers
|-damage|p2a: Latios|83/100 tox|[from] psn
|turn|20
|choice||
|
|switch|p2a: Rotom|Rotom-Wash|94/100 tox
|move|p1a: Ska|Roost|p1a: Ska
|-heal|p1a: Ska|98/100
|
|-heal|p1a: Ska|100/100|[from] item: Leftovers
|-damage|p2a: Rotom|88/100 tox|[from] psn
|turn|21
|choice||
|
|switch|p1a: Tyraph|Tyranitar, M, shiny|100/100
|-damage|p1a: Tyraph|88/100|[from] Stealth Rock
|-weather|Sandstorm|[from] ability: Sand Stream|[of] p1a: Tyraph
|move|p2a: Rotom|Hydro Pump|p1a: Tyraph|[miss]
|-miss|p2a: Rotom|p1a: Tyraph
|
|-weather|Sandstorm|[upkeep]
|-damage|p2a: Rotom|82/100 tox|[from] sandstorm
|-heal|p1a: Tyraph|94/100|[from] item: Leftovers
|-damage|p2a: Rotom|70/100 tox|[from] psn
|turn|22
|choice||
|
|move|p2a: Rotom|Volt Switch|p1a: Tyraph
|-damage|p1a: Tyraph|79/100
|choice||
|
|switch|p2a: Terrakion|Terrakion|100/100
|move|p1a: Tyraph|Stealth Rock|p2a: Terrakion
|-sidestart|p2: blt4 aight doe|move: Stealth Rock
|
|-weather|Sandstorm|[upkeep]
|-heal|p1a: Tyraph|85/100|[from] item: Leftovers
|turn|23
|choice||
|
|move|p2a: Terrakion|Close Combat|p1a: Tyraph
|-supereffective|p1a: Tyraph
|-damage|p1a: Tyraph|0 fnt
|-unboost|p2a: Terrakion|def|1
|-unboost|p2a: Terrakion|spd|1
|-damage|p2a: Terrakion|91/100|[from] item: Life Orb
|faint|p1a: Tyraph
|
|-weather|Sandstorm|[upkeep]
|choice||
|
|switch|p1a: Tenta Djihadiste|Tentacruel, M|100/100
|-damage|p1a: Tenta Djihadiste|88/100|[from] Stealth Rock
|turn|24
|choice||
|
|move|p2a: Terrakion|Stone Edge|p1a: Tenta Djihadiste
|-damage|p1a: Tenta Djihadiste|20/100
|-damage|p2a: Terrakion|81/100|[from] item: Life Orb
|move|p1a: Tenta Djihadiste|Rapid Spin|p2a: Terrakion
|-resisted|p2a: Terrakion
|-damage|p2a: Terrakion|78/100
|-sideend|p1: Gustavo Limn|Stealth Rock|[from] move: Rapid Spin|[of] p1a: Tenta Djihadiste
|
|-weather|Sandstorm|[upkeep]
|-damage|p1a: Tenta Djihadiste|14/100|[from] sandstorm
|-heal|p1a: Tenta Djihadiste|20/100|[from] item: Black Sludge
|turn|25
|choice||
|
|switch|p1a: André-Pierre|Gliscor, M|100/100 tox
|move|p2a: Terrakion|Close Combat|p1a: André-Pierre
|-resisted|p1a: André-Pierre
|-damage|p1a: André-Pierre|70/100 tox
|-unboost|p2a: Terrakion|def|1
|-unboost|p2a: Terrakion|spd|1
|-damage|p2a: Terrakion|68/100|[from] item: Life Orb
|
|-weather|Sandstorm|[upkeep]
|-heal|p1a: André-Pierre|82/100 tox|[from] ability: Poison Heal
|turn|26
|choice||
|
|move|p2a: Terrakion|Stone Edge|p1a: André-Pierre|[miss]
|-miss|p2a: Terrakion|p1a: André-Pierre
|move|p1a: André-Pierre|Substitute|p1a: André-Pierre
|-start|p1a: André-Pierre|Substitute
|-damage|p1a: André-Pierre|57/100 tox
|
|-weather|Sandstorm|[upkeep]
|-heal|p1a: André-Pierre|70/100 tox|[from] ability: Poison Heal
|turn|27
|choice||
|
|move|p1a: André-Pierre|Protect|p1a: André-Pierre
|-singleturn|p1a: André-Pierre|Protect
|move|p2a: Terrakion|Stone Edge|p1a: André-Pierre
|-activate|p1a: André-Pierre|Protect
|
|-weather|Sandstorm|[upkeep]
|-heal|p1a: André-Pierre|82/100 tox|[from] ability: Poison Heal
|turn|28
|choice||
|
|move|p2a: Terrakion|Stone Edge|p1a: André-Pierre
|-end|p1a: André-Pierre|Substitute
|-damage|p2a: Terrakion|58/100|[from] item: Life Orb
|move|p1a: André-Pierre|Toxic|p2a: Terrakion|[miss]
|-miss|p1a: André-Pierre|p2a: Terrakion
|
|-weather|Sandstorm|[upkeep]
|-heal|p1a: André-Pierre|95/100 tox|[from] ability: Poison Heal
|turn|29
|choice||
|
|move|p2a: Terrakion|Stone Edge|p1a: André-Pierre|[miss]
|-miss|p2a: Terrakion|p1a: André-Pierre
|move|p1a: André-Pierre|Substitute|p1a: André-Pierre
|-start|p1a: André-Pierre|Substitute
|-damage|p1a: André-Pierre|70/100 tox
|
|-weather|Sandstorm|[upkeep]
|-heal|p1a: André-Pierre|82/100 tox|[from] ability: Poison Heal
|turn|30
|choice||
|
|move|p2a: Terrakion|Stone Edge|p1a: André-Pierre
|-end|p1a: André-Pierre|Substitute
|-damage|p2a: Terrakion|48/100|[from] item: Life Orb
|move|p1a: André-Pierre|Toxic|p2a: Terrakion
|-status|p2a: Terrakion|tox
|
|-weather|Sandstorm|[upkeep]
|-damage|p2a: Terrakion|42/100 tox|[from] psn
|-heal|p1a: André-Pierre|95/100 tox|[from] ability: Poison Heal
|turn|31
|choice||
|
|move|p2a: Terrakion|Stone Edge|p1a: André-Pierre
|-damage|p1a: André-Pierre|47/100 tox
|-damage|p2a: Terrakion|32/100 tox|[from] item: Life Orb
|move|p1a: André-Pierre|Substitute|p1a: André-Pierre
|-start|p1a: André-Pierre|Substitute
|-damage|p1a: André-Pierre|22/100 tox
|
|-weather|Sandstorm|[upkeep]
|-damage|p2a: Terrakion|20/100 tox|[from] psn
|-heal|p1a: André-Pierre|34/100 tox|[from] ability: Poison Heal
|turn|32
|choice||
|
|move|p1a: André-Pierre|Protect|p1a: André-Pierre
|-singleturn|p1a: André-Pierre|Protect
|move|p2a: Terrakion|Stone Edge|p1a: André-Pierre
|-activate|p1a: André-Pierre|Protect
|
|-weather|Sandstorm|[upkeep]
|-damage|p2a: Terrakion|1/100 tox|[from] psn
|-heal|p1a: André-Pierre|47/100 tox|[from] ability: Poison Heal
|turn|33
|choice||
|
|move|p2a: Terrakion|Close Combat|p1a: André-Pierre
|-resisted|p1a: André-Pierre
|-end|p1a: André-Pierre|Substitute
|-unboost|p2a: Terrakion|def|1
|-unboost|p2a: Terrakion|spd|1
|-damage|p2a: Terrakion|0 fnt|[from] item: Life Orb
|faint|p2a: Terrakion
|move|p1a: André-Pierre|Substitute|p1a: André-Pierre
|-start|p1a: André-Pierre|Substitute
|-damage|p1a: André-Pierre|22/100 tox
|
|-weather|Sandstorm|[upkeep]
|-heal|p1a: André-Pierre|34/100 tox|[from] ability: Poison Heal
|choice||
|
|switch|p2a: Latios|Latios, M|83/100 tox
|-damage|p2a: Latios|70/100 tox|[from] Stealth Rock
|turn|34
|choice||
|
|move|p1a: André-Pierre|Protect|p1a: André-Pierre
|-singleturn|p1a: André-Pierre|Protect
|move|p2a: Latios|Roost|p2a: Latios
|-heal|p2a: Latios|100/100 tox
|
|-weather|Sandstorm|[upkeep]
|-damage|p2a: Latios|95/100 tox|[from] sandstorm
|-damage|p2a: Latios|89/100 tox|[from] psn
|-heal|p1a: André-Pierre|47/100 tox|[from] ability: Poison Heal
|turn|35
|choice||
|
|move|p1a: André-Pierre|Protect|p1a: André-Pierre
|-singleturn|p1a: André-Pierre|Protect
|move|p2a: Latios|Psyshock|p1a: André-Pierre
|-activate|p1a: André-Pierre|Protect
|
|-weather|Sandstorm|[upkeep]
|-damage|p2a: Latios|83/100 tox|[from] sandstorm
|-damage|p2a: Latios|71/100 tox|[from] psn
|-heal|p1a: André-Pierre|59/100 tox|[from] ability: Poison Heal
|turn|36
|c|★blt4 aight doe|What a retarded strategy
|c|★blt4 aight doe|Pathetic
|choice||
|
|move|p1a: André-Pierre|Protect|p1a: André-Pierre
|-fail|p1a: André-Pierre
|move|p2a: Latios|Psyshock|p1a: André-Pierre
|-end|p1a: André-Pierre|Substitute
|
|-weather|Sandstorm|[upkeep]
|-damage|p2a: Latios|65/100 tox|[from] sandstorm
|-damage|p2a: Latios|47/100 tox|[from] psn
|-heal|p1a: André-Pierre|72/100 tox|[from] ability: Poison Heal
|turn|37
|choice||
|
|move|p1a: André-Pierre|Protect|p1a: André-Pierre
|-singleturn|p1a: André-Pierre|Protect
|move|p2a: Latios|Roost|p2a: Latios
|-heal|p2a: Latios|97/100 tox
|
|-weather|Sandstorm|[upkeep]
|-damage|p2a: Latios|91/100 tox|[from] sandstorm
|-damage|p2a: Latios|67/100 tox|[from] psn
|-heal|p1a: André-Pierre|84/100 tox|[from] ability: Poison Heal
|turn|38
|choice||
|
|switch|p2a: Rotom|Rotom-Wash|70/100 tox
|-damage|p2a: Rotom|58/100 tox|[from] Stealth Rock
|switch|p1a: Ska|Skarmory, M|100/100
|
|-weather|Sandstorm|[upkeep]
|-damage|p2a: Rotom|52/100 tox|[from] sandstorm
|-damage|p2a: Rotom|46/100 tox|[from] psn
|turn|39
|choice||
|
|switch|p1a: Tenta Djihadiste|Tentacruel, M|20/100
|move|p2a: Rotom|Volt Switch|p1a: Tenta Djihadiste
|-supereffective|p1a: Tenta Djihadiste
|-damage|p1a: Tenta Djihadiste|0 fnt
|faint|p1a: Tenta Djihadiste
|choice||
|
|switch|p2a: Tyranitar|Tyranitar, F|100/100
|-damage|p2a: Tyranitar|88/100|[from] Stealth Rock
|
|-weather|Sandstorm|[upkeep]
|choice||
|
|switch|p1a: It's Raining men|Politoed, F|100/100
|-weather|RainDance|[from] ability: Drizzle|[of] p1a: It's Raining men
|turn|40
|choice||
|
|switch|p2a: Latios|Latios, M|67/100 tox
|-damage|p2a: Latios|55/100 tox|[from] Stealth Rock
|move|p1a: It's Raining men|Hydro Pump|p2a: Latios
|-resisted|p2a: Latios
|-damage|p2a: Latios|0 fnt
|faint|p2a: Latios
|
|-weather|RainDance|[upkeep]
|choice||
|
|switch|p2a: Rotom|Rotom-Wash|46/100 tox
|-damage|p2a: Rotom|34/100 tox|[from] Stealth Rock
|turn|41
|choice||
|
|move|p2a: Rotom|Rest|p2a: Rotom
|-status|p2a: Rotom|slp
|-heal|p2a: Rotom|100/100 slp|[silent]
|-status|p2a: Rotom|slp|[from] move: Rest
|move|p1a: It's Raining men|Hydro Pump|p2a: Rotom
|-resisted|p2a: Rotom
|-damage|p2a: Rotom|29/100 slp
|
|-weather|RainDance|[upkeep]
|turn|42
|-message|blt4 aight doe forfeited.
|
|win|Gustavo Limn
|player|p1
|player|p2
|l|blt4 aight doe
|raw|Gustavo Limn's rating: 1306 &rarr; <strong>1327</strong><br />(+21 for winning)
|raw|blt4 aight doe's rating: 1323 &rarr; <strong>1302</strong><br />(-21 for losing)