|j|☆Burpcoke
|j|☆magialice
|t:|1716661573
|gametype|singles
|player|p1|Burpcoke|blue-gen2|1379
|player|p2|magialice|miku-flying|1503
|teamsize|p1|6
|teamsize|p2|6
|gen|5
|tier|[Gen 5] OU
|rated|
|rule|Species Clause: Limit one of each Pokémon
|rule|OHKO Clause: OHKO moves are banned
|rule|Moody Clause: Moody is banned
|rule|Evasion Items Clause: Evasion items are banned
|rule|Evasion Moves Clause: Evasion moves are banned
|rule|Endless Battle Clause: Forcing endless battles is banned
|rule|HP Percentage Mod: HP is shown in percentages
|rule|Evasion Abilities Clause: Evasion abilities are banned
|rule|Sleep Moves Clause: Sleep-inducing moves are banned
|rule|Swagger Clause: Swagger is banned
|rule|Baton Pass Stat Clause: No Baton Passer may have a way to boost its stats
|clearpoke
|poke|p1|Tyranitar, F|item
|poke|p1|Alakazam, M|item
|poke|p1|Latios, M|item
|poke|p1|Ferrothorn, M|item
|poke|p1|Landorus-Therian, M|item
|poke|p1|Jellicent, M|item
|poke|p2|Abomasnow, M|item
|poke|p2|Gliscor, M|item
|poke|p2|Blissey, F|item
|poke|p2|Forretress, M|item
|poke|p2|Reuniclus, M|item
|poke|p2|Latios, M|item
|teampreview
|inactive|Battle timer is ON: inactive players will automatically lose when time's up. (requested by magialice)
|inactive|magialice has 120 seconds left.
|
|t:|1716661612
|start
|switch|p1a: Lego Bricks|Ferrothorn, M, shiny|100/100
|switch|p2a: Abomasnow|Abomasnow, M|100/100
|-weather|Hail|[from] ability: Snow Warning|[of] p2a: Abomasnow
|turn|1
|
|t:|1716661619
|move|p2a: Abomasnow|Blizzard|p1a: Lego Bricks
|-damage|p1a: Lego Bricks|67/100
|move|p1a: Lego Bricks|Gyro Ball|p2a: Abomasnow
|-supereffective|p2a: Abomasnow
|-damage|p2a: Abomasnow|47/100
|
|-weather|Hail|[upkeep]
|-damage|p1a: Lego Bricks|61/100|[from] Hail
|-heal|p2a: Abomasnow|53/100|[from] item: Leftovers
|-heal|p1a: Lego Bricks|67/100|[from] item: Leftovers
|upkeep
|turn|2
|inactive|Burpcoke has 120 seconds left.
|
|t:|1716661654
|switch|p1a: MechaGodzilla|Tyranitar, F|100/100
|-weather|Sandstorm|[from] ability: Sand Stream|[of] p1a: MechaGodzilla
|move|p2a: Abomasnow|Blizzard|p1a: MechaGodzilla|[miss]
|-miss|p2a: Abomasnow|p1a: MechaGodzilla
|
|-weather|Sandstorm|[upkeep]
|-damage|p2a: Abomasnow|47/100|[from] Sandstorm
|-heal|p2a: Abomasnow|53/100|[from] item: Leftovers
|upkeep
|turn|3
|inactive|Burpcoke has 120 seconds left.
|
|t:|1716661671
|move|p2a: Abomasnow|Protect|p2a: Abomasnow
|-singleturn|p2a: Abomasnow|Protect
|move|p1a: MechaGodzilla|Thunder Wave|p2a: Abomasnow
|-activate|p2a: Abomasnow|move: Protect
|
|-weather|Sandstorm|[upkeep]
|-damage|p2a: Abomasnow|47/100|[from] Sandstorm
|-heal|p2a: Abomasnow|53/100|[from] item: Leftovers
|upkeep
|turn|4
|
|t:|1716661677
|-activate|p2a: Abomasnow|move: Pursuit
|move|p1a: MechaGodzilla|Pursuit|p2a: Abomasnow|[from]Pursuit
|-damage|p2a: Abomasnow|13/100
|switch|p2a: Gliscor|Gliscor, M|100/100
|
|-weather|Sandstorm|[upkeep]
|-status|p2a: Gliscor|tox|[from] item: Toxic Orb
|upkeep
|turn|5
|
|t:|1716661683
|switch|p1a: The Attic|Landorus-Therian, M|100/100
|-ability|p1a: The Attic|Intimidate|boost
|-unboost|p2a: Gliscor|atk|1
|move|p2a: Gliscor|Knock Off|p1a: The Attic
|-damage|p1a: The Attic|97/100
|-enditem|p1a: The Attic|Leftovers|[from] move: Knock Off|[of] p2a: Gliscor
|
|-weather|Sandstorm|[upkeep]
|upkeep
|turn|6
|
|t:|1716661690
|move|p1a: The Attic|Stealth Rock|p2a: Gliscor
|-sidestart|p2: magialice|move: Stealth Rock
|move|p2a: Gliscor|Stealth Rock|p1a: The Attic
|-sidestart|p1: Burpcoke|move: Stealth Rock
|
|-weather|Sandstorm|[upkeep]
|upkeep
|turn|7
|
|t:|1716661694
|switch|p2a: Forretress|Forretress, M|100/100
|-damage|p2a: Forretress|88/100|[from] Stealth Rock
|move|p1a: The Attic|Hidden Power|p2a: Forretress
|-resisted|p2a: Forretress
|-damage|p2a: Forretress|76/100
|
|-weather|Sandstorm|[upkeep]
|-heal|p2a: Forretress|82/100|[from] item: Leftovers
|upkeep
|turn|8
|
|t:|1716661698
|move|p1a: The Attic|U-turn|p2a: Forretress
|-resisted|p2a: Forretress
|-damage|p2a: Forretress|76/100
|
|t:|1716661700
|switch|p1a: Pringles|Jellicent, M, shiny|100/100|[from] U-turn
|-damage|p1a: Pringles|88/100|[from] Stealth Rock
|move|p2a: Forretress|Spikes|p1a: Pringles
|-sidestart|p1: Burpcoke|Spikes
|
|-weather|Sandstorm|[upkeep]
|-damage|p1a: Pringles|82/100|[from] Sandstorm
|-heal|p1a: Pringles|88/100|[from] item: Leftovers
|-heal|p2a: Forretress|82/100|[from] item: Leftovers
|upkeep
|turn|9
|
|t:|1716661704
|switch|p2a: Reuniclus|Reuniclus, M|100/100
|move|p1a: Pringles|Taunt|p2a: Reuniclus
|-start|p2a: Reuniclus|move: Taunt
|
|-weather|Sandstorm|[upkeep]
|-damage|p1a: Pringles|82/100|[from] Sandstorm
|-heal|p1a: Pringles|88/100|[from] item: Leftovers
|upkeep
|turn|10
|
|t:|1716661731
|switch|p1a: Paper Plane|Latios, M|100/100
|-damage|p1a: Paper Plane|88/100|[from] Stealth Rock
|switch|p2a: Gliscor|Gliscor, M|100/100 tox
|-damage|p2a: Gliscor|88/100 tox|[from] Stealth Rock
|
|-weather|Sandstorm|[upkeep]
|-damage|p1a: Paper Plane|82/100|[from] Sandstorm
|-heal|p2a: Gliscor|100/100 tox|[from] ability: Poison Heal
|upkeep
|turn|11
|
|t:|1716661737
|move|p2a: Gliscor|Protect|p2a: Gliscor
|-singleturn|p2a: Gliscor|Protect
|move|p1a: Paper Plane|Surf|p2a: Gliscor
|-activate|p2a: Gliscor|move: Protect
|
|-weather|Sandstorm|[upkeep]
|-damage|p1a: Paper Plane|76/100|[from] Sandstorm
|upkeep
|turn|12
|
|t:|1716661747
|switch|p1a: MechaGodzilla|Tyranitar, F|100/100
|-damage|p1a: MechaGodzilla|88/100|[from] Stealth Rock
|-damage|p1a: MechaGodzilla|76/100|[from] Spikes
|switch|p2a: Blissey|Blissey, F|100/100
|-damage|p2a: Blissey|88/100|[from] Stealth Rock
|
|-weather|Sandstorm|[upkeep]
|-damage|p2a: Blissey|82/100|[from] Sandstorm
|-heal|p2a: Blissey|88/100|[from] item: Leftovers
|upkeep
|turn|13
|
|t:|1716661759
|switch|p2a: Gliscor|Gliscor, M|100/100 tox
|-damage|p2a: Gliscor|88/100 tox|[from] Stealth Rock
|move|p1a: MechaGodzilla|Crunch|p2a: Gliscor
|-damage|p2a: Gliscor|56/100 tox
|
|-weather|Sandstorm|[upkeep]
|-heal|p2a: Gliscor|69/100 tox|[from] ability: Poison Heal
|upkeep
|turn|14
|
|t:|1716661769
|switch|p1a: The Attic|Landorus-Therian, M|97/100
|-damage|p1a: The Attic|85/100|[from] Stealth Rock
|-ability|p1a: The Attic|Intimidate|boost
|-unboost|p2a: Gliscor|atk|1
|move|p2a: Gliscor|Earthquake|p1a: The Attic
|-immune|p1a: The Attic
|
|-weather|Sandstorm|[upkeep]
|-heal|p2a: Gliscor|81/100 tox|[from] ability: Poison Heal
|upkeep
|turn|15
|
|t:|1716661772
|switch|p2a: Forretress|Forretress, M|82/100
|-damage|p2a: Forretress|69/100|[from] Stealth Rock
|move|p1a: The Attic|U-turn|p2a: Forretress
|-resisted|p2a: Forretress
|-damage|p2a: Forretress|63/100
|
|t:|1716661779
|switch|p1a: Action Figures|Alakazam, M|100/100|[from] U-turn
|
|-weather|Sandstorm|[upkeep]
|-heal|p2a: Forretress|70/100|[from] item: Leftovers
|upkeep
|turn|16
|
|t:|1716661782
|switch|p2a: Blissey|Blissey, F|88/100
|-damage|p2a: Blissey|76/100|[from] Stealth Rock
|move|p1a: Action Figures|Focus Blast|p2a: Blissey|[miss]
|-miss|p1a: Action Figures|p2a: Blissey
|
|-weather|Sandstorm|[upkeep]
|-damage|p2a: Blissey|69/100|[from] Sandstorm
|-heal|p2a: Blissey|76/100|[from] item: Leftovers
|upkeep
|turn|17
|inactive|Burpcoke has 120 seconds left.
|
|t:|1716661838
|switch|p1a: The Attic|Landorus-Therian, M|85/100
|-damage|p1a: The Attic|73/100|[from] Stealth Rock
|-ability|p1a: The Attic|Intimidate|boost
|-unboost|p2a: Blissey|atk|1
|move|p2a: Blissey|Soft-Boiled|p2a: Blissey
|-heal|p2a: Blissey|100/100
|
|-weather|Sandstorm|[upkeep]
|-damage|p2a: Blissey|94/100|[from] Sandstorm
|-heal|p2a: Blissey|100/100|[from] item: Leftovers
|upkeep
|turn|18
|
|t:|1716661843
|switch|p2a: Gliscor|Gliscor, M|81/100 tox
|-damage|p2a: Gliscor|69/100 tox|[from] Stealth Rock
|move|p1a: The Attic|Earthquake|p2a: Gliscor
|-immune|p2a: Gliscor
|
|-weather|Sandstorm|[upkeep]
|-heal|p2a: Gliscor|81/100 tox|[from] ability: Poison Heal
|upkeep
|turn|19
|
|t:|1716661849
|move|p2a: Gliscor|Protect|p2a: Gliscor
|-singleturn|p2a: Gliscor|Protect
|move|p1a: The Attic|Hidden Power|p2a: Gliscor
|-activate|p2a: Gliscor|move: Protect
|
|-weather|Sandstorm|[upkeep]
|-heal|p2a: Gliscor|94/100 tox|[from] ability: Poison Heal
|upkeep
|turn|20
|
|t:|1716661852
|switch|p2a: Forretress|Forretress, M|70/100
|-damage|p2a: Forretress|57/100|[from] Stealth Rock
|move|p1a: The Attic|U-turn|p2a: Forretress
|-resisted|p2a: Forretress
|-damage|p2a: Forretress|51/100
|
|t:|1716661861
|switch|p1a: Action Figures|Alakazam, M|100/100|[from] U-turn
|
|-weather|Sandstorm|[upkeep]
|-heal|p2a: Forretress|58/100|[from] item: Leftovers
|upkeep
|turn|21
|
|t:|1716661869
|switch|p2a: Blissey|Blissey, F|100/100
|-damage|p2a: Blissey|88/100|[from] Stealth Rock
|move|p1a: Action Figures|Focus Blast|p2a: Blissey
|-supereffective|p2a: Blissey
|-damage|p2a: Blissey|49/100
|
|-weather|Sandstorm|[upkeep]
|-damage|p2a: Blissey|43/100|[from] Sandstorm
|-heal|p2a: Blissey|49/100|[from] item: Leftovers
|upkeep
|turn|22
|inactive|Burpcoke has 120 seconds left.
|
|t:|1716661892
|switch|p1a: Pringles|Jellicent, M, shiny|88/100
|-damage|p1a: Pringles|76/100|[from] Stealth Rock
|-damage|p1a: Pringles|63/100|[from] Spikes
|move|p2a: Blissey|Soft-Boiled|p2a: Blissey
|-heal|p2a: Blissey|99/100
|
|-weather|Sandstorm|[upkeep]
|-damage|p1a: Pringles|57/100|[from] Sandstorm
|-damage|p2a: Blissey|93/100|[from] Sandstorm
|-heal|p1a: Pringles|63/100|[from] item: Leftovers
|-heal|p2a: Blissey|99/100|[from] item: Leftovers
|upkeep
|turn|23
|inactive|Burpcoke has 120 seconds left.
|
|t:|1716661898
|move|p1a: Pringles|Taunt|p2a: Blissey
|-start|p2a: Blissey|move: Taunt
|cant|p2a: Blissey|move: Taunt|Toxic
|
|-weather|Sandstorm|[upkeep]
|-damage|p1a: Pringles|57/100|[from] Sandstorm
|-damage|p2a: Blissey|93/100|[from] Sandstorm
|-heal|p1a: Pringles|63/100|[from] item: Leftovers
|-heal|p2a: Blissey|99/100|[from] item: Leftovers
|upkeep
|turn|24
|
|t:|1716661901
|switch|p2a: Gliscor|Gliscor, M|94/100 tox
|-damage|p2a: Gliscor|81/100 tox|[from] Stealth Rock
|move|p1a: Pringles|Recover|p1a: Pringles
|-heal|p1a: Pringles|100/100
|
|-weather|Sandstorm|[upkeep]
|-damage|p1a: Pringles|94/100|[from] Sandstorm
|-heal|p1a: Pringles|100/100|[from] item: Leftovers
|-heal|p2a: Gliscor|94/100 tox|[from] ability: Poison Heal
|upkeep
|turn|25
|inactive|Burpcoke has 120 seconds left.
|
|t:|1716661926
|switch|p1a: The Attic|Landorus-Therian, M|73/100
|-damage|p1a: The Attic|60/100|[from] Stealth Rock
|-ability|p1a: The Attic|Intimidate|boost
|-unboost|p2a: Gliscor|atk|1
|move|p2a: Gliscor|Knock Off|p1a: The Attic
|-damage|p1a: The Attic|57/100
|
|-weather|Sandstorm|[upkeep]
|-heal|p2a: Gliscor|100/100 tox|[from] ability: Poison Heal
|upkeep
|turn|26
|
|t:|1716661933
|move|p2a: Gliscor|Protect|p2a: Gliscor
|-singleturn|p2a: Gliscor|Protect
|move|p1a: The Attic|Hidden Power|p2a: Gliscor
|-activate|p2a: Gliscor|move: Protect
|
|-weather|Sandstorm|[upkeep]
|upkeep
|turn|27
|
|t:|1716661941
|switch|p2a: Forretress|Forretress, M|58/100
|-damage|p2a: Forretress|45/100|[from] Stealth Rock
|move|p1a: The Attic|Earthquake|p2a: Forretress
|-damage|p2a: Forretress|20/100
|
|-weather|Sandstorm|[upkeep]
|-heal|p2a: Forretress|26/100|[from] item: Leftovers
|upkeep
|turn|28
|
|t:|1716661947
|move|p1a: The Attic|Earthquake|p2a: Forretress
|-damage|p2a: Forretress|0 fnt
|faint|p2a: Forretress
|
|-weather|Sandstorm|[upkeep]
|upkeep
|
|t:|1716661951
|switch|p2a: Latios|Latios, M|100/100
|-damage|p2a: Latios|88/100|[from] Stealth Rock
|turn|29
|
|t:|1716661957
|move|p2a: Latios|Surf|p1a: The Attic
|-supereffective|p1a: The Attic
|-damage|p1a: The Attic|0 fnt
|faint|p1a: The Attic
|
|-weather|Sandstorm|[upkeep]
|-damage|p2a: Latios|82/100|[from] Sandstorm
|upkeep
|
|t:|1716661977
|switch|p1a: MechaGodzilla|Tyranitar, F|76/100
|-damage|p1a: MechaGodzilla|63/100|[from] Stealth Rock
|-damage|p1a: MechaGodzilla|51/100|[from] Spikes
|turn|30
|
|t:|1716661982
|switch|p2a: Gliscor|Gliscor, M|100/100 tox
|-damage|p2a: Gliscor|88/100 tox|[from] Stealth Rock
|move|p1a: MechaGodzilla|Crunch|p2a: Gliscor
|-damage|p2a: Gliscor|58/100 tox
|
|-weather|Sandstorm|[upkeep]
|-heal|p2a: Gliscor|71/100 tox|[from] ability: Poison Heal
|upkeep
|turn|31
|inactive|Burpcoke has 120 seconds left.
|
|t:|1716662029
|switch|p1a: Paper Plane|Latios, M|76/100
|-damage|p1a: Paper Plane|64/100|[from] Stealth Rock
|move|p2a: Gliscor|Knock Off|p1a: Paper Plane
|-supereffective|p1a: Paper Plane
|-crit|p1a: Paper Plane
|-damage|p1a: Paper Plane|38/100
|-enditem|p1a: Paper Plane|Choice Scarf|[from] move: Knock Off|[of] p2a: Gliscor
|
|-weather|Sandstorm|[upkeep]
|-damage|p1a: Paper Plane|32/100|[from] Sandstorm
|-heal|p2a: Gliscor|83/100 tox|[from] ability: Poison Heal
|upkeep
|turn|32
|
|t:|1716662036
|move|p2a: Gliscor|Protect|p2a: Gliscor
|-singleturn|p2a: Gliscor|Protect
|move|p1a: Paper Plane|Recover|p1a: Paper Plane
|-heal|p1a: Paper Plane|82/100
|
|-weather|Sandstorm|[upkeep]
|-damage|p1a: Paper Plane|76/100|[from] Sandstorm
|-heal|p2a: Gliscor|96/100 tox|[from] ability: Poison Heal
|upkeep
|turn|33
|
|t:|1716662041
|switch|p2a: Blissey|Blissey, F|99/100
|-damage|p2a: Blissey|87/100|[from] Stealth Rock
|move|p1a: Paper Plane|Trick|p2a: Blissey
|-activate|p1a: Paper Plane|move: Trick|[of] p2a: Blissey
|-enditem|p2a: Blissey|Leftovers|[silent]|[from] move: Trick
|-item|p1a: Paper Plane|Leftovers|[from] move: Trick
|
|-weather|Sandstorm|[upkeep]
|-damage|p1a: Paper Plane|70/100|[from] Sandstorm
|-damage|p2a: Blissey|80/100|[from] Sandstorm
|-heal|p1a: Paper Plane|76/100|[from] item: Leftovers
|upkeep
|turn|34
|inactive|Burpcoke has 120 seconds left.
|
|t:|1716662051
|switch|p1a: Action Figures|Alakazam, M|100/100
|move|p2a: Blissey|Toxic|p1a: Action Figures
|-status|p1a: Action Figures|tox
|
|-weather|Sandstorm|[upkeep]
|-damage|p2a: Blissey|74/100|[from] Sandstorm
|upkeep
|turn|35
|inactive|Burpcoke has 120 seconds left.
|
|t:|1716662062
|move|p1a: Action Figures|Psychic|p2a: Blissey
|-crit|p2a: Blissey
|-damage|p2a: Blissey|25/100
|move|p2a: Blissey|Seismic Toss|p1a: Action Figures
|-damage|p1a: Action Figures|61/100 tox
|
|-weather|Sandstorm|[upkeep]
|-damage|p2a: Blissey|19/100|[from] Sandstorm
|upkeep
|turn|36
|
|t:|1716662070
|switch|p2a: Abomasnow|Abomasnow, M|13/100
|-damage|p2a: Abomasnow|0 fnt|[from] Stealth Rock
|faint|p2a: Abomasnow
|move|p1a: Action Figures|Psychic|p2: Abomasnow|[notarget]
|-fail|p1a: Action Figures
|
|-weather|Sandstorm|[upkeep]
|upkeep
|
|t:|1716662073
|switch|p2a: Latios|Latios, M|82/100
|-damage|p2a: Latios|70/100|[from] Stealth Rock
|turn|37
|inactive|Burpcoke has 120 seconds left.
|
|t:|1716662100
|switch|p1a: Pringles|Jellicent, M, shiny|100/100
|-damage|p1a: Pringles|88/100|[from] Stealth Rock
|-damage|p1a: Pringles|76/100|[from] Spikes
|move|p2a: Latios|Draco Meteor|p1a: Pringles
|-damage|p1a: Pringles|13/100
|-unboost|p2a: Latios|spa|2
|
|-weather|Sandstorm|[upkeep]
|-damage|p2a: Latios|64/100|[from] Sandstorm
|-damage|p1a: Pringles|7/100|[from] Sandstorm
|-heal|p1a: Pringles|13/100|[from] item: Leftovers
|upkeep
|turn|38
|
|t:|1716662103
|move|p2a: Latios|Draco Meteor|p1a: Pringles
|-damage|p1a: Pringles|0 fnt
|-unboost|p2a: Latios|spa|2
|faint|p1a: Pringles
|
|-weather|Sandstorm|[upkeep]
|-damage|p2a: Latios|58/100|[from] Sandstorm
|upkeep
|
|t:|1716662109
|switch|p1a: MechaGodzilla|Tyranitar, F|51/100
|-damage|p1a: MechaGodzilla|38/100|[from] Stealth Rock
|-damage|p1a: MechaGodzilla|26/100|[from] Spikes
|turn|39
|
|t:|1716662112
|move|p2a: Latios|Surf|p1a: MechaGodzilla
|-supereffective|p1a: MechaGodzilla
|-damage|p1a: MechaGodzilla|16/100
|move|p1a: MechaGodzilla|Pursuit|p2a: Latios
|-supereffective|p2a: Latios
|-enditem|p2a: Latios|Colbur Berry|[eat]
|-enditem|p2a: Latios|Colbur Berry|[weaken]
|-damage|p2a: Latios|29/100
|
|-weather|Sandstorm|[upkeep]
|-damage|p2a: Latios|23/100|[from] Sandstorm
|upkeep
|turn|40
|
|t:|1716662117
|move|p2a: Latios|Thunder Wave|p1a: MechaGodzilla
|-status|p1a: MechaGodzilla|par
|move|p1a: MechaGodzilla|Pursuit|p2a: Latios
|-supereffective|p2a: Latios
|-damage|p2a: Latios|0 fnt
|faint|p2a: Latios
|
|-weather|Sandstorm|[upkeep]
|upkeep
|
|t:|1716662121
|switch|p2a: Gliscor|Gliscor, M|96/100 tox
|-damage|p2a: Gliscor|83/100 tox|[from] Stealth Rock
|turn|41
|
|t:|1716662128
|move|p2a: Gliscor|Earthquake|p1a: MechaGodzilla
|-supereffective|p1a: MechaGodzilla
|-damage|p1a: MechaGodzilla|0 fnt
|faint|p1a: MechaGodzilla
|
|-weather|Sandstorm|[upkeep]
|-heal|p2a: Gliscor|96/100 tox|[from] ability: Poison Heal
|upkeep
|inactive|Burpcoke has 120 seconds left.
|
|t:|1716662166
|switch|p1a: Action Figures|Alakazam, M|61/100 tox
|turn|42
|inactive|Burpcoke has 120 seconds left.
|
|t:|1716662171
|move|p2a: Gliscor|Protect|p2a: Gliscor
|-singleturn|p2a: Gliscor|Protect
|move|p1a: Action Figures|Hidden Power|p2a: Gliscor
|-activate|p2a: Gliscor|move: Protect
|
|-weather|Sandstorm|[upkeep]
|-heal|p2a: Gliscor|100/100 tox|[from] ability: Poison Heal
|upkeep
|turn|43
|
|t:|1716662175
|move|p1a: Action Figures|Hidden Power|p2a: Gliscor
|-supereffective|p2a: Gliscor
|-damage|p2a: Gliscor|0 fnt
|faint|p2a: Gliscor
|
|-weather|Sandstorm|[upkeep]
|upkeep
|
|t:|1716662178
|switch|p2a: Reuniclus|Reuniclus, M|100/100
|turn|44
|
|t:|1716662184
|move|p1a: Action Figures|Shadow Ball|p2a: Reuniclus
|-supereffective|p2a: Reuniclus
|-damage|p2a: Reuniclus|32/100
|move|p2a: Reuniclus|Calm Mind|p2a: Reuniclus
|-boost|p2a: Reuniclus|spa|1
|-boost|p2a: Reuniclus|spd|1
|
|-weather|Sandstorm|[upkeep]
|-heal|p2a: Reuniclus|38/100|[from] item: Leftovers
|upkeep
|turn|45
|
|t:|1716662192
|move|p1a: Action Figures|Shadow Ball|p2a: Reuniclus
|-supereffective|p2a: Reuniclus
|-damage|p2a: Reuniclus|0 fnt
|faint|p2a: Reuniclus
|
|-weather|Sandstorm|[upkeep]
|upkeep
|
|t:|1716662196
|switch|p2a: Blissey|Blissey, F|19/100
|-damage|p2a: Blissey|7/100|[from] Stealth Rock
|turn|46
|c|☆magialice|gg
|
|t:|1716662200
|move|p1a: Action Figures|Psychic|p2a: Blissey
|-damage|p2a: Blissey|0 fnt
|faint|p2a: Blissey
|
|win|Burpcoke
|raw|Burpcoke's rating: 1379 &rarr; <strong>1406</strong><br />(+27 for winning)
|raw|magialice's rating: 1503 &rarr; <strong>1476</strong><br />(-27 for losing)
|c|☆Burpcoke|Gg
|l|☆magialice
|player|p2|
