|j|☆BookofConke
|j|☆leoperi99
|t:|1702249093
|gametype|singles
|player|p1|BookofConke|silver-masters|1500
|player|p2|leoperi99|erika-masters|1462
|teamsize|p1|6
|teamsize|p2|6
|gen|5
|tier|[Gen 5] OU
|rated|
|rule|Species Clause: Limit one of each Pokémon
|rule|OHKO Clause: OHKO moves are banned
|rule|Moody Clause: Moody is banned
|rule|Evasion Items Clause: Evasion items are banned
|rule|Evasion Moves Clause: Evasion moves are banned
|rule|Endless Battle Clause: Forcing endless battles is banned
|rule|HP Percentage Mod: HP is shown in percentages
|rule|Evasion Abilities Clause: Evasion abilities are banned
|rule|Sleep Moves Clause: Sleep-inducing moves are banned
|rule|Swagger Clause: Swagger is banned
|rule|Baton Pass Stat Clause: No Baton Passer may have a way to boost its stats
|clearpoke
|poke|p1|Kyurem-Black|item
|poke|p1|Garchomp, F|item
|poke|p1|Magnezone|item
|poke|p1|Salamence, F|item
|poke|p1|Scizor, F|item
|poke|p1|Starmie|item
|poke|p2|Hippowdon, M|item
|poke|p2|Clefable, M|item
|poke|p2|Bronzong|item
|poke|p2|Skarmory, M|item
|poke|p2|Latias, F|item
|poke|p2|Latios, M|item
|teampreview
|c|☆BookofConke|I loaded the wrong team for this lol
|
|t:|1702249138
|start
|switch|p1a: Scizor|Scizor, F|100/100
|switch|p2a: Hippowdon|Hippowdon, M, shiny|100/100
|-weather|Sandstorm|[from] ability: Sand Stream|[of] p2a: Hippowdon
|turn|1
|
|t:|1702249144
|move|p1a: Scizor|U-turn|p2a: Hippowdon
|-damage|p2a: Hippowdon|58/100
|
|t:|1702249165
|switch|p1a: Kyurem|Kyurem-Black|100/100|[from] U-turn
|-ability|p1a: Kyurem|Teravolt
|move|p2a: Hippowdon|Stealth Rock|p1a: Kyurem
|-sidestart|p1: BookofConke|move: Stealth Rock
|
|-weather|Sandstorm|[upkeep]
|-damage|p1a: Kyurem|94/100|[from] Sandstorm
|-heal|p2a: Hippowdon|64/100|[from] item: Leftovers
|upkeep
|turn|2
|
|t:|1702249180
|switch|p2a: Skarmory|Skarmory, M, shiny|100/100
|move|p1a: Kyurem|Outrage|p2a: Skarmory
|-resisted|p2a: Skarmory
|-damage|p2a: Skarmory|66/100
|-damage|p1a: Kyurem|78/100|[from] item: Rocky Helmet|[of] p2a: Skarmory
|
|-weather|Sandstorm|[upkeep]
|-damage|p1a: Kyurem|72/100|[from] Sandstorm
|upkeep
|turn|3
|
|t:|1702249191
|move|p1a: Kyurem|Outrage|p2a: Skarmory|[from]lockedmove
|-resisted|p2a: Skarmory
|-damage|p2a: Skarmory|27/100
|-damage|p1a: Kyurem|55/100|[from] item: Rocky Helmet|[of] p2a: Skarmory
|-start|p1a: Kyurem|confusion|[fatigue]
|move|p2a: Skarmory|Roost|p2a: Skarmory
|-heal|p2a: Skarmory|77/100
|-singleturn|p2a: Skarmory|move: Roost
|
|-weather|Sandstorm|[upkeep]
|-damage|p1a: Kyurem|49/100|[from] Sandstorm
|upkeep
|turn|4
|
|t:|1702249202
|switch|p1a: Starmie|Starmie|100/100
|-damage|p1a: Starmie|88/100|[from] Stealth Rock
|-item|p1a: Starmie|Air Balloon
|move|p2a: Skarmory|Whirlwind|p1a: Starmie
|drag|p1a: Magnezone|Magnezone|100/100
|-damage|p1a: Magnezone|94/100|[from] Stealth Rock
|
|-weather|Sandstorm|[upkeep]
|upkeep
|turn|5
|c|☆leoperi99|oh
|
|t:|1702249213
|move|p1a: Magnezone|Thunderbolt|p2a: Skarmory
|-supereffective|p2a: Skarmory
|-damage|p2a: Skarmory|0 fnt
|faint|p2a: Skarmory
|
|-weather|Sandstorm|[upkeep]
|upkeep
|
|t:|1702249220
|switch|p2a: Clefable|Clefable, M, shiny|100/100
|turn|6
|
|t:|1702249227
|move|p1a: Magnezone|Volt Switch|p2a: Clefable
|-damage|p2a: Clefable|77/100
|
|t:|1702249230
|switch|p1a: Garchomp|Garchomp, F|100/100|[from] Volt Switch
|-damage|p1a: Garchomp|94/100|[from] Stealth Rock
|move|p2a: Clefable|Thunder Wave|p1a: Garchomp
|-immune|p1a: Garchomp
|
|-weather|Sandstorm|[upkeep]
|-heal|p2a: Clefable|83/100|[from] item: Leftovers
|upkeep
|turn|7
|inactive|Battle timer is ON: inactive players will automatically lose when time's up. (requested by leoperi99)
|
|t:|1702249248
|switch|p2a: Bronzong|Bronzong, shiny|100/100
|move|p1a: Garchomp|Swords Dance|p1a: Garchomp
|-boost|p1a: Garchomp|atk|2
|
|-weather|Sandstorm|[upkeep]
|upkeep
|turn|8
|inactive|BookofConke has 120 seconds left.
|
|t:|1702249280
|switch|p1a: Magnezone|Magnezone|94/100
|-damage|p1a: Magnezone|88/100|[from] Stealth Rock
|move|p2a: Bronzong|Toxic|p1a: Magnezone
|-immune|p1a: Magnezone
|
|-weather|Sandstorm|[upkeep]
|upkeep
|turn|9
|inactive|BookofConke has 120 seconds left.
|
|t:|1702249298
|move|p1a: Magnezone|Thunderbolt|p2a: Bronzong
|-damage|p2a: Bronzong|66/100
|move|p2a: Bronzong|Skill Swap|p1a: Magnezone
|-activate|p2a: Bronzong|move: Skill Swap|Magnet Pull|Levitate|[of] p1a: Magnezone
|-endability|p2a: Bronzong|Levitate|[from] move: Skill Swap
|-endability|p1a: Magnezone|Magnet Pull|[from] move: Skill Swap
|
|-weather|Sandstorm|[upkeep]
|-heal|p2a: Bronzong|73/100|[from] item: Leftovers
|upkeep
|turn|10
|inactive|BookofConke has 120 seconds left.
|
|t:|1702249315
|switch|p2a: Clefable|Clefable, M, shiny|83/100
|move|p1a: Magnezone|Sunny Day|p1a: Magnezone
|-weather|SunnyDay
|
|-weather|SunnyDay|[upkeep]
|-heal|p2a: Clefable|89/100|[from] item: Leftovers
|upkeep
|turn|11
|
|t:|1702249331
|move|p1a: Magnezone|Thunderbolt|p2a: Clefable
|-damage|p2a: Clefable|54/100
|move|p2a: Clefable|Knock Off|p1a: Magnezone
|-resisted|p1a: Magnezone
|-damage|p1a: Magnezone|87/100
|-enditem|p1a: Magnezone|Chople Berry|[from] move: Knock Off|[of] p2a: Clefable
|
|-weather|SunnyDay|[upkeep]
|-heal|p2a: Clefable|60/100|[from] item: Leftovers
|upkeep
|turn|12
|
|t:|1702249339
|move|p1a: Magnezone|Volt Switch|p2a: Clefable
|-damage|p2a: Clefable|37/100
|
|t:|1702249348
|switch|p1a: Garchomp|Garchomp, F|94/100|[from] Volt Switch
|-damage|p1a: Garchomp|88/100|[from] Stealth Rock
|move|p2a: Clefable|Thunder Wave|p1a: Garchomp
|-immune|p1a: Garchomp
|
|-weather|SunnyDay|[upkeep]
|-heal|p2a: Clefable|43/100|[from] item: Leftovers
|upkeep
|turn|13
|
|t:|1702249362
|switch|p2a: Hippowdon|Hippowdon, M, shiny|64/100
|-weather|Sandstorm|[from] ability: Sand Stream|[of] p2a: Hippowdon
|move|p1a: Garchomp|Swords Dance|p1a: Garchomp
|-boost|p1a: Garchomp|atk|2
|
|-weather|Sandstorm|[upkeep]
|-heal|p2a: Hippowdon|70/100|[from] item: Leftovers
|upkeep
|turn|14
|
|t:|1702249374
|move|p1a: Garchomp|Outrage|p2a: Hippowdon
|-damage|p2a: Hippowdon|0 fnt
|faint|p2a: Hippowdon
|
|-weather|Sandstorm|[upkeep]
|upkeep
|
|t:|1702249378
|switch|p2a: Latios|Latios, M, shiny|100/100
|turn|15
|
|t:|1702249380
|move|p2a: Latios|Draco Meteor|p1a: Garchomp
|-supereffective|p1a: Garchomp
|-damage|p1a: Garchomp|0 fnt
|-unboost|p2a: Latios|spa|2
|faint|p1a: Garchomp
|
|-weather|Sandstorm|[upkeep]
|-damage|p2a: Latios|95/100|[from] Sandstorm
|upkeep
|
|t:|1702249388
|switch|p1a: Scizor|Scizor, F|100/100
|-damage|p1a: Scizor|88/100|[from] Stealth Rock
|turn|16
|
|t:|1702249397
|move|p2a: Latios|Hidden Power|p1a: Scizor
|-supereffective|p1a: Scizor
|-damage|p1a: Scizor|31/100
|move|p1a: Scizor|Pursuit|p2a: Latios
|-supereffective|p2a: Latios
|-enditem|p2a: Latios|Colbur Berry|[eat]
|-enditem|p2a: Latios|Colbur Berry|[weaken]
|-damage|p2a: Latios|50/100
|
|-weather|Sandstorm|[upkeep]
|-damage|p2a: Latios|44/100|[from] Sandstorm
|upkeep
|turn|17
|
|t:|1702249407
|switch|p1a: Starmie|Starmie|88/100
|-damage|p1a: Starmie|76/100|[from] Stealth Rock
|-item|p1a: Starmie|Air Balloon
|move|p2a: Latios|Hidden Power|p1a: Starmie
|-resisted|p1a: Starmie
|-damage|p1a: Starmie|67/100
|-enditem|p1a: Starmie|Air Balloon
|
|-weather|Sandstorm|[upkeep]
|-damage|p1a: Starmie|61/100|[from] Sandstorm
|-damage|p2a: Latios|38/100|[from] Sandstorm
|upkeep
|turn|18
|inactive|BookofConke has 120 seconds left.
|
|t:|1702249433
|move|p1a: Starmie|Ice Beam|p2a: Latios
|-supereffective|p2a: Latios
|-damage|p2a: Latios|0 fnt
|faint|p2a: Latios
|
|-weather|Sandstorm|[upkeep]
|-damage|p1a: Starmie|55/100|[from] Sandstorm
|upkeep
|
|t:|1702249436
|switch|p2a: Clefable|Clefable, M, shiny|43/100
|turn|19
|
|t:|1702249445
|move|p1a: Starmie|Rapid Spin|p2a: Clefable
|-damage|p2a: Clefable|40/100
|-sideend|p1: BookofConke|Stealth Rock|[from] move: Rapid Spin|[of] p1a: Starmie
|move|p2a: Clefable|Thunder Wave|p1a: Starmie
|-status|p1a: Starmie|par
|
|-weather|Sandstorm|[upkeep]
|-damage|p1a: Starmie|48/100 par|[from] Sandstorm
|-heal|p2a: Clefable|46/100|[from] item: Leftovers
|upkeep
|turn|20
|
|t:|1702249453
|move|p2a: Clefable|Seismic Toss|p1a: Starmie
|-damage|p1a: Starmie|10/100 par
|move|p1a: Starmie|Scald|p2a: Clefable
|-damage|p2a: Clefable|18/100
|
|-weather|Sandstorm|[upkeep]
|-damage|p1a: Starmie|4/100 par|[from] Sandstorm
|-heal|p2a: Clefable|24/100|[from] item: Leftovers
|upkeep
|turn|21
|
|t:|1702249467
|move|p2a: Clefable|Soft-Boiled|p2a: Clefable
|-heal|p2a: Clefable|74/100
|cant|p1a: Starmie|par
|
|-weather|Sandstorm|[upkeep]
|-damage|p1a: Starmie|0 fnt|[from] Sandstorm
|faint|p1a: Starmie
|-heal|p2a: Clefable|80/100|[from] item: Leftovers
|upkeep
|inactive|BookofConke has 120 seconds left.
|
|t:|1702249488
|switch|p1a: Scizor|Scizor, F|31/100
|turn|22
|
|t:|1702249492
|move|p1a: Scizor|U-turn|p2a: Clefable
|-damage|p2a: Clefable|7/100
|
|t:|1702249496
|switch|p1a: Magnezone|Magnezone|87/100|[from] U-turn
|move|p2a: Clefable|Seismic Toss|p1a: Magnezone
|-damage|p1a: Magnezone|51/100
|
|-weather|Sandstorm|[upkeep]
|-heal|p2a: Clefable|13/100|[from] item: Leftovers
|upkeep
|turn|23
|
|t:|1702249506
|move|p1a: Magnezone|Thunderbolt|p2a: Clefable
|-damage|p2a: Clefable|0 fnt
|faint|p2a: Clefable
|
|-weather|Sandstorm|[upkeep]
|upkeep
|
|t:|1702249508
|switch|p2a: Latias|Latias, F, shiny|100/100
|turn|24
|
|t:|1702249516
|move|p2a: Latias|Calm Mind|p2a: Latias
|-boost|p2a: Latias|spa|1
|-boost|p2a: Latias|spd|1
|move|p1a: Magnezone|Volt Switch|p2a: Latias
|-resisted|p2a: Latias
|-damage|p2a: Latias|92/100
|
|t:|1702249539
|switch|p1a: Salamence|Salamence, F|100/100|[from] Volt Switch
|
|-weather|Sandstorm|[upkeep]
|-damage|p1a: Salamence|94/100|[from] Sandstorm
|-damage|p2a: Latias|86/100|[from] Sandstorm
|-heal|p2a: Latias|92/100|[from] item: Leftovers
|upkeep
|turn|25
|
|t:|1702249549
|switch|p2a: Bronzong|Bronzong, shiny|73/100
|move|p1a: Salamence|Dragon Claw|p2a: Bronzong
|-resisted|p2a: Bronzong
|-damage|p2a: Bronzong|56/100
|
|-weather|Sandstorm|[upkeep]
|-damage|p1a: Salamence|88/100|[from] Sandstorm
|-heal|p2a: Bronzong|62/100|[from] item: Leftovers
|upkeep
|turn|26
|
|t:|1702249558
|switch|p1a: Magnezone|Magnezone|51/100
|move|p2a: Bronzong|Skill Swap|p1a: Magnezone
|-activate|p2a: Bronzong|move: Skill Swap|Magnet Pull|Levitate|[of] p1a: Magnezone
|-endability|p2a: Bronzong|Levitate|[from] move: Skill Swap
|-endability|p1a: Magnezone|Magnet Pull|[from] move: Skill Swap
|
|-weather|Sandstorm|[upkeep]
|-heal|p2a: Bronzong|68/100|[from] item: Leftovers
|upkeep
|turn|27
|
|t:|1702249572
|switch|p2a: Latias|Latias, F, shiny|92/100
|move|p1a: Magnezone|Thunderbolt|p2a: Latias
|-resisted|p2a: Latias
|-damage|p2a: Latias|74/100
|
|-weather|Sandstorm|[upkeep]
|-damage|p2a: Latias|68/100|[from] Sandstorm
|-heal|p2a: Latias|74/100|[from] item: Leftovers
|upkeep
|turn|28
|
|t:|1702249590
|move|p2a: Latias|Dragon Pulse|p1a: Magnezone
|-resisted|p1a: Magnezone
|-damage|p1a: Magnezone|29/100
|move|p1a: Magnezone|Volt Switch|p2a: Latias
|-resisted|p2a: Latias
|-damage|p2a: Latias|60/100
|
|t:|1702249605
|switch|p1a: Scizor|Scizor, F|31/100|[from] Volt Switch
|
|-weather|Sandstorm|[upkeep]
|-damage|p2a: Latias|54/100|[from] Sandstorm
|-heal|p2a: Latias|60/100|[from] item: Leftovers
|upkeep
|turn|29
|
|t:|1702249610
|switch|p2a: Bronzong|Bronzong, shiny|68/100
|move|p1a: Scizor|U-turn|p2a: Bronzong
|-damage|p2a: Bronzong|25/100
|-message|leoperi99 forfeited.
|
|win|BookofConke
|raw|BookofConke's rating: 1500 &rarr; <strong>1518</strong><br />(+18 for winning)
|raw|leoperi99's rating: 1462 &rarr; <strong>1444</strong><br />(-18 for losing)
|l|☆leoperi99
||Ladder isn't responding, score probably updated but might not have (Connection error).
