|j|‽BrainWash
|j|☆Wiggy Jiggy Jed x
|player|p1|BrainWash|50|1443
|player|p2|Wiggy Jiggy Jed x|264|1380
|teamsize|p1|6
|teamsize|p2|6
|gametype|singles
|gen|5
|tier|[Gen 5] OU
|rated|
|rule|Sleep Clause Mod: Limit one foe put to sleep
|rule|Species Clause: Limit one of each Pokémon
|rule|OHKO Clause: OHKO moves are banned
|rule|Moody Clause: Moody is banned
|rule|Evasion Moves Clause: Evasion moves are banned
|rule|Endless Battle Clause: Forcing endless battles is banned
|rule|HP Percentage Mod: HP is shown in percentages
|rule|Evasion Abilities Clause: Evasion abilities are banned
|rule|Baton Pass Clause: Limit one Baton Passer, can't pass Spe and other stats simultaneously
|rule|Swagger Clause: Swagger is banned
|clearpoke
|poke|p1|Gengar, F|item
|poke|p1|Dragonite, F|item
|poke|p1|Mew|item
|poke|p1|Toxicroak, F|item
|poke|p1|Skarmory, F|item
|poke|p1|Scizor, M|item
|poke|p2|Breloom, M|item
|poke|p2|Thundurus-Therian, M|item
|poke|p2|Politoed, F|item
|poke|p2|Tentacruel, M|item
|poke|p2|Jirachi|item
|poke|p2|Keldeo-Resolute|item
|teampreview
|inactive|Battle timer is ON: inactive players will automatically lose when time's up. (requested by BrainWash)
|
|start
|switch|p1a: Skarmory|Skarmory, F|100/100
|switch|p2a: Jirachi|Jirachi|100/100
|turn|1
|j| weqeqwqewqe3w
|
|move|p1a: Skarmory|Stealth Rock|p2a: Jirachi
|-sidestart|p2: Wiggy Jiggy Jed x|move: Stealth Rock
|move|p2a: Jirachi|Stealth Rock|p1a: Skarmory
|-sidestart|p1: BrainWash|move: Stealth Rock
|
|upkeep
|turn|2
|
|switch|p2a: Tentacruel|Tentacruel, M|100/100
|-damage|p2a: Tentacruel|88/100|[from] Stealth Rock
|move|p1a: Skarmory|Spikes|p2a: Tentacruel
|-sidestart|p2: Wiggy Jiggy Jed x|Spikes
|
|-heal|p2a: Tentacruel|94/100|[from] item: Black Sludge
|upkeep
|turn|3
|c| weqeqwqewqe3w|nasty plot mew
|c| weqeqwqewqe3w|dragon dance dragonite
|
|move|p2a: Tentacruel|Scald|p1a: Skarmory
|-damage|p1a: Skarmory|62/100
|move|p1a: Skarmory|Brave Bird|p2a: Tentacruel
|-damage|p2a: Tentacruel|47/100
|-damage|p1a: Skarmory|41/100|[from] Recoil
|
|-heal|p2a: Tentacruel|53/100|[from] item: Black Sludge
|upkeep
|turn|4
|
|switch|p1a: Gengar|Gengar, F|100/100
|-damage|p1a: Gengar|88/100|[from] Stealth Rock
|move|p2a: Tentacruel|Rapid Spin|p1a: Gengar
|-immune|p1a: Gengar
|
|-heal|p2a: Tentacruel|59/100|[from] item: Black Sludge
|upkeep
|turn|5
|
|move|p2a: Tentacruel|Protect|p2a: Tentacruel
|-singleturn|p2a: Tentacruel|Protect
|move|p1a: Gengar|Shadow Ball|p2a: Tentacruel
|-activate|p2a: Tentacruel|move: Protect
|
|-heal|p2a: Tentacruel|65/100|[from] item: Black Sludge
|upkeep
|turn|6
|
|switch|p2a: Jirachi|Jirachi|100/100
|-damage|p2a: Jirachi|88/100|[from] Spikes
|-damage|p2a: Jirachi|82/100|[from] Stealth Rock
|move|p1a: Gengar|Shadow Ball|p2a: Jirachi
|-damage|p2a: Jirachi|57/100
|
|-heal|p2a: Jirachi|64/100|[from] item: Leftovers
|upkeep
|turn|7
|
|switch|p1a: Skarmory|Skarmory, F|41/100
|-damage|p1a: Skarmory|29/100|[from] Stealth Rock
|move|p2a: Jirachi|Wish|p2a: Jirachi
|
|-heal|p2a: Jirachi|70/100|[from] item: Leftovers
|upkeep
|turn|8
|
|move|p1a: Skarmory|Brave Bird|p2a: Jirachi
|-resisted|p2a: Jirachi
|-damage|p2a: Jirachi|50/100
|-damage|p1a: Skarmory|19/100|[from] Recoil
|move|p2a: Jirachi|Iron Head|p1a: Skarmory
|-resisted|p1a: Skarmory
|-damage|p1a: Skarmory|6/100
|
|-heal|p2a: Jirachi|99/100|[from] move: Wish|[wisher] Jirachi
|-heal|p2a: Jirachi|100/100|[from] item: Leftovers
|upkeep
|turn|9
|-enditem|p1a: Skarmory|Custap Berry|[eat]
|-activate|p1a: Skarmory|item: Custap Berry|[consumed]
|
|move|p1a: Skarmory|Spikes|p2a: Jirachi
|-sidestart|p2: Wiggy Jiggy Jed x|Spikes
|move|p2a: Jirachi|Iron Head|p1a: Skarmory
|-resisted|p1a: Skarmory
|-damage|p1a: Skarmory|0 fnt
|faint|p1a: Skarmory
|
|upkeep
|
|switch|p1a: Mew|Mew|100/100
|-damage|p1a: Mew|88/100|[from] Stealth Rock
|turn|10
|
|switch|p2a: Politoed|Politoed, F|100/100
|-damage|p2a: Politoed|84/100|[from] Spikes
|-damage|p2a: Politoed|71/100|[from] Stealth Rock
|-weather|RainDance|[from] ability: Drizzle|[of] p2a: Politoed
|move|p1a: Mew|Nasty Plot|p1a: Mew
|-boost|p1a: Mew|spa|2
|
|-weather|RainDance|[upkeep]
|-heal|p1a: Mew|94/100|[from] item: Leftovers
|-heal|p2a: Politoed|78/100|[from] item: Leftovers
|upkeep
|turn|11
|
|move|p1a: Mew|Psyshock|p2a: Politoed
|-damage|p2a: Politoed|16/100
|move|p2a: Politoed|Toxic|p1a: Mew
|-status|p1a: Mew|tox
|-activate|p1a: Mew|ability: Synchronize
|-status|p2a: Politoed|tox
|
|-weather|RainDance|[upkeep]
|-heal|p1a: Mew|99/100 tox|[from] item: Leftovers
|-heal|p2a: Politoed|22/100 tox|[from] item: Leftovers
|-damage|p1a: Mew|94/100 tox|[from] psn
|-damage|p2a: Politoed|16/100 tox|[from] psn
|upkeep
|turn|12
|
|move|p2a: Politoed|Protect|p2a: Politoed
|-singleturn|p2a: Politoed|Protect
|move|p1a: Mew|Aura Sphere|p2a: Politoed
|-activate|p2a: Politoed|move: Protect
|
|-weather|RainDance|[upkeep]
|-heal|p1a: Mew|99/100 tox|[from] item: Leftovers
|-heal|p2a: Politoed|22/100 tox|[from] item: Leftovers
|-damage|p1a: Mew|88/100 tox|[from] psn
|-damage|p2a: Politoed|9/100 tox|[from] psn
|upkeep
|turn|13
|
|move|p1a: Mew|Psyshock|p2a: Politoed
|-damage|p2a: Politoed|0 fnt
|faint|p2a: Politoed
|
|-weather|RainDance|[upkeep]
|-heal|p1a: Mew|94/100 tox|[from] item: Leftovers
|-damage|p1a: Mew|76/100 tox|[from] psn
|upkeep
|inactive|Wiggy Jiggy Jed x has 120 seconds left.
|
|switch|p2a: Keldeo|Keldeo-Resolute|100/100
|-damage|p2a: Keldeo|94/100|[from] Stealth Rock
|-damage|p2a: Keldeo|78/100|[from] Spikes
|turn|14
|
|move|p2a: Keldeo|Hydro Pump|p1a: Mew
|-damage|p1a: Mew|0 fnt
|faint|p1a: Mew
|
|-weather|RainDance|[upkeep]
|upkeep
|
|switch|p1a: Toxicroak|Toxicroak, F|100/100
|-damage|p1a: Toxicroak|94/100|[from] Stealth Rock
|turn|15
|c| weqeqwqewqe3w|OOF
|
|switch|p2a: Tentacruel|Tentacruel, M|65/100
|-damage|p2a: Tentacruel|48/100|[from] Spikes
|-damage|p2a: Tentacruel|36/100|[from] Stealth Rock
|move|p1a: Toxicroak|Swords Dance|p1a: Toxicroak
|-boost|p1a: Toxicroak|atk|2
|
|-weather|RainDance|[upkeep]
|-heal|p1a: Toxicroak|100/100|[from] ability: Dry Skin
|-heal|p2a: Tentacruel|42/100|[from] ability: Rain Dish
|-heal|p2a: Tentacruel|48/100|[from] item: Black Sludge
|upkeep
|turn|16
|
|move|p2a: Tentacruel|Protect|p2a: Tentacruel
|-singleturn|p2a: Tentacruel|Protect
|move|p1a: Toxicroak|Sucker Punch||[still]
|-fail|p1a: Toxicroak
|
|-weather|RainDance|[upkeep]
|-heal|p2a: Tentacruel|54/100|[from] ability: Rain Dish
|-heal|p2a: Tentacruel|60/100|[from] item: Black Sludge
|upkeep
|turn|17
|
|move|p1a: Toxicroak|Sucker Punch|p2a: Tentacruel
|-damage|p2a: Tentacruel|0 fnt
|-damage|p1a: Toxicroak|91/100|[from] item: Life Orb
|faint|p2a: Tentacruel
|
|-weather|RainDance|[upkeep]
|-heal|p1a: Toxicroak|100/100|[from] ability: Dry Skin
|upkeep
|
|switch|p2a: Jirachi|Jirachi|100/100
|-damage|p2a: Jirachi|94/100|[from] Stealth Rock
|-damage|p2a: Jirachi|78/100|[from] Spikes
|turn|18
|
|move|p1a: Toxicroak|Drain Punch|p2a: Jirachi
|-damage|p2a: Jirachi|0 fnt
|-damage|p1a: Toxicroak|91/100|[from] item: Life Orb
|faint|p2a: Jirachi
|
|-weather|RainDance|[upkeep]
|-heal|p1a: Toxicroak|100/100|[from] ability: Dry Skin
|upkeep
|inactive|Wiggy Jiggy Jed x has 120 seconds left.
|
|switch|p2a: Thundurus|Thundurus-Therian, M|100/100
|-damage|p2a: Thundurus|76/100|[from] Stealth Rock
|turn|19
|
|move|p1a: Toxicroak|Sucker Punch||[still]
|-fail|p1a: Toxicroak
|move|p2a: Thundurus|Agility|p2a: Thundurus
|-boost|p2a: Thundurus|spe|2
|
|-weather|RainDance|[upkeep]
|-heal|p2a: Thundurus|82/100|[from] item: Leftovers
|upkeep
|turn|20
|
|move|p1a: Toxicroak|Sucker Punch||[still]
|-fail|p1a: Toxicroak
|move|p2a: Thundurus|Agility|p2a: Thundurus
|-boost|p2a: Thundurus|spe|2
|
|-weather|RainDance|[upkeep]
|-heal|p2a: Thundurus|88/100|[from] item: Leftovers
|upkeep
|turn|21
|
|move|p1a: Toxicroak|Sucker Punch|p2a: Thundurus
|-damage|p2a: Thundurus|0 fnt
|-damage|p1a: Toxicroak|91/100|[from] item: Life Orb
|faint|p2a: Thundurus
|
|-weather|RainDance|[upkeep]
|-heal|p1a: Toxicroak|100/100|[from] ability: Dry Skin
|upkeep
|-message|Wiggy Jiggy Jed x forfeited.
|
|win|BrainWash
|l|☆Wiggy Jiggy Jed x
|raw|BrainWash's rating: 1443 &rarr; <strong>1459</strong><br />(+16 for winning)
|raw|Wiggy Jiggy Jed x's rating: 1380 &rarr; <strong>1364</strong><br />(-16 for losing)
