|uhtml|medal-msg|<div class="broadcast-blue">Curious what those medals under the avatar are? PS now has Ladder Seasons! For more information, check out the <a href="https://www.smogon.com/forums/threads/3740067/">thread on Smogon.</a></div>
|uhtml|medal-msg|<div class="broadcast-blue">Curious what those medals under the avatar are? PS now has Ladder Seasons! For more information, check out the <a href="https://www.smogon.com/forums/threads/3740067/">thread on Smogon.</a></div>
|j|☆Yokao893
|j|☆Trigga Happy
|t:|1712965471
|gametype|singles
|player|p1|Yokao893|hilbert|1432
|player|p2|Trigga Happy|miku-fire|1482
|teamsize|p1|6
|teamsize|p2|6
|gen|5
|tier|[Gen 5] OU
|rated|
|rule|Species Clause: Limit one of each Pokémon
|rule|OHKO Clause: OHKO moves are banned
|rule|Moody Clause: Moody is banned
|rule|Evasion Items Clause: Evasion items are banned
|rule|Evasion Moves Clause: Evasion moves are banned
|rule|Endless Battle Clause: Forcing endless battles is banned
|rule|HP Percentage Mod: HP is shown in percentages
|rule|Evasion Abilities Clause: Evasion abilities are banned
|rule|Sleep Moves Clause: Sleep-inducing moves are banned
|rule|Swagger Clause: Swagger is banned
|rule|Baton Pass Stat Clause: No Baton Passer may have a way to boost its stats
|clearpoke
|poke|p1|Starmie|item
|poke|p1|Kyurem-Black|item
|poke|p1|Latios, M|item
|poke|p1|Magnezone|item
|poke|p1|Scizor, M|item
|poke|p1|Garchomp, F|item
|poke|p2|Keldeo|item
|poke|p2|Politoed, F|item
|poke|p2|Ferrothorn, M|item
|poke|p2|Thundurus-Therian, M|item
|poke|p2|Latios, M|item
|poke|p2|Tentacruel, F|item
|teampreview
|inactive|Battle timer is ON: inactive players will automatically lose when time's up. (requested by Yokao893)
|
|t:|1712965488
|start
|switch|p1a: Edward|Scizor, M|100/100
|switch|p2a: Keldeo|Keldeo|100/100
|turn|1
|
|t:|1712965493
|move|p2a: Keldeo|Hydro Pump|p1a: Edward
|-damage|p1a: Edward|0 fnt
|faint|p1a: Edward
|
|upkeep
|
|t:|1712965497
|switch|p1a: Alex|Kyurem-Black|100/100
|-ability|p1a: Alex|Teravolt
|turn|2
|
|t:|1712965510
|switch|p2a: Politoed|Politoed, F|100/100
|-weather|RainDance|[from] ability: Drizzle|[of] p2a: Politoed
|switch|p1a: Gorilla Grip|Magnezone|100/100
|-item|p1a: Gorilla Grip|Air Balloon
|
|-weather|RainDance|[upkeep]
|upkeep
|turn|3
|
|t:|1712965522
|switch|p2a: Thundurus|Thundurus-Therian, M|100/100
|move|p1a: Gorilla Grip|Thunderbolt|p2a: Thundurus
|-immune|p2a: Thundurus|[from] ability: Volt Absorb
|
|-weather|RainDance|[upkeep]
|upkeep
|turn|4
|
|t:|1712965528
|switch|p1a: Mach|Garchomp, F|100/100
|move|p2a: Thundurus|Substitute|p2a: Thundurus
|-start|p2a: Thundurus|Substitute
|-damage|p2a: Thundurus|76/100
|
|-weather|RainDance|[upkeep]
|-heal|p2a: Thundurus|82/100|[from] item: Leftovers
|upkeep
|turn|5
|
|t:|1712965531
|move|p1a: Mach|Outrage|p2a: Thundurus
|-end|p2a: Thundurus|Substitute
|move|p2a: Thundurus|Hidden Power|p1a: Mach
|-supereffective|p1a: Mach
|-enditem|p1a: Mach|Yache Berry|[eat]
|-enditem|p1a: Mach|Yache Berry|[weaken]
|-damage|p1a: Mach|47/100
|
|-weather|RainDance|[upkeep]
|-heal|p2a: Thundurus|88/100|[from] item: Leftovers
|upkeep
|turn|6
|
|t:|1712965536
|switch|p2a: Ferrothorn|Ferrothorn, M|100/100
|move|p1a: Mach|Outrage|p2a: Ferrothorn|[from]lockedmove
|-resisted|p2a: Ferrothorn
|-damage|p2a: Ferrothorn|79/100
|-damage|p1a: Mach|35/100|[from] ability: Iron Barbs|[of] p2a: Ferrothorn
|-start|p1a: Mach|confusion|[fatigue]
|
|-weather|RainDance|[upkeep]
|-heal|p2a: Ferrothorn|85/100|[from] item: Leftovers
|upkeep
|turn|7
|
|t:|1712965545
|switch|p1a: Gorilla Grip|Magnezone|100/100
|-item|p1a: Gorilla Grip|Air Balloon
|switch|p2a: Tentacruel|Tentacruel, F|100/100
|
|-weather|RainDance|[upkeep]
|upkeep
|turn|8
|
|t:|1712965551
|switch|p2a: Thundurus|Thundurus-Therian, M|88/100
|move|p1a: Gorilla Grip|Sunny Day|p1a: Gorilla Grip
|-weather|SunnyDay
|
|-weather|SunnyDay|[upkeep]
|-heal|p2a: Thundurus|94/100|[from] item: Leftovers
|upkeep
|turn|9
|
|t:|1712965560
|switch|p2a: Politoed|Politoed, F|100/100
|-weather|RainDance|[from] ability: Drizzle|[of] p2a: Politoed
|switch|p1a: Alex|Kyurem-Black|100/100
|-ability|p1a: Alex|Teravolt
|
|-weather|RainDance|[upkeep]
|upkeep
|turn|10
|
|t:|1712965567
|move|p2a: Politoed|Protect|p2a: Politoed
|-singleturn|p2a: Politoed|Protect
|move|p1a: Alex|Dragon Claw|p2a: Politoed
|-activate|p2a: Politoed|move: Protect
|
|-weather|RainDance|[upkeep]
|upkeep
|turn|11
|
|t:|1712965569
|switch|p1a: Gorilla Grip|Magnezone|100/100
|-item|p1a: Gorilla Grip|Air Balloon
|move|p2a: Politoed|Scald|p1a: Gorilla Grip
|-damage|p1a: Gorilla Grip|46/100
|-enditem|p1a: Gorilla Grip|Air Balloon
|
|-weather|RainDance|[upkeep]
|upkeep
|turn|12
|
|t:|1712965573
|switch|p2a: Thundurus|Thundurus-Therian, M|94/100
|move|p1a: Gorilla Grip|Thunderbolt|p2a: Thundurus
|-heal|p2a: Thundurus|100/100|[from] ability: Volt Absorb|[of] p1a: Gorilla Grip
|
|-weather|RainDance|[upkeep]
|upkeep
|turn|13
|-message|Yokao893 forfeited.
|
|win|Trigga Happy
|raw|Yokao893's rating: 1432 &rarr; <strong>1415</strong><br />(-17 for losing)
|raw|Trigga Happy's rating: 1482 &rarr; <strong>1499</strong><br />(+17 for winning)
|l|☆Yokao893
|player|p1|
|c|☆Trigga Happy|Im dragmag king
