|j|☆SkillfullBeing
|j|☆Aroma Nobody
|t:|1728261649
|gametype|singles
|player|p1|SkillfullBeing|nate|1345
|player|p2|Aroma Nobody|youngn|1358
|teamsize|p1|6
|teamsize|p2|6
|gen|5
|tier|[Gen 5] OU
|rated|
|rule|Species Clause: Limit one of each Pokémon
|rule|OHKO Clause: OHKO moves are banned
|rule|Moody Clause: Moody is banned
|rule|Evasion Items Clause: Evasion items are banned
|rule|Evasion Moves Clause: Evasion moves are banned
|rule|Endless Battle Clause: Forcing endless battles is banned
|rule|HP Percentage Mod: HP is shown in percentages
|rule|Evasion Abilities Clause: Evasion abilities are banned
|rule|Sleep Moves Clause: Sleep-inducing moves are banned
|rule|Swagger Clause: Swagger is banned
|rule|Baton Pass Stat Clause: No Baton Passer may have a way to boost its stats
|clearpoke
|poke|p1|Tyranitar, M|item
|poke|p1|Excadrill, M|item
|poke|p1|Gastrodon, F|item
|poke|p1|Landorus-Therian, M|item
|poke|p1|Ferrothorn, M|item
|poke|p1|Terrakion|item
|poke|p2|Bisharp, F|item
|poke|p2|Celebi|item
|poke|p2|Heatran, M|item
|poke|p2|Latios, M|item
|poke|p2|Landorus-Therian, M|item
|poke|p2|Tentacruel, M|item
|teampreview
|inactive|Battle timer is ON: inactive players will automatically lose when time's up. (requested by SkillfullBeing)
|c|☆Aroma Nobody|glhf
|
|t:|1728261663
|start
|switch|p1a: Landorus|Landorus-Therian, M|100/100
|switch|p2a: Landorus|Landorus-Therian, M|100/100
|-ability|p2a: Landorus|Intimidate|boost
|-unboost|p1a: Landorus|atk|1
|-ability|p1a: Landorus|Intimidate|boost
|-unboost|p2a: Landorus|atk|1
|turn|1
|
|t:|1728261675
|move|p2a: Landorus|U-turn|p1a: Landorus
|-resisted|p1a: Landorus
|-damage|p1a: Landorus|93/100
|
|t:|1728261680
|switch|p2a: Tentacruel|Tentacruel, M|100/100|[from] U-turn
|move|p1a: Landorus|U-turn|p2a: Tentacruel
|-resisted|p2a: Tentacruel
|-damage|p2a: Tentacruel|91/100
|
|t:|1728261687
|switch|p1a: Excadrill|Excadrill, M|100/100|[from] U-turn
|
|-heal|p2a: Tentacruel|97/100|[from] item: Black Sludge
|upkeep
|turn|2
|
|t:|1728261704
|switch|p2a: Landorus|Landorus-Therian, M|100/100
|-ability|p2a: Landorus|Intimidate|boost
|-unboost|p1a: Excadrill|atk|1
|move|p1a: Excadrill|Earthquake|p2a: Landorus
|-immune|p2a: Landorus
|
|upkeep
|turn|3
|
|t:|1728261709
|switch|p1a: Gastrodon|Gastrodon, F|100/100
|move|p2a: Landorus|U-turn|p1a: Gastrodon
|-damage|p1a: Gastrodon|82/100
|
|t:|1728261713
|switch|p2a: Celebi|Celebi|100/100|[from] U-turn
|
|-heal|p1a: Gastrodon|88/100|[from] item: Leftovers
|upkeep
|turn|4
|
|t:|1728261717
|switch|p1a: Ferrothorn|Ferrothorn, M|100/100
|move|p2a: Celebi|Stealth Rock|p1a: Ferrothorn
|-sidestart|p1: SkillfullBeing|move: Stealth Rock
|
|upkeep
|turn|5
|
|t:|1728261722
|switch|p2a: Heatran|Heatran, M|100/100
|move|p1a: Ferrothorn|Stealth Rock|p2a: Heatran
|-sidestart|p2: Aroma Nobody|move: Stealth Rock
|
|upkeep
|turn|6
|
|t:|1728261733
|switch|p1a: Gastrodon|Gastrodon, F|88/100
|-damage|p1a: Gastrodon|82/100|[from] Stealth Rock
|move|p2a: Heatran|Magma Storm|p1a: Gastrodon
|-resisted|p1a: Gastrodon
|-damage|p1a: Gastrodon|53/100
|-activate|p1a: Gastrodon|move: Magma Storm|[of] p2a: Heatran
|
|-heal|p1a: Gastrodon|59/100|[from] item: Leftovers
|-damage|p1a: Gastrodon|53/100|[from] move: Magma Storm|[partiallytrapped]
|upkeep
|turn|7
|
|t:|1728261745
|switch|p2a: Celebi|Celebi|100/100
|-damage|p2a: Celebi|88/100|[from] Stealth Rock
|move|p1a: Gastrodon|Recover|p1a: Gastrodon
|-heal|p1a: Gastrodon|100/100
|
|-heal|p2a: Celebi|94/100|[from] item: Leftovers
|upkeep
|turn|8
|
|t:|1728261752
|switch|p1a: Ferrothorn|Ferrothorn, M|100/100
|-damage|p1a: Ferrothorn|94/100|[from] Stealth Rock
|move|p2a: Celebi|U-turn|p1a: Ferrothorn
|-damage|p1a: Ferrothorn|84/100
|-damage|p2a: Celebi|82/100|[from] ability: Iron Barbs|[of] p1a: Ferrothorn
|
|t:|1728261756
|switch|p2a: Bisharp|Bisharp, F|100/100|[from] U-turn
|-damage|p2a: Bisharp|95/100|[from] Stealth Rock
|
|-heal|p2a: Bisharp|100/100|[from] item: Leftovers
|-heal|p1a: Ferrothorn|90/100|[from] item: Leftovers
|upkeep
|turn|9
|
|t:|1728261760
|move|p2a: Bisharp|Substitute|p2a: Bisharp
|-start|p2a: Bisharp|Substitute
|-damage|p2a: Bisharp|76/100
|move|p1a: Ferrothorn|Thunder Wave||[still]
|-fail|p1a: Ferrothorn
|
|-heal|p2a: Bisharp|82/100|[from] item: Leftovers
|-heal|p1a: Ferrothorn|96/100|[from] item: Leftovers
|upkeep
|turn|10
|
|t:|1728261764
|move|p2a: Bisharp|Swords Dance|p2a: Bisharp
|-boost|p2a: Bisharp|atk|2
|move|p1a: Ferrothorn|Power Whip|p2a: Bisharp
|-resisted|p2a: Bisharp
|-activate|p2a: Bisharp|Substitute|[damage]
|
|-heal|p2a: Bisharp|88/100|[from] item: Leftovers
|-heal|p1a: Ferrothorn|100/100|[from] item: Leftovers
|upkeep
|turn|11
|
|t:|1728261770
|move|p2a: Bisharp|Swords Dance|p2a: Bisharp
|-boost|p2a: Bisharp|atk|2
|move|p1a: Ferrothorn|Power Whip|p2a: Bisharp
|-resisted|p2a: Bisharp
|-end|p2a: Bisharp|Substitute
|
|-heal|p2a: Bisharp|94/100|[from] item: Leftovers
|upkeep
|turn|12
|
|t:|1728261774
|move|p2a: Bisharp|Substitute|p2a: Bisharp
|-start|p2a: Bisharp|Substitute
|-damage|p2a: Bisharp|69/100
|move|p1a: Ferrothorn|Power Whip|p2a: Bisharp
|-resisted|p2a: Bisharp
|-crit|p2a: Bisharp
|-end|p2a: Bisharp|Substitute
|
|-heal|p2a: Bisharp|75/100|[from] item: Leftovers
|upkeep
|turn|13
|
|t:|1728261779
|move|p2a: Bisharp|Substitute|p2a: Bisharp
|-start|p2a: Bisharp|Substitute
|-damage|p2a: Bisharp|50/100
|move|p1a: Ferrothorn|Power Whip|p2a: Bisharp|[miss]
|-miss|p1a: Ferrothorn|p2a: Bisharp
|
|-heal|p2a: Bisharp|56/100|[from] item: Leftovers
|upkeep
|turn|14
|
|t:|1728261784
|move|p2a: Bisharp|Swords Dance|p2a: Bisharp
|-boost|p2a: Bisharp|atk|2
|move|p1a: Ferrothorn|Power Whip|p2a: Bisharp
|-resisted|p2a: Bisharp
|-activate|p2a: Bisharp|Substitute|[damage]
|
|-heal|p2a: Bisharp|62/100|[from] item: Leftovers
|upkeep
|turn|15
|
|t:|1728261787
|move|p2a: Bisharp|Low Kick|p1a: Ferrothorn
|-supereffective|p1a: Ferrothorn
|-damage|p1a: Ferrothorn|0 fnt
|-damage|p2a: Bisharp|49/100|[from] ability: Iron Barbs|[of] p1a: Ferrothorn
|faint|p1a: Ferrothorn
|
|-heal|p2a: Bisharp|55/100|[from] item: Leftovers
|upkeep
|
|t:|1728261795
|switch|p1a: Landorus|Landorus-Therian, M|93/100
|-damage|p1a: Landorus|80/100|[from] Stealth Rock
|-ability|p1a: Landorus|Intimidate|boost
|-immune|p2a: Bisharp
|turn|16
|
|t:|1728261802
|move|p2a: Bisharp|Sucker Punch|p1a: Landorus
|-damage|p1a: Landorus|0 fnt
|faint|p1a: Landorus
|
|-heal|p2a: Bisharp|61/100|[from] item: Leftovers
|upkeep
|
|t:|1728261804
|switch|p1a: Terrakion|Terrakion|100/100
|-damage|p1a: Terrakion|94/100|[from] Stealth Rock
|turn|17
|
|t:|1728261811
|move|p1a: Terrakion|Quick Attack|p2a: Bisharp
|-resisted|p2a: Bisharp
|-end|p2a: Bisharp|Substitute
|move|p2a: Bisharp|Sucker Punch||[still]
|-fail|p2a: Bisharp
|
|-heal|p2a: Bisharp|67/100|[from] item: Leftovers
|upkeep
|turn|18
|c|☆Aroma Nobody|hm
|
|t:|1728261819
|move|p2a: Bisharp|Sucker Punch|p1a: Terrakion
|-resisted|p1a: Terrakion
|-damage|p1a: Terrakion|0 fnt
|faint|p1a: Terrakion
|
|-heal|p2a: Bisharp|73/100|[from] item: Leftovers
|upkeep
|-message|SkillfullBeing forfeited.
|
|win|Aroma Nobody
|raw|SkillfullBeing's rating: 1345 &rarr; <strong>1326</strong><br />(-19 for losing)
|raw|Aroma Nobody's rating: 1358 &rarr; <strong>1377</strong><br />(+19 for winning)
|c|☆Aroma Nobody|gg
|c|☆SkillfullBeing|Why substitute
|c|☆Aroma Nobody|lets it setup on ferro and jelli
|c|☆Aroma Nobody|also forces mons to attack
|c|☆SkillfullBeing|Such a cheap setup move in my opinion
|c|☆SkillfullBeing|Bc it’s easy to put up and allows for free moves
|c|☆Aroma Nobody|eh, it's literally the same set in uu, just altered speed to outspeed bulky t-tars
|c|☆SkillfullBeing|Good luck with your next match
|c|☆Aroma Nobody|you too
|l|☆Aroma Nobody
|player|p2|
|l|☆SkillfullBeing
|player|p1|
|j|☆Aroma Nobody
|player|p2|Aroma Nobody|youngn|
