|j|☆Max OKLM
|j|☆chundee galaxy
|t:|1740150089
|gametype|singles
|player|p1|Max OKLM|hilbert|1303
|player|p2|chundee galaxy|alder|1519
|teamsize|p1|6
|teamsize|p2|6
|gen|5
|tier|[Gen 5] OU
|rated|
|rule|Species Clause: Limit one of each Pokémon
|rule|OHKO Clause: OHKO moves are banned
|rule|Moody Clause: Moody is banned
|rule|Evasion Items Clause: Evasion items are banned
|rule|Evasion Moves Clause: Evasion moves are banned
|rule|Endless Battle Clause: Forcing endless battles is banned
|rule|HP Percentage Mod: HP is shown in percentages
|rule|Evasion Abilities Clause: Evasion abilities are banned
|rule|Sleep Moves Clause: Sleep-inducing moves are banned
|rule|Swagger Clause: Swagger is banned
|rule|Baton Pass Stat Clause: No Baton Passer may have a way to boost its stats
|clearpoke
|poke|p1|Forretress, M|item
|poke|p1|Landorus-Therian, M|item
|poke|p1|Jellicent, F|item
|poke|p1|Chandelure, F|item
|poke|p1|Jirachi|item
|poke|p1|Celebi|item
|poke|p2|Politoed, F|item
|poke|p2|Gyarados, F|item
|poke|p2|Keldeo|item
|poke|p2|Breloom, M|item
|poke|p2|Metagross|item
|poke|p2|Scizor, M|item
|teampreview
|inactive|Battle timer is ON: inactive players will automatically lose when time's up. (requested by Max OKLM)
|
|t:|1740150100
|start
|switch|p1a: Forretress|Forretress, M|100/100
|switch|p2a: Politoed|Politoed, F|100/100
|-weather|RainDance|[from] ability: Drizzle|[of] p2a: Politoed
|turn|1
|
|t:|1740150106
|move|p2a: Politoed|Surf|p1a: Forretress
|-ability|p1a: Forretress|Sturdy
|-damage|p1a: Forretress|1/100
|move|p1a: Forretress|Spikes|p2a: Politoed
|-sidestart|p2: chundee galaxy|Spikes
|
|-weather|RainDance|[upkeep]
|-heal|p1a: Forretress|7/100|[from] item: Leftovers
|upkeep
|turn|2
|
|t:|1740150113
|switch|p1a: Jellicent|Jellicent, F|100/100
|move|p2a: Politoed|Surf|p1a: Jellicent
|-immune|p1a: Jellicent|[from] ability: Water Absorb
|
|-weather|RainDance|[upkeep]
|upkeep
|turn|3
|
|t:|1740150134
|switch|p2a: Metagross|Metagross|100/100
|-damage|p2a: Metagross|88/100|[from] Spikes
|move|p1a: Jellicent|Will-O-Wisp|p2a: Metagross
|-status|p2a: Metagross|brn
|
|-weather|RainDance|[upkeep]
|-damage|p2a: Metagross|76/100 brn|[from] brn
|upkeep
|turn|4
|
|t:|1740150144
|move|p1a: Jellicent|Night Shade|p2a: Metagross
|-damage|p2a: Metagross|48/100 brn
|move|p2a: Metagross|Stealth Rock|p1a: Jellicent
|-sidestart|p1: Max OKLM|move: Stealth Rock
|
|-weather|RainDance|[upkeep]
|-damage|p2a: Metagross|36/100 brn|[from] brn
|upkeep
|turn|5
|
|t:|1740150151
|-activate|p1a: Jellicent|move: Pursuit
|move|p2a: Metagross|Pursuit|p1a: Jellicent|[from] Pursuit
|-supereffective|p1a: Jellicent
|-damage|p1a: Jellicent|71/100
|switch|p1a: Landorus|Landorus-Therian, M|100/100
|-damage|p1a: Landorus|88/100|[from] Stealth Rock
|-ability|p1a: Landorus|Intimidate|boost
|-fail|p2a: Metagross|unboost|[from] ability: Clear Body|[of] p2a: Metagross
|
|-weather|RainDance|[upkeep]
|-heal|p1a: Landorus|94/100|[from] item: Leftovers
|-damage|p2a: Metagross|24/100 brn|[from] brn
|upkeep
|turn|6
|
|t:|1740150163
|move|p1a: Landorus|Stealth Rock|p2a: Metagross
|-sidestart|p2: chundee galaxy|move: Stealth Rock
|move|p2a: Metagross|Ice Punch|p1a: Landorus
|-supereffective|p1a: Landorus
|-damage|p1a: Landorus|27/100
|
|-weather|RainDance|[upkeep]
|-heal|p1a: Landorus|33/100|[from] item: Leftovers
|-damage|p2a: Metagross|11/100 brn|[from] brn
|upkeep
|turn|7
|
|t:|1740150171
|move|p1a: Landorus|U-turn|p2a: Metagross
|-damage|p2a: Metagross|0 fnt
|faint|p2a: Metagross
|
|t:|1740150179
|switch|p1a: Celebi|Celebi|100/100|[from] U-turn
|-damage|p1a: Celebi|88/100|[from] Stealth Rock
|
|-weather|RainDance|[upkeep]
|-heal|p1a: Celebi|94/100|[from] item: Leftovers
|upkeep
|
|t:|1740150185
|switch|p2a: Scizor|Scizor, M|100/100
|-damage|p2a: Scizor|88/100|[from] Spikes
|-damage|p2a: Scizor|76/100|[from] Stealth Rock
|turn|8
|
|t:|1740150194
|switch|p1a: Forretress|Forretress, M|7/100
|-damage|p1a: Forretress|0 fnt|[from] Stealth Rock
|faint|p1a: Forretress
|move|p2a: Scizor|U-turn|p1: Forretress|[notarget]
|-fail|p2a: Scizor
|
|-weather|RainDance|[upkeep]
|upkeep
|
|t:|1740150198
|switch|p1a: Chandelure|Chandelure, F|100/100
|-damage|p1a: Chandelure|76/100|[from] Stealth Rock
|turn|9
|
|t:|1740150216
|switch|p2a: Politoed|Politoed, F|100/100
|-damage|p2a: Politoed|88/100|[from] Spikes
|-damage|p2a: Politoed|76/100|[from] Stealth Rock
|move|p1a: Chandelure|Flamethrower|p2a: Politoed
|-resisted|p2a: Politoed
|-damage|p2a: Politoed|58/100
|-status|p2a: Politoed|brn
|
|-weather|RainDance|[upkeep]
|-damage|p2a: Politoed|46/100 brn|[from] brn
|upkeep
|turn|10
|
|t:|1740150228
|switch|p1a: Celebi|Celebi|94/100
|-damage|p1a: Celebi|82/100|[from] Stealth Rock
|move|p2a: Politoed|Hidden Power|p1a: Celebi
|-resisted|p1a: Celebi
|-crit|p1a: Celebi
|-damage|p1a: Celebi|63/100
|
|-weather|RainDance|[upkeep]
|-heal|p1a: Celebi|69/100|[from] item: Leftovers
|-damage|p2a: Politoed|33/100 brn|[from] brn
|upkeep
|turn|11
|
|t:|1740150239
|switch|p2a: Scizor|Scizor, M|76/100
|-damage|p2a: Scizor|63/100|[from] Spikes
|-damage|p2a: Scizor|51/100|[from] Stealth Rock
|move|p1a: Celebi|Psychic|p2a: Scizor
|-resisted|p2a: Scizor
|-damage|p2a: Scizor|29/100
|
|-weather|RainDance|[upkeep]
|-heal|p1a: Celebi|75/100|[from] item: Leftovers
|upkeep
|turn|12
|
|t:|1740150248
|move|p1a: Celebi|Baton Pass|p1a: Celebi
|
|t:|1740150251
|switch|p1a: Jellicent|Jellicent, F|71/100|[from] Baton Pass
|-damage|p1a: Jellicent|59/100|[from] Stealth Rock
|move|p2a: Scizor|U-turn|p1a: Jellicent
|-resisted|p1a: Jellicent
|-damage|p1a: Jellicent|27/100
|
|t:|1740150275
|switch|p2a: Breloom|Breloom, M|100/100|[from] U-turn
|-damage|p2a: Breloom|88/100|[from] Spikes
|-damage|p2a: Breloom|82/100|[from] Stealth Rock
|
|-weather|RainDance|[upkeep]
|-heal|p1a: Jellicent|34/100|[from] item: Leftovers
|upkeep
|turn|13
|
|t:|1740150284
|switch|p1a: Celebi|Celebi|75/100
|-damage|p1a: Celebi|63/100|[from] Stealth Rock
|move|p2a: Breloom|Bullet Seed|p1a: Celebi
|-resisted|p1a: Celebi
|-damage|p1a: Celebi|50/100
|-resisted|p1a: Celebi
|-damage|p1a: Celebi|36/100
|-resisted|p1a: Celebi
|-damage|p1a: Celebi|23/100
|-resisted|p1a: Celebi
|-damage|p1a: Celebi|9/100
|-hitcount|p1a: Celebi|4
|
|-weather|RainDance|[upkeep]
|-heal|p1a: Celebi|15/100|[from] item: Leftovers
|upkeep
|turn|14
|
|t:|1740150297
|move|p1a: Celebi|Recover|p1a: Celebi
|-heal|p1a: Celebi|65/100
|move|p2a: Breloom|Bullet Seed|p1a: Celebi
|-resisted|p1a: Celebi
|-damage|p1a: Celebi|51/100
|-resisted|p1a: Celebi
|-damage|p1a: Celebi|38/100
|-resisted|p1a: Celebi
|-damage|p1a: Celebi|25/100
|-hitcount|p1a: Celebi|3
|
|-weather|RainDance|[upkeep]
|-heal|p1a: Celebi|31/100|[from] item: Leftovers
|upkeep
|turn|15
|
|t:|1740150312
|switch|p2a: Politoed|Politoed, F|33/100 brn
|-damage|p2a: Politoed|21/100 brn|[from] Spikes
|-damage|p2a: Politoed|9/100 brn|[from] Stealth Rock
|move|p1a: Celebi|Psychic|p2a: Politoed
|-damage|p2a: Politoed|0 fnt
|faint|p2a: Politoed
|
|-weather|RainDance|[upkeep]
|-heal|p1a: Celebi|37/100|[from] item: Leftovers
|upkeep
|
|t:|1740150323
|switch|p2a: Scizor|Scizor, M|29/100
|-damage|p2a: Scizor|16/100|[from] Spikes
|-damage|p2a: Scizor|4/100|[from] Stealth Rock
|turn|16
|
|t:|1740150348
|switch|p1a: Jirachi|Jirachi|100/100
|-damage|p1a: Jirachi|94/100|[from] Stealth Rock
|move|p2a: Scizor|Bullet Punch|p1a: Jirachi
|-resisted|p1a: Jirachi
|-damage|p1a: Jirachi|71/100
|
|-weather|RainDance|[upkeep]
|upkeep
|turn|17
|
|t:|1740150356
|move|p2a: Scizor|Bullet Punch|p1a: Jirachi
|-resisted|p1a: Jirachi
|-damage|p1a: Jirachi|45/100
|move|p1a: Jirachi|U-turn|p2a: Scizor
|-resisted|p2a: Scizor
|-damage|p2a: Scizor|0 fnt
|faint|p2a: Scizor
|
|t:|1740150362
|switch|p1a: Landorus|Landorus-Therian, M|33/100|[from] U-turn
|-damage|p1a: Landorus|21/100|[from] Stealth Rock
|
|-weather|RainDance|[upkeep]
|-heal|p1a: Landorus|27/100|[from] item: Leftovers
|upkeep
|inactive|chundee galaxy has 120 seconds left.
|
|t:|1740150388
|switch|p2a: Gyarados|Gyarados, F|100/100
|-damage|p2a: Gyarados|76/100|[from] Stealth Rock
|turn|18
|
|t:|1740150394
|move|p2a: Gyarados|Ice Fang|p1a: Landorus
|-supereffective|p1a: Landorus
|-damage|p1a: Landorus|0 fnt
|faint|p1a: Landorus
|-ability|p2a: Gyarados|Moxie|boost
|-boost|p2a: Gyarados|atk|1
|
|-weather|RainDance|[upkeep]
|upkeep
|
|t:|1740150398
|switch|p1a: Chandelure|Chandelure, F|76/100
|-damage|p1a: Chandelure|51/100|[from] Stealth Rock
|turn|19
|
|t:|1740150404
|switch|p2a: Keldeo|Keldeo|100/100
|-damage|p2a: Keldeo|88/100|[from] Spikes
|-damage|p2a: Keldeo|82/100|[from] Stealth Rock
|move|p1a: Chandelure|Shadow Ball|p2a: Keldeo
|-damage|p2a: Keldeo|9/100
|
|-weather|RainDance|[upkeep]
|upkeep
|turn|20
|
|t:|1740150414
|switch|p1a: Jellicent|Jellicent, F|34/100
|-damage|p1a: Jellicent|21/100|[from] Stealth Rock
|move|p2a: Keldeo|Hidden Power|p1a: Jellicent
|-supereffective|p1a: Jellicent
|-damage|p1a: Jellicent|0 fnt
|faint|p1a: Jellicent
|
|-weather|RainDance|[upkeep]
|upkeep
|
|t:|1740150427
|switch|p1a: Celebi|Celebi|37/100
|-damage|p1a: Celebi|25/100|[from] Stealth Rock
|turn|21
|
|t:|1740150435
|move|p2a: Keldeo|Hidden Power|p1a: Celebi
|-resisted|p1a: Celebi
|-damage|p1a: Celebi|14/100
|move|p1a: Celebi|Recover|p1a: Celebi
|-heal|p1a: Celebi|64/100
|
|-weather|RainDance|[upkeep]
|-heal|p1a: Celebi|70/100|[from] item: Leftovers
|upkeep
|turn|22
|
|t:|1740150450
|switch|p2a: Breloom|Breloom, M|82/100
|-damage|p2a: Breloom|70/100|[from] Spikes
|-damage|p2a: Breloom|64/100|[from] Stealth Rock
|move|p1a: Celebi|Recover|p1a: Celebi
|-heal|p1a: Celebi|100/100
|
|-weather|RainDance|[upkeep]
|upkeep
|turn|23
|
|t:|1740150459
|move|p1a: Celebi|Psychic|p2a: Breloom
|-supereffective|p2a: Breloom
|-damage|p2a: Breloom|0 fnt
|faint|p2a: Breloom
|
|-weather|RainDance|[upkeep]
|upkeep
|
|t:|1740150466
|switch|p2a: Gyarados|Gyarados, F|76/100
|-damage|p2a: Gyarados|51/100|[from] Stealth Rock
|turn|24
|
|t:|1740150476
|move|p2a: Gyarados|Ice Fang|p1a: Celebi
|-supereffective|p1a: Celebi
|-damage|p1a: Celebi|66/100
|move|p1a: Celebi|Psychic|p2a: Gyarados
|-crit|p2a: Gyarados
|-damage|p2a: Gyarados|0 fnt
|faint|p2a: Gyarados
|
|-weather|RainDance|[upkeep]
|-heal|p1a: Celebi|72/100|[from] item: Leftovers
|upkeep
|c|☆chundee galaxy|gg
|
|t:|1740150486
|switch|p2a: Keldeo|Keldeo|9/100
|-damage|p2a: Keldeo|0 fnt|[from] Spikes
|faint|p2a: Keldeo
|
|win|Max OKLM
|raw|Max OKLM's rating: 1303 &rarr; <strong>1334</strong><br />(+31 for winning)
|raw|chundee galaxy's rating: 1519 &rarr; <strong>1488</strong><br />(-31 for losing)
|l|☆chundee galaxy
|player|p2|
|c|☆Max OKLM|gg
