|join|Julian
|join|Thunder631★★
|player|p1|Julian|#scene
|player|p2|Thunder631★★|158
|gametype|singles
|gen|5
|tier|[Gen 5] OU
|rated
|rule|Evasion Abilities Clause: Evasion abilities are banned
|clearpoke
|poke|p1|Politoed, M
|poke|p1|Moltres
|poke|p1|Amoonguss, M, shiny
|poke|p1|Tentacruel, F
|poke|p1|Jirachi
|poke|p1|Tornadus, M
|poke|p2|Tyranitar, F
|poke|p2|Jirachi
|poke|p2|Latios, M, shiny
|poke|p2|Alakazam, M
|poke|p2|Landorus-Therian, M, shiny
|poke|p2|Breloom, F
|rule|Sleep Clause Mod: Limit one foe put to sleep
|rule|Species Clause: Limit one of each Pokemon
|rule|OHKO Clause: OHKO moves are banned
|rule|Moody Clause: Moody is banned
|rule|Swagger Clause: Swagger is banned
|rule|Evasion Moves Clause: Evasion moves are banned
|rule|Endless Battle Clause: Forcing endless battles is banned
|rule|HP Percentage Mod: HP is reported as percentages
|teampreview
|
|start
|switch|p1a: Tornadus|Tornadus, M|299/299
|switch|p2a: Breloom|Breloom, F|262/262
|turn|1
|
|switch|p2a: Tyranitar|Tyranitar, F|342/342
|-weather|Sandstorm|[from] ability: Sand Stream|[of] p2a: Tyranitar
|move|p1a: Tornadus|U-turn|p2a: Tyranitar
|-supereffective|p2a: Tyranitar
|-damage|p2a: Tyranitar|199/342
|-damage|p1a: Tornadus|270/299|[from] item: Life Orb
|
|switch|p1a: Politoed|Politoed, M|322/322
|-weather|RainDance|[from] ability: Drizzle|[of] p1a: Politoed
|
|-weather|RainDance|[upkeep]
|turn|2
|
|switch|p1a: Tornadus|Tornadus, M|270/299
|switch|p2a: Latios|Latios, M, shiny|302/302
|
|-weather|RainDance|[upkeep]
|turn|3
|
|switch|p2a: Jirachi|Jirachi|404/404
|move|p1a: Tornadus|U-turn|p2a: Jirachi
|-damage|p2a: Jirachi|327/404
|-damage|p1a: Tornadus|241/299|[from] item: Life Orb
|
|switch|p1a: Moltres|Moltres|321/321
|-ability|p1a: Moltres|Pressure
|
|-weather|RainDance|[upkeep]
|-heal|p2a: Jirachi|352/404|[from] item: Leftovers
|turn|4
|
|move|p1a: Moltres|Fire Blast|p2a: Jirachi
|-supereffective|p2a: Jirachi
|-damage|p2a: Jirachi|94/404
|move|p2a: Jirachi|Body Slam|p1a: Moltres
|-damage|p1a: Moltres|241/321
|-status|p1a: Moltres|par
|
|-weather|RainDance|[upkeep]
|-heal|p2a: Jirachi|119/404|[from] item: Leftovers
|turn|5
|
|switch|p2a: Tyranitar|Tyranitar, F|199/342
|-weather|Sandstorm|[from] ability: Sand Stream|[of] p2a: Tyranitar
|switch|p1a: Politoed|Politoed, M|322/322
|-weather|RainDance|[from] ability: Drizzle|[of] p1a: Politoed
|
|-weather|RainDance|[upkeep]
|turn|6
|
|switch|p2a: Latios|Latios, M, shiny|302/302
|move|p1a: Politoed|Scald|p2a: Latios
|-crit|p2a: Latios
|-resisted|p2a: Latios
|-damage|p2a: Latios|153/302
|
|-weather|RainDance|[upkeep]
|turn|7
|
|switch|p1a: Jirachi|Jirachi|404/404
|switch|p2a: Landorus-Therian|Landorus-Therian, M, shiny|338/338
|-ability|p2a: Landorus-Therian|Intimidate|[of] p1a: Jirachi
|-unboost|p1a: Jirachi|atk|1
|
|-weather|RainDance|[upkeep]
|turn|8
|
|switch|p1a: Tornadus|Tornadus, M|241/299
|move|p2a: Landorus-Therian|Stealth Rock|p1a: Tornadus
|-sidestart|p1: Julian|move: Stealth Rock
|
|-weather|RainDance|[upkeep]
|turn|9
|
|switch|p2a: Tyranitar|Tyranitar, F|199/342
|-weather|Sandstorm|[from] ability: Sand Stream|[of] p2a: Tyranitar
|move|p1a: Tornadus|Hurricane|p2a: Tyranitar|[miss]
|-miss|p1a: Tornadus|p2a: Tyranitar
|
|-weather|Sandstorm|[upkeep]
|-damage|p1a: Tornadus|223/299|[from] sandstorm
|turn|10
|
|switch|p1a: Jirachi|Jirachi|404/404
|-damage|p1a: Jirachi|379/404|[from] Stealth Rock
|move|p2a: Tyranitar|Stone Edge|p1a: Jirachi
|-resisted|p1a: Jirachi
|-damage|p1a: Jirachi|291/404
|
|-weather|Sandstorm|[upkeep]
|-heal|p1a: Jirachi|316/404|[from] item: Leftovers
|turn|11
|
|switch|p2a: Landorus-Therian|Landorus-Therian, M, shiny|338/338
|-ability|p2a: Landorus-Therian|Intimidate|[of] p1a: Jirachi
|-unboost|p1a: Jirachi|atk|1
|move|p1a: Jirachi|Stealth Rock|p2a: Landorus-Therian
|-sidestart|p2: Thunder631★★|move: Stealth Rock
|
|-weather|Sandstorm|[upkeep]
|-heal|p1a: Jirachi|341/404|[from] item: Leftovers
|turn|12
|
|switch|p1a: Politoed|Politoed, M|322/322
|-damage|p1a: Politoed|282/322|[from] Stealth Rock
|-weather|RainDance|[from] ability: Drizzle|[of] p1a: Politoed
|move|p2a: Landorus-Therian|U-turn|p1a: Politoed
|-damage|p1a: Politoed|164/322
|
|switch|p2a: Breloom|Breloom, F|262/262
|-damage|p2a: Breloom|246/262|[from] Stealth Rock
|
|-weather|RainDance|[upkeep]
|turn|13
|
|switch|p1a: Moltres|Moltres|241/321 par
|-damage|p1a: Moltres|81/321 par|[from] Stealth Rock
|-ability|p1a: Moltres|Pressure
|switch|p2a: Tyranitar|Tyranitar, F|199/342
|-damage|p2a: Tyranitar|157/342|[from] Stealth Rock
|-weather|Sandstorm|[from] ability: Sand Stream|[of] p2a: Tyranitar
|
|-weather|Sandstorm|[upkeep]
|-damage|p1a: Moltres|61/321 par|[from] sandstorm
|turn|14
|
|move|p2a: Tyranitar|Crunch|p1a: Moltres
|-damage|p1a: Moltres|0 fnt
|faint|p1a: Moltres
|
|-weather|Sandstorm|[upkeep]
|
|switch|p1a: Politoed|Politoed, M|164/322
|-damage|p1a: Politoed|124/322|[from] Stealth Rock
|-weather|RainDance|[from] ability: Drizzle|[of] p1a: Politoed
|turn|15
|
|switch|p2a: Jirachi|Jirachi|119/404
|-damage|p2a: Jirachi|94/404|[from] Stealth Rock
|move|p1a: Politoed|Ice Beam|p2a: Jirachi
|-resisted|p2a: Jirachi
|-damage|p2a: Jirachi|59/404
|
|-weather|RainDance|[upkeep]
|-heal|p2a: Jirachi|84/404|[from] item: Leftovers
|turn|16
|
|switch|p1a: Amoonguss|Amoonguss, M, shiny|432/432
|-damage|p1a: Amoonguss|378/432|[from] Stealth Rock
|move|p2a: Jirachi|Body Slam|p1a: Amoonguss
|-damage|p1a: Amoonguss|281/432
|-status|p1a: Amoonguss|par
|
|-weather|RainDance|[upkeep]
|-heal|p2a: Jirachi|109/404|[from] item: Leftovers
|-heal|p1a: Amoonguss|308/432 par|[from] item: Black Sludge
|turn|17
|
|move|p2a: Jirachi|Iron Head|p1a: Amoonguss
|-damage|p1a: Amoonguss|188/432 par
|cant|p1a: Amoonguss|par
|
|-weather|RainDance|[upkeep]
|-heal|p2a: Jirachi|134/404|[from] item: Leftovers
|-heal|p1a: Amoonguss|215/432 par|[from] item: Black Sludge
|turn|18
|
|switch|p1a: Tentacruel|Tentacruel, F|364/364
|-damage|p1a: Tentacruel|319/364|[from] Stealth Rock
|move|p2a: Jirachi|Wish|p2a: Jirachi
|
|-weather|RainDance|[upkeep]
|-heal|p1a: Tentacruel|341/364|[from] ability: Rain Dish
|-heal|p2a: Jirachi|159/404|[from] item: Leftovers
|-heal|p1a: Tentacruel|363/364|[from] item: Black Sludge
|turn|19
|
|move|p2a: Jirachi|Body Slam|p1a: Tentacruel
|-damage|p1a: Tentacruel|294/364
|move|p1a: Tentacruel|Rapid Spin|p2a: Jirachi
|-resisted|p2a: Jirachi
|-damage|p2a: Jirachi|153/404
|-sideend|p1: Julian|Stealth Rock|[from] move: Rapid Spin|[of] p1a: Tentacruel
|
|-weather|RainDance|[upkeep]
|-heal|p1a: Tentacruel|316/364|[from] ability: Rain Dish
|-heal|p2a: Jirachi|355/404|[from] move: Wish|[wisher] Jirachi
|-heal|p2a: Jirachi|380/404|[from] item: Leftovers
|-heal|p1a: Tentacruel|338/364|[from] item: Black Sludge
|turn|20
|
|move|p2a: Jirachi|Body Slam|p1a: Tentacruel
|-damage|p1a: Tentacruel|278/364
|-status|p1a: Tentacruel|par
|cant|p1a: Tentacruel|par
|
|-weather|RainDance|[upkeep]
|-heal|p1a: Tentacruel|300/364 par|[from] ability: Rain Dish
|-heal|p2a: Jirachi|404/404|[from] item: Leftovers
|-heal|p1a: Tentacruel|322/364 par|[from] item: Black Sludge
|turn|21
|
|move|p2a: Jirachi|U-turn|p1a: Tentacruel
|-resisted|p1a: Tentacruel
|-damage|p1a: Tentacruel|296/364 par
|
|switch|p2a: Latios|Latios, M, shiny|153/302
|-damage|p2a: Latios|116/302|[from] Stealth Rock
|move|p1a: Tentacruel|Scald|p2a: Latios
|-resisted|p2a: Latios
|-damage|p2a: Latios|62/302
|-status|p2a: Latios|brn
|
|-weather|RainDance|[upkeep]
|-heal|p1a: Tentacruel|318/364 par|[from] ability: Rain Dish
|-heal|p1a: Tentacruel|340/364 par|[from] item: Black Sludge
|-damage|p2a: Latios|25/302 brn|[from] brn
|turn|22
|
|switch|p1a: Jirachi|Jirachi|341/404
|move|p2a: Latios|Trick|p1a: Jirachi
|-activate|p2a: Latios|move: Trick|[of] p1a: Jirachi
|-item|p1a: Jirachi|Choice Specs|[from] move: Trick
|-item|p2a: Latios|Leftovers|[from] move: Trick
|
|-weather|RainDance|[upkeep]
|-heal|p2a: Latios|43/302 brn|[from] item: Leftovers
|-damage|p2a: Latios|6/302 brn|[from] brn
|turn|23
|
|move|p2a: Latios|Hidden Power|p1a: Jirachi
|-crit|p1a: Jirachi
|-supereffective|p1a: Jirachi
|-damage|p1a: Jirachi|223/404
|move|p1a: Jirachi|Wish|p1a: Jirachi
|
|-weather|RainDance|[upkeep]
|-heal|p2a: Latios|24/302 brn|[from] item: Leftovers
|-damage|p2a: Latios|0 fnt|[from] brn
|faint|p2a: Latios
|
|switch|p2a: Landorus-Therian|Landorus-Therian, M, shiny|338/338
|-damage|p2a: Landorus-Therian|296/338|[from] Stealth Rock
|-ability|p2a: Landorus-Therian|Intimidate|[of] p1a: Jirachi
|-unboost|p1a: Jirachi|atk|1
|turn|24
|
|switch|p1a: Tornadus|Tornadus, M|223/299
|move|p2a: Landorus-Therian|Stone Edge|p1a: Tornadus
|-supereffective|p1a: Tornadus
|-damage|p1a: Tornadus|0 fnt
|faint|p1a: Tornadus
|
|-weather|RainDance|[upkeep]
|-heal|p2a: Landorus-Therian|317/338|[from] item: Leftovers
|
|switch|p1a: Politoed|Politoed, M|124/322
|turn|25
|
|switch|p2a: Jirachi|Jirachi|404/404
|-damage|p2a: Jirachi|379/404|[from] Stealth Rock
|move|p1a: Politoed|Scald|p2a: Jirachi
|-damage|p2a: Jirachi|259/404
|-status|p2a: Jirachi|brn
|
|-weather|RainDance|[upkeep]
|-heal|p2a: Jirachi|284/404 brn|[from] item: Leftovers
|-damage|p2a: Jirachi|234/404 brn|[from] brn
|turn|26
|
|switch|p1a: Tentacruel|Tentacruel, F|340/364 par
|move|p2a: Jirachi|U-turn|p1a: Tentacruel
|-resisted|p1a: Tentacruel
|-damage|p1a: Tentacruel|328/364 par
|
|switch|p2a: Landorus-Therian|Landorus-Therian, M, shiny|317/338
|-damage|p2a: Landorus-Therian|275/338|[from] Stealth Rock
|-ability|p2a: Landorus-Therian|Intimidate|[of] p1a: Tentacruel
|-unboost|p1a: Tentacruel|atk|1
|
|-weather|RainDance|[upkeep]
|-heal|p1a: Tentacruel|350/364 par|[from] ability: Rain Dish
|-heal|p2a: Landorus-Therian|296/338|[from] item: Leftovers
|-heal|p1a: Tentacruel|364/364 par|[from] item: Black Sludge
|turn|27
|
|move|p2a: Landorus-Therian|Earthquake|p1a: Tentacruel
|-supereffective|p1a: Tentacruel
|-damage|p1a: Tentacruel|0 fnt
|faint|p1a: Tentacruel
|
|-weather|RainDance|[upkeep]
|-heal|p2a: Landorus-Therian|317/338|[from] item: Leftovers
|
|switch|p1a: Politoed|Politoed, M|124/322
|turn|28
|
|switch|p2a: Jirachi|Jirachi|234/404 brn
|-damage|p2a: Jirachi|209/404 brn|[from] Stealth Rock
|move|p1a: Politoed|Scald|p2a: Jirachi
|-damage|p2a: Jirachi|86/404 brn
|
|-weather|RainDance|[upkeep]
|-heal|p2a: Jirachi|111/404 brn|[from] item: Leftovers
|-damage|p2a: Jirachi|61/404 brn|[from] brn
|turn|29
|
|move|p1a: Politoed|Scald|p2a: Jirachi
|-damage|p2a: Jirachi|0 fnt
|faint|p2a: Jirachi
|
|-weather|RainDance|[upkeep]
|
|switch|p2a: Alakazam|Alakazam, M|252/252
|turn|30
|
|switch|p1a: Jirachi|Jirachi|223/404
|move|p2a: Alakazam|Shadow Ball|p1a: Jirachi
|-damage|p1a: Jirachi|152/404
|
|-weather|RainDance|[upkeep]
|turn|31
|
|switch|p1a: Politoed|Politoed, M|124/322
|move|p2a: Alakazam|Focus Blast|p1a: Politoed
|-damage|p1a: Politoed|0 fnt
|faint|p1a: Politoed
|
|-weather|RainDance|[upkeep]
|
|switch|p1a: Jirachi|Jirachi|152/404
|turn|32
|
|switch|p2a: Landorus-Therian|Landorus-Therian, M, shiny|317/338
|-damage|p2a: Landorus-Therian|275/338|[from] Stealth Rock
|-ability|p2a: Landorus-Therian|Intimidate|[of] p1a: Jirachi
|-unboost|p1a: Jirachi|atk|1
|move|p1a: Jirachi|Thunder|p2a: Landorus-Therian
|-immune|p2a: Landorus-Therian|[msg]
|
|-weather|RainDance|[upkeep]
|-heal|p2a: Landorus-Therian|296/338|[from] item: Leftovers
|turn|33
|
|switch|p1a: Amoonguss|Amoonguss, M, shiny|359/432 par
|move|p2a: Landorus-Therian|Earthquake|p1a: Amoonguss
|-damage|p1a: Amoonguss|83/432 par
|
|-weather|RainDance|[upkeep]
|-heal|p2a: Landorus-Therian|317/338|[from] item: Leftovers
|-heal|p1a: Amoonguss|110/432 par|[from] item: Black Sludge
|turn|34
|-message|Julian forfeited.
|
|win|Thunder631★★
|raw|Ladder updating...
|leave|Julian
|player|p1
|raw|Julian's rating: 1489 &rarr; <strong>1460</strong><br />(-29 for losing)
|raw|Thunder631★★'s rating: 1328 &rarr; <strong>1357</strong><br />(+29 for winning)