|j|☆HydreigonSpammer
|j|‽happy_hitbox
|t:|1734383307
|gametype|singles
|player|p1|HydreigonSpammer|veteranf|1411
|player|p2|happy_hitbox|265|1362
|teamsize|p1|6
|teamsize|p2|6
|gen|5
|tier|[Gen 5] OU
|rated|
|rule|Species Clause: Limit one of each Pokémon
|rule|OHKO Clause: OHKO moves are banned
|rule|Moody Clause: Moody is banned
|rule|Evasion Items Clause: Evasion items are banned
|rule|Evasion Moves Clause: Evasion moves are banned
|rule|Endless Battle Clause: Forcing endless battles is banned
|rule|HP Percentage Mod: HP is shown in percentages
|rule|Evasion Abilities Clause: Evasion abilities are banned
|rule|Sleep Moves Clause: Sleep-inducing moves are banned
|rule|Swagger Clause: Swagger is banned
|rule|Baton Pass Stat Clause: No Baton Passer may have a way to boost its stats
|clearpoke
|poke|p1|Politoed, M|item
|poke|p1|Ferrothorn, F|item
|poke|p1|Thundurus-Therian, M|item
|poke|p1|Keldeo|item
|poke|p1|Tornadus, M|item
|poke|p1|Jirachi|item
|poke|p2|Forretress, F|item
|poke|p2|Breloom, M|item
|poke|p2|Xatu, F|item
|poke|p2|Thundurus-Therian, M|item
|poke|p2|Keldeo|item
|poke|p2|Volcarona, M|item
|teampreview
|inactive|Battle timer is ON: inactive players will automatically lose when time's up. (requested by HydreigonSpammer)
|
|t:|1734383321
|start
|switch|p1a: Politoed|Politoed, M|100/100
|switch|p2a: Thundurus|Thundurus-Therian, M|100/100
|-weather|RainDance|[from] ability: Drizzle|[of] p1a: Politoed
|turn|1
|
|t:|1734383331
|move|p2a: Thundurus|Grass Knot|p1a: Politoed
|-supereffective|p1a: Politoed
|-damage|p1a: Politoed|59/100
|-enditem|p1a: Politoed|Eject Button
|
|t:|1734383339
|switch|p1a: Keldeo|Keldeo|100/100
|
|-weather|RainDance|[upkeep]
|upkeep
|turn|2
|
|t:|1734383358
|move|p2a: Thundurus|Grass Knot|p1a: Keldeo
|-supereffective|p1a: Keldeo
|-damage|p1a: Keldeo|43/100
|move|p1a: Keldeo|Scald|p2a: Thundurus
|-damage|p2a: Thundurus|0 fnt
|faint|p2a: Thundurus
|
|-weather|RainDance|[upkeep]
|upkeep
|
|t:|1734383373
|switch|p2a: Breloom|Breloom, M|100/100
|turn|3
|
|t:|1734383381
|switch|p1a: Thundurus|Thundurus-Therian, M|100/100
|move|p2a: Breloom|Low Sweep|p1a: Thundurus
|-resisted|p1a: Thundurus
|-damage|p1a: Thundurus|66/100
|-unboost|p1a: Thundurus|spe|1
|
|-weather|RainDance|[upkeep]
|-heal|p1a: Thundurus|73/100|[from] item: Leftovers
|upkeep
|turn|4
|
|t:|1734383394
|move|p2a: Breloom|Rock Slide|p1a: Thundurus|[miss]
|-miss|p2a: Breloom|p1a: Thundurus
|move|p1a: Thundurus|Hidden Power|p2a: Breloom
|-supereffective|p2a: Breloom
|-damage|p2a: Breloom|3/100
|
|-weather|RainDance|[upkeep]
|-heal|p1a: Thundurus|79/100|[from] item: Leftovers
|upkeep
|turn|5
|
|t:|1734383408
|move|p2a: Breloom|Rock Slide|p1a: Thundurus
|-supereffective|p1a: Thundurus
|-damage|p1a: Thundurus|2/100
|cant|p1a: Thundurus|flinch
|
|-weather|RainDance|[upkeep]
|-heal|p1a: Thundurus|8/100|[from] item: Leftovers
|upkeep
|turn|6
|
|t:|1734383414
|move|p2a: Breloom|Mach Punch|p1a: Thundurus
|-resisted|p1a: Thundurus
|-damage|p1a: Thundurus|0 fnt
|faint|p1a: Thundurus
|
|-weather|RainDance|[upkeep]
|upkeep
|j| CertamenMeum
|
|t:|1734383423
|switch|p1a: Tornadus|Tornadus, M|100/100
|turn|7
|
|t:|1734383446
|switch|p2a: Xatu|Xatu, F|100/100
|move|p1a: Tornadus|Hurricane|p2a: Xatu
|-damage|p2a: Xatu|24/100
|
|-weather|RainDance|[upkeep]
|upkeep
|turn|8
|
|t:|1734383453
|move|p1a: Tornadus|Hurricane|p2a: Xatu
|-damage|p2a: Xatu|0 fnt
|faint|p2a: Xatu
|
|-weather|RainDance|[upkeep]
|upkeep
|
|t:|1734383458
|switch|p2a: Forretress|Forretress, F|100/100
|turn|9
|
|t:|1734383469
|switch|p1a: Politoed|Politoed, M|59/100
|move|p2a: Forretress|Pain Split|p1a: Politoed
|-sethp|p1a: Politoed|76/100|[from] move: Pain Split|[silent]
|-sethp|p2a: Forretress|82/100|[from] move: Pain Split
|
|-weather|RainDance|[upkeep]
|upkeep
|turn|10
|
|t:|1734383475
|move|p1a: Politoed|Scald|p2a: Forretress
|-damage|p2a: Forretress|29/100
|move|p2a: Forretress|Stealth Rock|p1a: Politoed
|-sidestart|p1: HydreigonSpammer|move: Stealth Rock
|
|-weather|RainDance|[upkeep]
|upkeep
|turn|11
|
|t:|1734383485
|move|p1a: Politoed|Encore|p2a: Forretress
|-start|p2a: Forretress|Encore
|move|p2a: Forretress|Stealth Rock||[still]
|-fail|p2a: Forretress
|
|-weather|RainDance|[upkeep]
|upkeep
|turn|12
|
|t:|1734383494
|switch|p1a: Jirachi|Jirachi|100/100
|-damage|p1a: Jirachi|94/100|[from] Stealth Rock
|move|p2a: Forretress|Stealth Rock||[still]
|-fail|p2a: Forretress
|
|-weather|RainDance|[upkeep]
|-heal|p1a: Jirachi|100/100|[from] item: Leftovers
|upkeep
|turn|13
|
|t:|1734383498
|switch|p2a: Volcarona|Volcarona, M|100/100
|move|p1a: Jirachi|Stealth Rock|p2a: Volcarona
|-sidestart|p2: happy_hitbox|move: Stealth Rock
|
|-weather|RainDance|[upkeep]
|upkeep
|turn|14
|
|t:|1734383505
|move|p2a: Volcarona|Quiver Dance|p2a: Volcarona
|-boost|p2a: Volcarona|spa|1
|-boost|p2a: Volcarona|spd|1
|-boost|p2a: Volcarona|spe|1
|move|p1a: Jirachi|Thunder|p2a: Volcarona
|-damage|p2a: Volcarona|82/100
|-status|p2a: Volcarona|par
|
|-weather|RainDance|[upkeep]
|upkeep
|turn|15
|
|t:|1734383515
|switch|p1a: Politoed|Politoed, M|76/100
|-damage|p1a: Politoed|63/100|[from] Stealth Rock
|move|p2a: Volcarona|Quiver Dance|p2a: Volcarona
|-boost|p2a: Volcarona|spa|1
|-boost|p2a: Volcarona|spd|1
|-boost|p2a: Volcarona|spe|1
|
|-weather|RainDance|[upkeep]
|upkeep
|turn|16
|-message|happy_hitbox forfeited.
|
|win|HydreigonSpammer
|raw|HydreigonSpammer's rating: 1411 &rarr; <strong>1428</strong><br />(+17 for winning)
|raw|happy_hitbox's rating: 1362 &rarr; <strong>1345</strong><br />(-17 for losing)
|l|‽happy_hitbox
|player|p2|
