|j|☆Fredfeuer11
|j|☆blackkaiser
|player|p1|Fredfeuer11|170|1373
|player|p2|blackkaiser|266|1432
|teamsize|p1|6
|teamsize|p2|6
|gametype|singles
|gen|5
|tier|[Gen 5] OU
|rated|
|rule|Sleep Clause Mod: Limit one foe put to sleep
|rule|Species Clause: Limit one of each Pokémon
|rule|OHKO Clause: OHKO moves are banned
|rule|Moody Clause: Moody is banned
|rule|Evasion Moves Clause: Evasion moves are banned
|rule|Endless Battle Clause: Forcing endless battles is banned
|rule|HP Percentage Mod: HP is shown in percentages
|rule|Evasion Abilities Clause: Evasion abilities are banned
|rule|Baton Pass Clause: Limit one Baton Passer, can't pass Spe and other stats simultaneously
|rule|Swagger Clause: Swagger is banned
|clearpoke
|poke|p1|Politoed, M|item
|poke|p1|Thundurus-Therian, M|item
|poke|p1|Tentacruel, M|item
|poke|p1|Tornadus, M|item
|poke|p1|Ferrothorn, F|item
|poke|p1|Scizor, M|item
|poke|p2|Hippowdon, F|item
|poke|p2|Ferrothorn, F|item
|poke|p2|Jellicent, F|item
|poke|p2|Latios, M|item
|poke|p2|Garchomp, M|item
|poke|p2|Scizor, F|item
|teampreview
|inactive|Battle timer is ON: inactive players will automatically lose when time's up. (requested by blackkaiser)
|
|start
|switch|p1a: Politoed|Politoed, M|100/100
|switch|p2a: Latios|Latios, M, shiny|100/100
|-weather|RainDance|[from] ability: Drizzle|[of] p1a: Politoed
|turn|1
|
|move|p1a: Politoed|Ice Beam|p2a: Latios
|-supereffective|p2a: Latios
|-damage|p2a: Latios|43/100
|move|p2a: Latios|Draco Meteor|p1a: Politoed
|-damage|p1a: Politoed|0 fnt
|-unboost|p2a: Latios|spa|2
|faint|p1a: Politoed
|
|-weather|RainDance|[upkeep]
|upkeep
|
|switch|p1a: Tornadus|Tornadus, M|100/100
|turn|2
|
|move|p1a: Tornadus|Hurricane|p2a: Latios
|-damage|p2a: Latios|0 fnt
|faint|p2a: Latios
|
|-weather|RainDance|[upkeep]
|upkeep
|
|switch|p2a: Ferrothorn|Ferrothorn, F|100/100
|turn|3
|
|move|p1a: Tornadus|Hurricane|p2a: Ferrothorn
|-damage|p2a: Ferrothorn|45/100
|move|p2a: Ferrothorn|Thunder Wave|p1a: Tornadus
|-status|p1a: Tornadus|par
|
|-weather|RainDance|[upkeep]
|upkeep
|turn|4
|
|cant|p1a: Tornadus|par
|move|p2a: Ferrothorn|Spikes|p1a: Tornadus
|-sidestart|p1: Fredfeuer11|Spikes
|
|-weather|RainDance|[upkeep]
|upkeep
|turn|5
|
|switch|p2a: Jellicent|Jellicent, F|100/100
|move|p1a: Tornadus|Hurricane|p2a: Jellicent
|-damage|p2a: Jellicent|60/100
|
|-weather|RainDance|[upkeep]
|-heal|p2a: Jellicent|67/100|[from] item: Leftovers
|upkeep
|turn|6
|
|move|p2a: Jellicent|Recover|p2a: Jellicent
|-heal|p2a: Jellicent|100/100
|move|p1a: Tornadus|Hurricane|p2a: Jellicent
|-damage|p2a: Jellicent|59/100
|
|-weather|RainDance|[upkeep]
|-heal|p2a: Jellicent|66/100|[from] item: Leftovers
|upkeep
|turn|7
|
|move|p2a: Jellicent|Recover|p2a: Jellicent
|-heal|p2a: Jellicent|100/100
|move|p1a: Tornadus|Hurricane|p2a: Jellicent
|-damage|p2a: Jellicent|62/100
|-start|p2a: Jellicent|confusion
|
|-weather|RainDance|[upkeep]
|-heal|p2a: Jellicent|68/100|[from] item: Leftovers
|upkeep
|turn|8
|
|switch|p1a: Tentacruel|Tentacruel, M|100/100
|-damage|p1a: Tentacruel|88/100|[from] Spikes
|-activate|p2a: Jellicent|confusion
|-damage|p2a: Jellicent|63/100|[from] confusion
|
|-weather|RainDance|[upkeep]
|-heal|p1a: Tentacruel|94/100|[from] ability: Rain Dish
|-heal|p1a: Tentacruel|99/100|[from] item: Black Sludge
|-heal|p2a: Jellicent|69/100|[from] item: Leftovers
|upkeep
|turn|9
|
|switch|p2a: Hippowdon|Hippowdon, F|100/100
|-weather|Sandstorm|[from] ability: Sand Stream|[of] p2a: Hippowdon
|move|p1a: Tentacruel|Toxic|p2a: Hippowdon
|-status|p2a: Hippowdon|tox
|
|-weather|Sandstorm|[upkeep]
|-damage|p1a: Tentacruel|94/100|[from] Sandstorm
|-heal|p1a: Tentacruel|99/100|[from] item: Black Sludge
|-damage|p2a: Hippowdon|94/100 tox|[from] psn
|upkeep
|turn|10
|
|switch|p1a: Ferrothorn|Ferrothorn, F|100/100
|-damage|p1a: Ferrothorn|88/100|[from] Spikes
|switch|p2a: Jellicent|Jellicent, F|69/100
|
|-weather|Sandstorm|[upkeep]
|-damage|p2a: Jellicent|63/100|[from] Sandstorm
|-heal|p2a: Jellicent|69/100|[from] item: Leftovers
|-heal|p1a: Ferrothorn|94/100|[from] item: Leftovers
|upkeep
|turn|11
|
|switch|p2a: Hippowdon|Hippowdon, F|94/100 tox
|move|p1a: Ferrothorn|Leech Seed|p2a: Hippowdon
|-start|p2a: Hippowdon|move: Leech Seed
|
|-weather|Sandstorm|[upkeep]
|-heal|p2a: Hippowdon|100/100 tox|[from] item: Leftovers
|-heal|p1a: Ferrothorn|99/100|[from] item: Leftovers
|-damage|p2a: Hippowdon|88/100 tox|[from] Leech Seed|[of] p1a: Ferrothorn
|-heal|p1a: Ferrothorn|100/100|[silent]
|-damage|p2a: Hippowdon|82/100 tox|[from] psn
|upkeep
|turn|12
|
|move|p2a: Hippowdon|Stealth Rock|p1a: Ferrothorn
|-sidestart|p1: Fredfeuer11|move: Stealth Rock
|move|p1a: Ferrothorn|Stealth Rock|p2a: Hippowdon
|-sidestart|p2: blackkaiser|move: Stealth Rock
|
|-weather|Sandstorm|[upkeep]
|-heal|p2a: Hippowdon|88/100 tox|[from] item: Leftovers
|-damage|p2a: Hippowdon|76/100 tox|[from] Leech Seed|[of] p1a: Ferrothorn
|-damage|p2a: Hippowdon|63/100 tox|[from] psn
|upkeep
|turn|13
|
|switch|p2a: Ferrothorn|Ferrothorn, F|45/100
|-damage|p2a: Ferrothorn|39/100|[from] Stealth Rock
|move|p1a: Ferrothorn|Power Whip|p2a: Ferrothorn
|-resisted|p2a: Ferrothorn
|-damage|p2a: Ferrothorn|33/100
|-damage|p1a: Ferrothorn|88/100|[from] ability: Iron Barbs|[of] p2a: Ferrothorn
|-damage|p1a: Ferrothorn|72/100|[from] item: Rocky Helmet|[of] p2a: Ferrothorn
|
|-weather|Sandstorm|[upkeep]
|-heal|p1a: Ferrothorn|78/100|[from] item: Leftovers
|upkeep
|turn|14
|
|switch|p1a: Scizor|Scizor, M|100/100
|-damage|p1a: Scizor|88/100|[from] Spikes
|-damage|p1a: Scizor|76/100|[from] Stealth Rock
|move|p2a: Ferrothorn|Spikes|p1a: Scizor
|-sidestart|p1: Fredfeuer11|Spikes
|
|-weather|Sandstorm|[upkeep]
|upkeep
|turn|15
|
|move|p1a: Scizor|U-turn|p2a: Ferrothorn
|-damage|p2a: Ferrothorn|0 fnt
|-damage|p1a: Scizor|64/100|[from] ability: Iron Barbs|[of] p2a: Ferrothorn
|-damage|p1a: Scizor|47/100|[from] item: Rocky Helmet|[of] p2a: Ferrothorn
|faint|p2a: Ferrothorn
|inactive|Fredfeuer11 has 120 seconds left.
|
|switch|p1a: Tornadus|Tornadus, M|100/100 par|[from]move: U-turn
|-damage|p1a: Tornadus|76/100 par|[from] Stealth Rock
|
|-weather|Sandstorm|[upkeep]
|-damage|p1a: Tornadus|70/100 par|[from] Sandstorm
|upkeep
|
|switch|p2a: Garchomp|Garchomp, M|100/100
|-damage|p2a: Garchomp|94/100|[from] Stealth Rock
|turn|16
|c|☆Fredfeuer11|omg i just realised that there is some sand around ;D
|c|☆Fredfeuer11|rip
|inactive|Fredfeuer11 has 120 seconds left.
|
|move|p2a: Garchomp|Stone Edge|p1a: Tornadus
|-supereffective|p1a: Tornadus
|-damage|p1a: Tornadus|0 fnt
|-damage|p2a: Garchomp|85/100|[from] item: Life Orb
|faint|p1a: Tornadus
|
|-weather|Sandstorm|[upkeep]
|upkeep
|inactive|Fredfeuer11 has 120 seconds left.
|
|switch|p1a: Ferrothorn|Ferrothorn, F|78/100
|-damage|p1a: Ferrothorn|61/100|[from] Spikes
|-damage|p1a: Ferrothorn|55/100|[from] Stealth Rock
|turn|17
|
|move|p2a: Garchomp|Fire Blast|p1a: Ferrothorn
|-supereffective|p1a: Ferrothorn
|-damage|p1a: Ferrothorn|0 fnt
|-damage|p2a: Garchomp|75/100|[from] item: Life Orb
|faint|p1a: Ferrothorn
|
|-weather|Sandstorm|[upkeep]
|upkeep
|inactive|Fredfeuer11 has 120 seconds left.
|c|☆Fredfeuer11|guess im studpid
|c|☆Fredfeuer11|gg
|c|☆blackkaiser|gg
|-message|Fredfeuer11 forfeited.
|
|win|blackkaiser
|l|☆Fredfeuer11
|raw|Fredfeuer11's rating: 1373 &rarr; <strong>1357</strong><br />(-16 for losing)
|raw|blackkaiser's rating: 1432 &rarr; <strong>1449</strong><br />(+17 for winning)
