|j|☆chundee galaxy
|j|‽E0 Palourde
|t:|1735825796
|gametype|singles
|player|p1|chundee galaxy|alder|1497
|player|p2|E0 Palourde|ingo|1307
|teamsize|p1|6
|teamsize|p2|6
|gen|5
|tier|[Gen 5] OU
|rated|
|rule|Species Clause: Limit one of each Pokémon
|rule|OHKO Clause: OHKO moves are banned
|rule|Moody Clause: Moody is banned
|rule|Evasion Items Clause: Evasion items are banned
|rule|Evasion Moves Clause: Evasion moves are banned
|rule|Endless Battle Clause: Forcing endless battles is banned
|rule|HP Percentage Mod: HP is shown in percentages
|rule|Evasion Abilities Clause: Evasion abilities are banned
|rule|Sleep Moves Clause: Sleep-inducing moves are banned
|rule|Swagger Clause: Swagger is banned
|rule|Baton Pass Stat Clause: No Baton Passer may have a way to boost its stats
|clearpoke
|poke|p1|Politoed, M|item
|poke|p1|Gyarados, F|item
|poke|p1|Keldeo|item
|poke|p1|Breloom, M|item
|poke|p1|Metagross|item
|poke|p1|Scizor, F|item
|poke|p2|Ferrothorn, F|item
|poke|p2|Politoed, M|item
|poke|p2|Tentacruel, M|item
|poke|p2|Latios, M|item
|poke|p2|Dragonite, M|item
|poke|p2|Keldeo|item
|teampreview
|
|t:|1735825837
|start
|switch|p1a: Breloom|Breloom, M|100/100
|switch|p2a: Dragonite|Dragonite, M|100/100
|turn|1
|
|t:|1735825843
|switch|p1a: Politoed|Politoed, M|100/100
|-weather|RainDance|[from] ability: Drizzle|[of] p1a: Politoed
|move|p2a: Dragonite|Hurricane|p1a: Politoed
|-damage|p1a: Politoed|52/100
|
|-weather|RainDance|[upkeep]
|upkeep
|turn|2
|
|t:|1735825854
|move|p2a: Dragonite|Thunder|p1a: Politoed
|-supereffective|p1a: Politoed
|-damage|p1a: Politoed|0 fnt
|faint|p1a: Politoed
|
|-weather|RainDance|[upkeep]
|upkeep
|
|t:|1735825863
|switch|p1a: Metagross|Metagross|100/100
|turn|3
|inactive|Battle timer is ON: inactive players will automatically lose when time's up. (requested by chundee galaxy)
|
|t:|1735825890
|switch|p2a: Keldeo|Keldeo|100/100
|move|p1a: Metagross|Ice Punch|p2a: Keldeo
|-resisted|p2a: Keldeo
|-damage|p2a: Keldeo|85/100
|
|-weather|RainDance|[upkeep]
|-heal|p2a: Keldeo|91/100|[from] item: Leftovers
|upkeep
|turn|4
|
|t:|1735825902
|switch|p1a: Breloom|Breloom, M|100/100
|move|p2a: Keldeo|Substitute|p2a: Keldeo
|-start|p2a: Keldeo|Substitute
|-damage|p2a: Keldeo|66/100
|
|-weather|RainDance|[upkeep]
|-heal|p2a: Keldeo|72/100|[from] item: Leftovers
|upkeep
|turn|5
|
|t:|1735825909
|move|p2a: Keldeo|Secret Sword|p1a: Breloom
|-damage|p1a: Breloom|30/100
|move|p1a: Breloom|Bullet Seed|p2a: Keldeo
|-supereffective|p2a: Keldeo
|-end|p2a: Keldeo|Substitute
|-supereffective|p2a: Keldeo
|-crit|p2a: Keldeo
|-damage|p2a: Keldeo|0 fnt
|faint|p2a: Keldeo
|-hitcount|p2: Keldeo|2
|
|-weather|RainDance|[upkeep]
|upkeep
|
|t:|1735825925
|switch|p2a: Latios|Latios, M|100/100
|turn|6
|
|t:|1735825936
|switch|p1a: Keldeo|Keldeo|100/100
|move|p2a: Latios|Surf|p1a: Keldeo
|-resisted|p1a: Keldeo
|-damage|p1a: Keldeo|72/100
|
|-weather|RainDance|[upkeep]
|upkeep
|turn|7
|
|t:|1735825956
|switch|p2a: Tentacruel|Tentacruel, M|100/100
|move|p1a: Keldeo|Hydro Pump|p2a: Tentacruel
|-resisted|p2a: Tentacruel
|-damage|p2a: Tentacruel|45/100
|
|-weather|RainDance|[upkeep]
|-heal|p2a: Tentacruel|51/100|[from] ability: Rain Dish
|-heal|p2a: Tentacruel|57/100|[from] item: Black Sludge
|upkeep
|turn|8
|
|t:|1735825965
|switch|p1a: Breloom|Breloom, M|30/100
|move|p2a: Tentacruel|Protect||[still]
|-fail|p2a: Tentacruel
|
|-weather|RainDance|[upkeep]
|-heal|p2a: Tentacruel|63/100|[from] ability: Rain Dish
|-heal|p2a: Tentacruel|69/100|[from] item: Black Sludge
|upkeep
|turn|9
|
|t:|1735825978
|switch|p2a: Latios|Latios, M|100/100
|move|p1a: Breloom|Bullet Seed|p2a: Latios
|-resisted|p2a: Latios
|-damage|p2a: Latios|78/100
|-resisted|p2a: Latios
|-damage|p2a: Latios|58/100
|-resisted|p2a: Latios
|-damage|p2a: Latios|36/100
|-resisted|p2a: Latios
|-damage|p2a: Latios|14/100
|-resisted|p2a: Latios
|-damage|p2a: Latios|0 fnt
|faint|p2a: Latios
|-hitcount|p2: Latios|5
|
|-weather|RainDance|[upkeep]
|upkeep
|
|t:|1735825992
|switch|p2a: Ferrothorn|Ferrothorn, F|100/100
|turn|10
|
|t:|1735826002
|switch|p1a: Metagross|Metagross|100/100
|move|p2a: Ferrothorn|Power Whip|p1a: Metagross
|-resisted|p1a: Metagross
|-crit|p1a: Metagross
|-damage|p1a: Metagross|56/100
|
|-weather|RainDance|[upkeep]
|upkeep
|turn|11
|
|t:|1735826015
|move|p1a: Metagross|Stealth Rock|p2a: Ferrothorn
|-sidestart|p2: E0 Palourde|move: Stealth Rock
|move|p2a: Ferrothorn|Power Whip|p1a: Metagross
|-resisted|p1a: Metagross
|-damage|p1a: Metagross|37/100
|
|-weather|RainDance|[upkeep]
|upkeep
|turn|12
|
|t:|1735826026
|move|p1a: Metagross|Earthquake|p2a: Ferrothorn
|-damage|p2a: Ferrothorn|70/100
|move|p2a: Ferrothorn|Stealth Rock|p1a: Metagross
|-sidestart|p1: chundee galaxy|move: Stealth Rock
|
|-weather|RainDance|[upkeep]
|-heal|p2a: Ferrothorn|76/100|[from] item: Leftovers
|upkeep
|turn|13
|
|t:|1735826045
|move|p1a: Metagross|Earthquake|p2a: Ferrothorn
|-damage|p2a: Ferrothorn|46/100
|move|p2a: Ferrothorn|Spikes|p1a: Metagross
|-sidestart|p1: chundee galaxy|Spikes
|
|-weather|RainDance|[upkeep]
|-heal|p2a: Ferrothorn|52/100|[from] item: Leftovers
|upkeep
|turn|14
|
|t:|1735826064
|move|p1a: Metagross|Earthquake|p2a: Ferrothorn
|-crit|p2a: Ferrothorn
|-damage|p2a: Ferrothorn|0 fnt
|faint|p2a: Ferrothorn
|
|-weather|RainDance|[upkeep]
|upkeep
|
|t:|1735826068
|switch|p2a: Dragonite|Dragonite, M|100/100
|-damage|p2a: Dragonite|76/100|[from] Stealth Rock
|turn|15
|
|t:|1735826074
|move|p2a: Dragonite|Thunder|p1a: Metagross
|-damage|p1a: Metagross|0 fnt
|faint|p1a: Metagross
|
|-weather|RainDance|[upkeep]
|upkeep
|
|t:|1735826094
|switch|p1a: Keldeo|Keldeo|72/100
|-damage|p1a: Keldeo|66/100|[from] Stealth Rock
|-damage|p1a: Keldeo|54/100|[from] Spikes
|turn|16
|
|t:|1735826103
|move|p1a: Keldeo|Hydro Pump|p2a: Dragonite
|-resisted|p2a: Dragonite
|-damage|p2a: Dragonite|17/100
|move|p2a: Dragonite|Thunder|p1a: Keldeo
|-supereffective|p1a: Keldeo
|-damage|p1a: Keldeo|0 fnt
|faint|p1a: Keldeo
|
|-weather|RainDance|[upkeep]
|upkeep
|inactive|chundee galaxy has 120 seconds left.
|
|t:|1735826130
|switch|p1a: Gyarados|Gyarados, F|100/100
|-damage|p1a: Gyarados|76/100|[from] Stealth Rock
|turn|17
|j| night suwu
|inactive|chundee galaxy has 120 seconds left.
|
|t:|1735826138
|switch|p2a: Tentacruel|Tentacruel, M|69/100
|-damage|p2a: Tentacruel|57/100|[from] Stealth Rock
|move|p1a: Gyarados|Stone Edge|p2a: Tentacruel|[miss]
|-miss|p1a: Gyarados|p2a: Tentacruel
|
|-weather|RainDance|[upkeep]
|-heal|p2a: Tentacruel|63/100|[from] ability: Rain Dish
|-heal|p2a: Tentacruel|69/100|[from] item: Black Sludge
|upkeep
|turn|18
|inactive|chundee galaxy has 120 seconds left.
|
|t:|1735826148
|move|p1a: Gyarados|Stone Edge|p2a: Tentacruel
|-damage|p2a: Tentacruel|27/100
|move|p2a: Tentacruel|Rapid Spin|p1a: Gyarados
|-damage|p1a: Gyarados|72/100
|-sideend|p2: E0 Palourde|Stealth Rock|[from] move: Rapid Spin|[of] p2a: Tentacruel
|
|-weather|RainDance|[upkeep]
|-heal|p2a: Tentacruel|33/100|[from] ability: Rain Dish
|-heal|p2a: Tentacruel|39/100|[from] item: Black Sludge
|upkeep
|turn|19
|
|t:|1735826158
|switch|p1a: Breloom|Breloom, M|30/100
|-damage|p1a: Breloom|24/100|[from] Stealth Rock
|-damage|p1a: Breloom|12/100|[from] Spikes
|move|p2a: Tentacruel|Protect||[still]
|-fail|p2a: Tentacruel
|
|-weather|RainDance|[upkeep]
|-heal|p2a: Tentacruel|45/100|[from] ability: Rain Dish
|-heal|p2a: Tentacruel|51/100|[from] item: Black Sludge
|upkeep
|turn|20
|inactive|chundee galaxy has 120 seconds left.
|
|t:|1735826173
|move|p2a: Tentacruel|Protect|p2a: Tentacruel
|-singleturn|p2a: Tentacruel|Protect
|move|p1a: Breloom|Mach Punch|p2a: Tentacruel
|-activate|p2a: Tentacruel|move: Protect
|
|-weather|RainDance|[upkeep]
|-heal|p2a: Tentacruel|57/100|[from] ability: Rain Dish
|-heal|p2a: Tentacruel|63/100|[from] item: Black Sludge
|upkeep
|turn|21
|
|t:|1735826181
|move|p1a: Breloom|Mach Punch|p2a: Tentacruel
|-resisted|p2a: Tentacruel
|-damage|p2a: Tentacruel|32/100
|move|p2a: Tentacruel|Scald|p1a: Breloom
|-resisted|p1a: Breloom
|-damage|p1a: Breloom|0 fnt
|faint|p1a: Breloom
|
|-weather|RainDance|[upkeep]
|-heal|p2a: Tentacruel|38/100|[from] ability: Rain Dish
|-heal|p2a: Tentacruel|44/100|[from] item: Black Sludge
|upkeep
|inactive|chundee galaxy has 120 seconds left.
|
|t:|1735826192
|switch|p1a: Scizor|Scizor, F|100/100
|-damage|p1a: Scizor|88/100|[from] Stealth Rock
|-damage|p1a: Scizor|76/100|[from] Spikes
|turn|22
|
|t:|1735826199
|move|p2a: Tentacruel|Scald|p1a: Scizor
|-damage|p1a: Scizor|25/100
|-status|p1a: Scizor|brn
|move|p1a: Scizor|U-turn|p2a: Tentacruel
|-resisted|p2a: Tentacruel
|-damage|p2a: Tentacruel|26/100
|
|t:|1735826206
|switch|p1a: Gyarados|Gyarados, F|72/100|[from] U-turn
|-damage|p1a: Gyarados|47/100|[from] Stealth Rock
|
|-weather|RainDance|[upkeep]
|-heal|p2a: Tentacruel|32/100|[from] ability: Rain Dish
|-heal|p2a: Tentacruel|38/100|[from] item: Black Sludge
|upkeep
|turn|23
|inactive|chundee galaxy has 120 seconds left.
|
|t:|1735826227
|move|p1a: Gyarados|Earthquake|p2a: Tentacruel
|-supereffective|p2a: Tentacruel
|-damage|p2a: Tentacruel|0 fnt
|faint|p2a: Tentacruel
|-ability|p1a: Gyarados|Moxie|boost
|-boost|p1a: Gyarados|atk|1
|
|-weather|RainDance|[upkeep]
|upkeep
|inactive|E0 Palourde has 120 seconds left.
|
|t:|1735826259
|switch|p2a: Dragonite|Dragonite, M|17/100
|turn|24
|
|t:|1735826263
|switch|p1a: Scizor|Scizor, F|25/100 brn
|-damage|p1a: Scizor|13/100 brn|[from] Stealth Rock
|-damage|p1a: Scizor|0 fnt|[from] Spikes
|faint|p1a: Scizor
|move|p2a: Dragonite|Roost|p2a: Dragonite
|-heal|p2a: Dragonite|67/100
|-singleturn|p2a: Dragonite|move: Roost
|
|-weather|RainDance|[upkeep]
|upkeep
|
|t:|1735826273
|switch|p1a: Gyarados|Gyarados, F|47/100
|-damage|p1a: Gyarados|23/100|[from] Stealth Rock
|turn|25
|
|t:|1735826278
|move|p2a: Dragonite|Extreme Speed|p1a: Gyarados
|-damage|p1a: Gyarados|0 fnt
|faint|p1a: Gyarados
|
|win|E0 Palourde
|raw|chundee galaxy's rating: 1497 &rarr; <strong>1467</strong><br />(-30 for losing)
|raw|E0 Palourde's rating: 1307 &rarr; <strong>1337</strong><br />(+30 for winning)
|c|☆chundee galaxy|gg
