|j|☆erauogenkl
|j|☆cdrgcde
|t:|1745562744
|gametype|singles
|player|p1|erauogenkl|serena-masters3|1461
|player|p2|cdrgcde|dawn|1460
|teamsize|p1|6
|teamsize|p2|6
|gen|5
|tier|[Gen 5] OU
|rated|
|rule|Species Clause: Limit one of each Pokémon
|rule|OHKO Clause: OHKO moves are banned
|rule|Moody Clause: Moody is banned
|rule|Evasion Items Clause: Evasion items are banned
|rule|Evasion Moves Clause: Evasion moves are banned
|rule|Endless Battle Clause: Forcing endless battles is banned
|rule|HP Percentage Mod: HP is shown in percentages
|rule|Evasion Abilities Clause: Evasion abilities are banned
|rule|Sleep Moves Clause: Sleep-inducing moves are banned
|rule|Swagger Clause: Swagger is banned
|rule|Baton Pass Stat Clause: No Baton Passer may have a way to boost its stats
|clearpoke
|poke|p1|Hippowdon, M|item
|poke|p1|Skarmory, F|item
|poke|p1|Reuniclus, M|item
|poke|p1|Blissey, F|item
|poke|p1|Excadrill, M|item
|poke|p1|Jellicent, F|item
|poke|p2|Skarmory, F|item
|poke|p2|Jellicent, M|item
|poke|p2|Tyranitar, F|item
|poke|p2|Ditto|item
|poke|p2|Latios, M|item
|poke|p2|Alakazam, M|item
|teampreview
|inactive|Battle timer is ON: inactive players will automatically lose when time's up. (requested by cdrgcde)
|
|t:|1745562769
|start
|switch|p1a: Excadrill|Excadrill, M|100/100
|switch|p2a: Skarmory|Skarmory, F|100/100
|turn|1
|j| Grovyleflys
|
|t:|1745562783
|move|p1a: Excadrill|Iron Head|p2a: Skarmory
|-resisted|p2a: Skarmory
|-damage|p2a: Skarmory|81/100
|move|p2a: Skarmory|Stealth Rock|p1a: Excadrill
|-sidestart|p1: erauogenkl|move: Stealth Rock
|
|upkeep
|turn|2
|
|t:|1745562801
|switch|p2a: Jellicent|Jellicent, M|100/100
|move|p1a: Excadrill|Iron Head|p2a: Jellicent
|-resisted|p2a: Jellicent
|-damage|p2a: Jellicent|80/100
|-enditem|p2a: Jellicent|Eject Button
|
|t:|1745562810
|switch|p2a: Latios|Latios, M|100/100
|
|upkeep
|turn|3
|
|t:|1745562824
|switch|p2a: Tyranitar|Tyranitar, F|100/100
|-weather|Sandstorm|[from] ability: Sand Stream|[of] p2a: Tyranitar
|switch|p1a: Blissey|Blissey, F|100/100
|-damage|p1a: Blissey|88/100|[from] Stealth Rock
|
|-weather|Sandstorm|[upkeep]
|-damage|p1a: Blissey|82/100|[from] Sandstorm
|-heal|p1a: Blissey|88/100|[from] item: Leftovers
|upkeep
|turn|4
|
|t:|1745562841
|-activate|p1a: Blissey|move: Pursuit
|move|p2a: Tyranitar|Pursuit|p1a: Blissey|[from] Pursuit
|-damage|p1a: Blissey|51/100
|switch|p1a: Hippowdon|Hippowdon, M|100/100
|-damage|p1a: Hippowdon|94/100|[from] Stealth Rock
|
|-weather|Sandstorm|[upkeep]
|-heal|p1a: Hippowdon|100/100|[from] item: Leftovers
|upkeep
|turn|5
|
|t:|1745562865
|switch|p2a: Skarmory|Skarmory, F|81/100
|move|p1a: Hippowdon|Stealth Rock|p2a: Skarmory
|-sidestart|p2: cdrgcde|move: Stealth Rock
|
|-weather|Sandstorm|[upkeep]
|upkeep
|turn|6
|
|t:|1745562874
|switch|p1a: Excadrill|Excadrill, M|100/100
|-damage|p1a: Excadrill|97/100|[from] Stealth Rock
|move|p2a: Skarmory|Taunt|p1a: Excadrill
|-start|p1a: Excadrill|move: Taunt
|
|-weather|Sandstorm|[upkeep]
|-heal|p1a: Excadrill|100/100|[from] item: Leftovers
|upkeep
|turn|7
|
|t:|1745562886
|move|p1a: Excadrill|Iron Head|p2a: Skarmory
|-resisted|p2a: Skarmory
|-damage|p2a: Skarmory|55/100
|cant|p2a: Skarmory|flinch
|
|-weather|Sandstorm|[upkeep]
|upkeep
|turn|8
|
|t:|1745562894
|move|p1a: Excadrill|Iron Head|p2a: Skarmory
|-resisted|p2a: Skarmory
|-damage|p2a: Skarmory|29/100
|move|p2a: Skarmory|Spikes|p1a: Excadrill
|-sidestart|p1: erauogenkl|Spikes
|
|-weather|Sandstorm|[upkeep]
|-end|p1a: Excadrill|move: Taunt
|upkeep
|turn|9
|
|t:|1745562904
|switch|p2a: Jellicent|Jellicent, M|80/100
|-damage|p2a: Jellicent|68/100|[from] Stealth Rock
|move|p1a: Excadrill|Rapid Spin|p2a: Jellicent
|-immune|p2a: Jellicent
|
|-weather|Sandstorm|[upkeep]
|-damage|p2a: Jellicent|61/100|[from] Sandstorm
|upkeep
|turn|10
|
|t:|1745562919
|move|p1a: Excadrill|Earthquake|p2a: Jellicent
|-damage|p2a: Jellicent|0 fnt
|faint|p2a: Jellicent
|
|-weather|Sandstorm|[upkeep]
|upkeep
|
|t:|1745562925
|switch|p2a: Latios|Latios, M|100/100
|-damage|p2a: Latios|88/100|[from] Stealth Rock
|turn|11
|
|t:|1745562939
|move|p1a: Excadrill|Protect|p1a: Excadrill
|-singleturn|p1a: Excadrill|Protect
|move|p2a: Latios|Calm Mind|p2a: Latios
|-boost|p2a: Latios|spa|1
|-boost|p2a: Latios|spd|1
|
|-weather|Sandstorm|[upkeep]
|-damage|p2a: Latios|82/100|[from] Sandstorm
|upkeep
|turn|12
|
|t:|1745562950
|switch|p1a: Blissey|Blissey, F|51/100
|-damage|p1a: Blissey|39/100|[from] Stealth Rock
|-damage|p1a: Blissey|26/100|[from] Spikes
|move|p2a: Latios|Surf|p1a: Blissey
|-damage|p1a: Blissey|8/100
|
|-weather|Sandstorm|[upkeep]
|-damage|p2a: Latios|76/100|[from] Sandstorm
|-damage|p1a: Blissey|2/100|[from] Sandstorm
|-heal|p1a: Blissey|8/100|[from] item: Leftovers
|upkeep
|turn|13
|
|t:|1745562973
|move|p2a: Latios|Surf|p1a: Blissey
|-damage|p1a: Blissey|0 fnt
|faint|p1a: Blissey
|
|-weather|Sandstorm|[upkeep]
|-damage|p2a: Latios|70/100|[from] Sandstorm
|upkeep
|
|t:|1745562985
|switch|p1a: Jellicent|Jellicent, F|100/100
|-damage|p1a: Jellicent|88/100|[from] Stealth Rock
|-damage|p1a: Jellicent|76/100|[from] Spikes
|turn|14
|
|t:|1745562996
|move|p2a: Latios|Draco Meteor|p1a: Jellicent
|-damage|p1a: Jellicent|0 fnt
|-unboost|p2a: Latios|spa|2
|faint|p1a: Jellicent
|
|-weather|Sandstorm|[upkeep]
|-damage|p2a: Latios|64/100|[from] Sandstorm
|upkeep
|inactive|erauogenkl has 120 seconds left.
|
|t:|1745563023
|switch|p1a: Excadrill|Excadrill, M|100/100
|-damage|p1a: Excadrill|97/100|[from] Stealth Rock
|-damage|p1a: Excadrill|85/100|[from] Spikes
|turn|15
|inactive|cdrgcde has 120 seconds left.
|
|t:|1745563058
|move|p2a: Latios|Surf|p1a: Excadrill
|-supereffective|p1a: Excadrill
|-damage|p1a: Excadrill|26/100
|move|p1a: Excadrill|Rapid Spin|p2a: Latios
|-damage|p2a: Latios|53/100
|-sideend|p1: erauogenkl|Spikes|[from] move: Rapid Spin|[of] p1a: Excadrill
|-sideend|p1: erauogenkl|Stealth Rock|[from] move: Rapid Spin|[of] p1a: Excadrill
|
|-weather|Sandstorm|[upkeep]
|-damage|p2a: Latios|47/100|[from] Sandstorm
|-heal|p1a: Excadrill|32/100|[from] item: Leftovers
|upkeep
|turn|16
|inactive|erauogenkl has 120 seconds left.
|inactive|cdrgcde has 120 seconds left.
|
|t:|1745563077
|switch|p1a: Reuniclus|Reuniclus, M|100/100
|move|p2a: Latios|Recover|p2a: Latios
|-heal|p2a: Latios|98/100
|
|-weather|Sandstorm|[upkeep]
|-damage|p2a: Latios|92/100|[from] Sandstorm
|upkeep
|turn|17
|inactive|erauogenkl has 120 seconds left.
|c|☆erauogenkl|gg
|inactive|cdrgcde has 90 seconds left.
|-message|erauogenkl forfeited.
|
|win|cdrgcde
|raw|erauogenkl's rating: 1461 &rarr; <strong>1441</strong><br />(-20 for losing)
|raw|cdrgcde's rating: 1460 &rarr; <strong>1480</strong><br />(+20 for winning)
|l|☆erauogenkl
|player|p1|
