|j|☆sidalin
|j|☆Salutethewolf
|t:|1745828785
|gametype|singles
|player|p1|sidalin|2|1391
|player|p2|Salutethewolf|hugh|1500
|teamsize|p1|6
|teamsize|p2|6
|gen|5
|tier|[Gen 5] OU
|rated|
|rule|Species Clause: Limit one of each Pokémon
|rule|OHKO Clause: OHKO moves are banned
|rule|Moody Clause: Moody is banned
|rule|Evasion Items Clause: Evasion items are banned
|rule|Evasion Moves Clause: Evasion moves are banned
|rule|Endless Battle Clause: Forcing endless battles is banned
|rule|HP Percentage Mod: HP is shown in percentages
|rule|Evasion Abilities Clause: Evasion abilities are banned
|rule|Sleep Moves Clause: Sleep-inducing moves are banned
|rule|Swagger Clause: Swagger is banned
|rule|Baton Pass Stat Clause: No Baton Passer may have a way to boost its stats
|clearpoke
|poke|p1|Ninetales, M|item
|poke|p1|Infernape, F|item
|poke|p1|Garchomp, M|item
|poke|p1|Excadrill, F|item
|poke|p1|Celebi|item
|poke|p1|Slowbro, F|item
|poke|p2|Bronzong|item
|poke|p2|Porygon2|item
|poke|p2|Rhyperior, F|item
|poke|p2|Hariyama, M|item
|poke|p2|Reuniclus, F|item
|poke|p2|Alakazam, F|item
|teampreview
|inactive|Battle timer is ON: inactive players will automatically lose when time's up. (requested by Salutethewolf)
|
|t:|1745828807
|start
|switch|p1a: Ninetales|Ninetales, M|100/100
|switch|p2a: Bronzong|Bronzong, shiny|100/100
|-weather|SunnyDay|[from] ability: Drought|[of] p1a: Ninetales
|turn|1
|
|t:|1745828815
|move|p1a: Ninetales|Flamethrower|p2a: Bronzong
|-supereffective|p2a: Bronzong
|-enditem|p2a: Bronzong|Occa Berry|[eat]
|-enditem|p2a: Bronzong|Occa Berry|[weaken]
|-damage|p2a: Bronzong|29/100
|move|p2a: Bronzong|Trick Room|p2a: Bronzong
|-fieldstart|move: Trick Room|[of] p2a: Bronzong
|
|-weather|SunnyDay|[upkeep]
|upkeep
|turn|2
|
|t:|1745828824
|switch|p1a: Excadrill|Excadrill, F|100/100
|-ability|p1a: Excadrill|Mold Breaker
|move|p2a: Bronzong|Stealth Rock|p1a: Excadrill
|-sidestart|p1: sidalin|move: Stealth Rock
|
|-weather|SunnyDay|[upkeep]
|upkeep
|turn|3
|
|t:|1745828833
|move|p2a: Bronzong|Explosion|p1a: Excadrill
|-resisted|p1a: Excadrill
|-damage|p1a: Excadrill|70/100
|faint|p2a: Bronzong
|move|p1a: Excadrill|Stealth Rock|p2: Bronzong
|-sidestart|p2: Salutethewolf|move: Stealth Rock
|
|-weather|SunnyDay|[upkeep]
|-heal|p1a: Excadrill|76/100|[from] item: Leftovers
|upkeep
|
|t:|1745828842
|switch|p2a: Rhyperior|Rhyperior, F, shiny|100/100
|-damage|p2a: Rhyperior|94/100|[from] Stealth Rock
|turn|4
|
|t:|1745828846
|switch|p1a: Slowbro|Slowbro, F|100/100
|-damage|p1a: Slowbro|88/100|[from] Stealth Rock
|move|p2a: Rhyperior|Earthquake|p1a: Slowbro
|-damage|p1a: Slowbro|44/100
|-damage|p2a: Rhyperior|84/100|[from] item: Life Orb
|
|-weather|SunnyDay|[upkeep]
|upkeep
|turn|5
|
|t:|1745828856
|switch|p1a: Celebi|Celebi|100/100
|-damage|p1a: Celebi|88/100|[from] Stealth Rock
|move|p2a: Rhyperior|Earthquake|p1a: Celebi
|-resisted|p1a: Celebi
|-damage|p1a: Celebi|51/100
|-damage|p2a: Rhyperior|74/100|[from] item: Life Orb
|
|-weather|SunnyDay|[upkeep]
|-heal|p1a: Celebi|57/100|[from] item: Leftovers
|-fieldend|move: Trick Room
|upkeep
|turn|6
|
|t:|1745828867
|switch|p2a: Porygon2|Porygon2, shiny|100/100
|-damage|p2a: Porygon2|88/100|[from] Stealth Rock
|-ability|p2a: Porygon2|Download|boost
|-boost|p2a: Porygon2|spa|1
|move|p1a: Celebi|Giga Drain|p2a: Porygon2
|-damage|p2a: Porygon2|66/100
|-heal|p1a: Celebi|69/100|[from] drain|[of] p2a: Porygon2
|
|-weather|SunnyDay|[upkeep]
|-heal|p1a: Celebi|75/100|[from] item: Leftovers
|upkeep
|turn|7
|
|t:|1745828879
|move|p1a: Celebi|Giga Drain|p2a: Porygon2
|-damage|p2a: Porygon2|44/100
|-heal|p1a: Celebi|86/100|[from] drain|[of] p2a: Porygon2
|move|p2a: Porygon2|Trick Room|p2a: Porygon2
|-fieldstart|move: Trick Room|[of] p2a: Porygon2
|
|-weather|SunnyDay|[upkeep]
|-heal|p1a: Celebi|92/100|[from] item: Leftovers
|upkeep
|turn|8
|
|t:|1745828889
|switch|p1a: Slowbro|Slowbro, F|78/100
|-damage|p1a: Slowbro|65/100|[from] Stealth Rock
|move|p2a: Porygon2|Tri Attack|p1a: Slowbro
|-damage|p1a: Slowbro|4/100
|
|-weather|SunnyDay|[upkeep]
|upkeep
|turn|9
|
|t:|1745828898
|switch|p1a: Excadrill|Excadrill, F|76/100
|-damage|p1a: Excadrill|73/100|[from] Stealth Rock
|-ability|p1a: Excadrill|Mold Breaker
|move|p2a: Porygon2|Tri Attack|p1a: Excadrill
|-resisted|p1a: Excadrill
|-damage|p1a: Excadrill|48/100
|
|-weather|SunnyDay|[upkeep]
|-heal|p1a: Excadrill|54/100|[from] item: Leftovers
|upkeep
|turn|10
|
|t:|1745828909
|move|p2a: Porygon2|Ice Beam|p1a: Excadrill
|-damage|p1a: Excadrill|15/100
|move|p1a: Excadrill|Rapid Spin|p2a: Porygon2
|-damage|p2a: Porygon2|40/100
|-sideend|p1: sidalin|Stealth Rock|[from] move: Rapid Spin|[of] p1a: Excadrill
|
|-weather|SunnyDay|[upkeep]
|-heal|p1a: Excadrill|21/100|[from] item: Leftovers
|upkeep
|turn|11
|
|t:|1745828918
|switch|p1a: Slowbro|Slowbro, F|37/100
|move|p2a: Porygon2|Ice Beam|p1a: Slowbro
|-resisted|p1a: Slowbro
|-damage|p1a: Slowbro|13/100
|
|-weather|SunnyDay|[upkeep]
|-fieldend|move: Trick Room
|upkeep
|turn|12
|
|t:|1745828928
|move|p1a: Slowbro|Slack Off|p1a: Slowbro
|-heal|p1a: Slowbro|64/100
|move|p2a: Porygon2|Trick Room|p2a: Porygon2
|-fieldstart|move: Trick Room|[of] p2a: Porygon2
|
|-weather|SunnyDay|[upkeep]
|upkeep
|turn|13
|
|t:|1745828934
|switch|p1a: Excadrill|Excadrill, F|21/100
|-ability|p1a: Excadrill|Mold Breaker
|move|p2a: Porygon2|Discharge|p1a: Excadrill
|-immune|p1a: Excadrill
|
|-weather|SunnyDay|[upkeep]
|-heal|p1a: Excadrill|27/100|[from] item: Leftovers
|upkeep
|turn|14
|
|t:|1745828944
|switch|p1a: Ninetales|Ninetales, M|100/100
|move|p2a: Porygon2|Ice Beam|p1a: Ninetales
|-resisted|p1a: Ninetales
|-damage|p1a: Ninetales|71/100
|
|-weather|SunnyDay|[upkeep]
|upkeep
|turn|15
|
|t:|1745828952
|switch|p1a: Excadrill|Excadrill, F|27/100
|-ability|p1a: Excadrill|Mold Breaker
|move|p2a: Porygon2|Tri Attack|p1a: Excadrill
|-resisted|p1a: Excadrill
|-damage|p1a: Excadrill|5/100
|
|-weather|SunnyDay|[upkeep]
|-heal|p1a: Excadrill|11/100|[from] item: Leftovers
|upkeep
|turn|16
|
|t:|1745828963
|move|p2a: Porygon2|Tri Attack|p1a: Excadrill
|-resisted|p1a: Excadrill
|-damage|p1a: Excadrill|0 fnt
|faint|p1a: Excadrill
|
|-weather|SunnyDay|[upkeep]
|-fieldend|move: Trick Room
|upkeep
|
|t:|1745828969
|switch|p1a: Infernape|Infernape, F|100/100
|turn|17
|
|t:|1745828973
|move|p1a: Infernape|Flare Blitz|p2a: Porygon2
|-damage|p2a: Porygon2|0 fnt
|faint|p2a: Porygon2
|-damage|p1a: Infernape|84/100|[from] Recoil
|
|-weather|SunnyDay|[upkeep]
|upkeep
|
|t:|1745828987
|switch|p2a: Alakazam|Alakazam, F, shiny|100/100
|turn|18
|
|t:|1745828992
|switch|p1a: Celebi|Celebi|92/100
|move|p2a: Alakazam|Psychic|p1a: Celebi
|-resisted|p1a: Celebi
|-crit|p1a: Celebi
|-damage|p1a: Celebi|43/100
|
|-weather|SunnyDay|[upkeep]
|-heal|p1a: Celebi|50/100|[from] item: Leftovers
|upkeep
|turn|19
|
|t:|1745829002
|move|p2a: Alakazam|Shadow Ball|p1a: Celebi
|-supereffective|p1a: Celebi
|-damage|p1a: Celebi|0 fnt
|faint|p1a: Celebi
|
|-weather|SunnyDay|[upkeep]
|upkeep
|
|t:|1745829005
|switch|p1a: Garchomp|Garchomp, M|100/100
|turn|20
|
|t:|1745829011
|move|p1a: Garchomp|Earthquake|p2a: Alakazam
|-enditem|p2a: Alakazam|Focus Sash
|-damage|p2a: Alakazam|1/100
|move|p2a: Alakazam|Hidden Power|p1a: Garchomp
|-supereffective|p1a: Garchomp
|-damage|p1a: Garchomp|0 fnt
|faint|p1a: Garchomp
|
|-weather|SunnyDay|[upkeep]
|upkeep
|
|t:|1745829017
|switch|p1a: Slowbro|Slowbro, F|97/100
|turn|21
|
|t:|1745829024
|switch|p1a: Ninetales|Ninetales, M|71/100
|move|p2a: Alakazam|Shadow Ball|p1a: Ninetales
|-damage|p1a: Ninetales|40/100
|
|-weather|SunnyDay|[upkeep]
|upkeep
|turn|22
|
|t:|1745829032
|switch|p1a: Slowbro|Slowbro, F|100/100
|move|p2a: Alakazam|Psychic|p1a: Slowbro
|-resisted|p1a: Slowbro
|-damage|p1a: Slowbro|76/100
|
|-weather|SunnyDay|[upkeep]
|upkeep
|turn|23
|
|t:|1745829040
|move|p2a: Alakazam|Shadow Ball|p1a: Slowbro
|-supereffective|p1a: Slowbro
|-damage|p1a: Slowbro|19/100
|-unboost|p1a: Slowbro|spd|1
|move|p1a: Slowbro|Ice Beam|p2a: Alakazam
|-damage|p2a: Alakazam|0 fnt
|faint|p2a: Alakazam
|
|-weather|SunnyDay|[upkeep]
|upkeep
|
|t:|1745829051
|switch|p2a: Reuniclus|Reuniclus, F, shiny|100/100
|turn|24
|
|t:|1745829054
|move|p1a: Slowbro|Slack Off|p1a: Slowbro
|-heal|p1a: Slowbro|69/100
|move|p2a: Reuniclus|Trick Room|p2a: Reuniclus
|-fieldstart|move: Trick Room|[of] p2a: Reuniclus
|
|-weather|SunnyDay|[upkeep]
|upkeep
|turn|25
|
|t:|1745829061
|switch|p1a: Ninetales|Ninetales, M|40/100
|move|p2a: Reuniclus|Shadow Ball|p1a: Ninetales
|-damage|p1a: Ninetales|0 fnt
|faint|p1a: Ninetales
|
|-weather|SunnyDay|[upkeep]
|upkeep
|
|t:|1745829064
|switch|p1a: Slowbro|Slowbro, F|100/100
|turn|26
|
|t:|1745829072
|move|p2a: Reuniclus|Shadow Ball|p1a: Slowbro
|-supereffective|p1a: Slowbro
|-crit|p1a: Slowbro
|-damage|p1a: Slowbro|0 fnt
|faint|p1a: Slowbro
|
|-weather|SunnyDay|[upkeep]
|upkeep
|
|t:|1745829075
|switch|p1a: Infernape|Infernape, F|84/100
|turn|27
|
|t:|1745829081
|move|p2a: Reuniclus|Psychic|p1a: Infernape
|-supereffective|p1a: Infernape
|-damage|p1a: Infernape|0 fnt
|faint|p1a: Infernape
|
|win|Salutethewolf
|raw|sidalin's rating: 1391 &rarr; <strong>1377</strong><br />(-14 for losing)
|raw|Salutethewolf's rating: 1500 &rarr; <strong>1514</strong><br />(+14 for winning)
|l|☆sidalin
|player|p1|
