|uhtml|medal-msg|<div class="broadcast-blue">Curious what those medals under the avatar are? PS now has Ladder Seasons! For more information, check out the <a href="https://www.smogon.com/forums/threads/3740067/">thread on Smogon.</a></div>
|uhtml|medal-msg|<div class="broadcast-blue">Curious what those medals under the avatar are? PS now has Ladder Seasons! For more information, check out the <a href="https://www.smogon.com/forums/threads/3740067/">thread on Smogon.</a></div>
|j|☆257m
|j|☆Aipomboy
|t:|1712522578
|gametype|singles
|player|p1|257m|juggler|1260
|player|p2|Aipomboy|hilbert|1346
|teamsize|p1|6
|teamsize|p2|6
|gen|5
|tier|[Gen 5] OU
|rated|
|rule|Species Clause: Limit one of each Pokémon
|rule|OHKO Clause: OHKO moves are banned
|rule|Moody Clause: Moody is banned
|rule|Evasion Items Clause: Evasion items are banned
|rule|Evasion Moves Clause: Evasion moves are banned
|rule|Endless Battle Clause: Forcing endless battles is banned
|rule|HP Percentage Mod: HP is shown in percentages
|rule|Evasion Abilities Clause: Evasion abilities are banned
|rule|Sleep Moves Clause: Sleep-inducing moves are banned
|rule|Swagger Clause: Swagger is banned
|rule|Baton Pass Stat Clause: No Baton Passer may have a way to boost its stats
|clearpoke
|poke|p1|Magnezone|item
|poke|p1|Jirachi|item
|poke|p1|Latios, M|item
|poke|p1|Garchomp, F|item
|poke|p1|Dragonite, M|item
|poke|p1|Salamence, M|item
|poke|p2|Politoed, F|item
|poke|p2|Ferrothorn, F|item
|poke|p2|Latios, M|item
|poke|p2|Landorus-Therian, M|item
|poke|p2|Thundurus-Therian, M|item
|poke|p2|Starmie|item
|teampreview
|inactive|Battle timer is ON: inactive players will automatically lose when time's up. (requested by 257m)
|
|t:|1712522596
|start
|switch|p1a: Jirachi|Jirachi|100/100
|switch|p2a: Landorus|Landorus-Therian, M|100/100
|-ability|p2a: Landorus|Intimidate|boost
|-unboost|p1a: Jirachi|atk|1
|turn|1
|
|t:|1712522603
|move|p2a: Landorus|U-turn|p1a: Jirachi
|-damage|p1a: Jirachi|81/100
|
|t:|1712522608
|switch|p2a: Politoed|Politoed, F|100/100|[from] U-turn
|-weather|RainDance|[from] ability: Drizzle|[of] p2a: Politoed
|move|p1a: Jirachi|Icy Wind|p2a: Politoed
|-resisted|p2a: Politoed
|-damage|p2a: Politoed|95/100
|-unboost|p2a: Politoed|spe|1
|
|-weather|RainDance|[upkeep]
|-heal|p1a: Jirachi|87/100|[from] item: Leftovers
|-heal|p2a: Politoed|100/100|[from] item: Leftovers
|upkeep
|turn|2
|
|t:|1712522613
|move|p1a: Jirachi|Stealth Rock|p2a: Politoed
|-sidestart|p2: Aipomboy|move: Stealth Rock
|move|p2a: Politoed|Scald|p1a: Jirachi
|-damage|p1a: Jirachi|63/100
|-status|p1a: Jirachi|brn
|
|-weather|RainDance|[upkeep]
|-heal|p1a: Jirachi|69/100 brn|[from] item: Leftovers
|-damage|p1a: Jirachi|57/100 brn|[from] brn
|upkeep
|turn|3
|
|t:|1712522627
|move|p2a: Politoed|Protect|p2a: Politoed
|-singleturn|p2a: Politoed|Protect
|move|p1a: Jirachi|Thunder|p2a: Politoed
|-activate|p2a: Politoed|move: Protect
|
|-weather|RainDance|[upkeep]
|-heal|p1a: Jirachi|63/100 brn|[from] item: Leftovers
|-damage|p1a: Jirachi|51/100 brn|[from] brn
|upkeep
|turn|4
|
|t:|1712522633
|switch|p2a: Ferrothorn|Ferrothorn, F|100/100
|-damage|p2a: Ferrothorn|94/100|[from] Stealth Rock
|move|p1a: Jirachi|U-turn|p2a: Ferrothorn
|-crit|p2a: Ferrothorn
|-damage|p2a: Ferrothorn|83/100
|-damage|p1a: Jirachi|38/100 brn|[from] ability: Iron Barbs|[of] p2a: Ferrothorn
|
|t:|1712522640
|switch|p1a: Dragonite|Dragonite, M|100/100|[from] U-turn
|
|-weather|RainDance|[upkeep]
|-heal|p2a: Ferrothorn|89/100|[from] item: Leftovers
|upkeep
|turn|5
|
|t:|1712522647
|move|p1a: Dragonite|Substitute|p1a: Dragonite
|-start|p1a: Dragonite|Substitute
|-damage|p1a: Dragonite|76/100
|move|p2a: Ferrothorn|Stealth Rock|p1a: Dragonite
|-sidestart|p1: 257m|move: Stealth Rock
|
|-weather|RainDance|[upkeep]
|-heal|p1a: Dragonite|82/100|[from] item: Leftovers
|-heal|p2a: Ferrothorn|95/100|[from] item: Leftovers
|upkeep
|turn|6
|
|t:|1712522654
|switch|p2a: Politoed|Politoed, F|100/100
|-damage|p2a: Politoed|88/100|[from] Stealth Rock
|move|p1a: Dragonite|Dragon Dance|p1a: Dragonite
|-boost|p1a: Dragonite|atk|1
|-boost|p1a: Dragonite|spe|1
|
|-weather|RainDance|[upkeep]
|-heal|p1a: Dragonite|88/100|[from] item: Leftovers
|-heal|p2a: Politoed|94/100|[from] item: Leftovers
|upkeep
|turn|7
|
|t:|1712522661
|move|p1a: Dragonite|Dragon Dance|p1a: Dragonite
|-boost|p1a: Dragonite|atk|1
|-boost|p1a: Dragonite|spe|1
|move|p2a: Politoed|Encore|p1a: Dragonite
|-start|p1a: Dragonite|Encore
|
|-weather|RainDance|[upkeep]
|-heal|p1a: Dragonite|94/100|[from] item: Leftovers
|-heal|p2a: Politoed|100/100|[from] item: Leftovers
|upkeep
|turn|8
|
|t:|1712522667
|switch|p2a: Starmie|Starmie|100/100
|-damage|p2a: Starmie|88/100|[from] Stealth Rock
|-item|p2a: Starmie|Air Balloon
|move|p1a: Dragonite|Dragon Dance|p1a: Dragonite
|-boost|p1a: Dragonite|atk|1
|-boost|p1a: Dragonite|spe|1
|
|-weather|RainDance|[upkeep]
|-heal|p1a: Dragonite|100/100|[from] item: Leftovers
|upkeep
|turn|9
|
|t:|1712522676
|move|p1a: Dragonite|Dragon Dance|p1a: Dragonite
|-boost|p1a: Dragonite|atk|1
|-boost|p1a: Dragonite|spe|1
|move|p2a: Starmie|Ice Beam|p1a: Dragonite
|-supereffective|p1a: Dragonite
|-end|p1a: Dragonite|Substitute
|
|-weather|RainDance|[upkeep]
|upkeep
|turn|10
|
|t:|1712522682
|move|p1a: Dragonite|Dragon Dance|p1a: Dragonite
|-boost|p1a: Dragonite|atk|1
|-boost|p1a: Dragonite|spe|1
|move|p2a: Starmie|Ice Beam|p1a: Dragonite
|-supereffective|p1a: Dragonite
|-damage|p1a: Dragonite|41/100
|
|-weather|RainDance|[upkeep]
|-heal|p1a: Dragonite|48/100|[from] item: Leftovers
|-end|p1a: Dragonite|Encore
|upkeep
|turn|11
|
|t:|1712522692
|switch|p2a: Ferrothorn|Ferrothorn, F|95/100
|-damage|p2a: Ferrothorn|89/100|[from] Stealth Rock
|move|p1a: Dragonite|Dragon Claw|p2a: Ferrothorn
|-resisted|p2a: Ferrothorn
|-damage|p2a: Ferrothorn|45/100
|-damage|p1a: Dragonite|35/100|[from] ability: Iron Barbs|[of] p2a: Ferrothorn
|
|-weather|RainDance|[upkeep]
|-heal|p1a: Dragonite|41/100|[from] item: Leftovers
|-heal|p2a: Ferrothorn|51/100|[from] item: Leftovers
|upkeep
|turn|12
|
|t:|1712522702
|move|p1a: Dragonite|Substitute|p1a: Dragonite
|-start|p1a: Dragonite|Substitute
|-damage|p1a: Dragonite|17/100
|move|p2a: Ferrothorn|Knock Off|p1a: Dragonite
|-activate|p1a: Dragonite|Substitute|[damage]
|
|-weather|RainDance|[upkeep]
|-heal|p1a: Dragonite|23/100|[from] item: Leftovers
|-heal|p2a: Ferrothorn|57/100|[from] item: Leftovers
|upkeep
|turn|13
|
|t:|1712522711
|switch|p2a: Landorus|Landorus-Therian, M|100/100
|-damage|p2a: Landorus|88/100|[from] Stealth Rock
|-ability|p2a: Landorus|Intimidate|boost
|-immune|p1a: Dragonite
|move|p1a: Dragonite|Roost|p1a: Dragonite
|-heal|p1a: Dragonite|73/100
|-singleturn|p1a: Dragonite|move: Roost
|
|-weather|RainDance|[upkeep]
|-heal|p1a: Dragonite|79/100|[from] item: Leftovers
|upkeep
|turn|14
|
|t:|1712522718
|switch|p2a: Ferrothorn|Ferrothorn, F|57/100
|-damage|p2a: Ferrothorn|51/100|[from] Stealth Rock
|move|p1a: Dragonite|Dragon Claw|p2a: Ferrothorn
|-resisted|p2a: Ferrothorn
|-damage|p2a: Ferrothorn|9/100
|-damage|p1a: Dragonite|67/100|[from] ability: Iron Barbs|[of] p2a: Ferrothorn
|
|-weather|RainDance|[upkeep]
|-heal|p1a: Dragonite|73/100|[from] item: Leftovers
|-heal|p2a: Ferrothorn|15/100|[from] item: Leftovers
|upkeep
|turn|15
|-message|Aipomboy forfeited.
|
|win|257m
|raw|257m's rating: 1260 &rarr; <strong>1291</strong><br />(+31 for winning)
|raw|Aipomboy's rating: 1346 &rarr; <strong>1321</strong><br />(-25 for losing)
|l|☆Aipomboy
|player|p2|
|c|☆257m|gg
