|uhtml|medal-msg|<div class="broadcast-blue">Curious what those medals under the avatar are? PS now has Ladder Seasons! For more information, check out the <a href="https://www.smogon.com/forums/threads/3740067/">thread on Smogon.</a></div>
|uhtml|medal-msg|<div class="broadcast-blue">Curious what those medals under the avatar are? PS now has Ladder Seasons! For more information, check out the <a href="https://www.smogon.com/forums/threads/3740067/">thread on Smogon.</a></div>
|j|☆blossummm
|j|☆bwc free cloy
|t:|1713976649
|gametype|singles
|player|p1|blossummm|bianca|1411
|player|p2|bwc free cloy|morty|1305
|teamsize|p1|6
|teamsize|p2|6
|gen|5
|tier|[Gen 5] OU
|rated|
|rule|Species Clause: Limit one of each Pokémon
|rule|OHKO Clause: OHKO moves are banned
|rule|Moody Clause: Moody is banned
|rule|Evasion Items Clause: Evasion items are banned
|rule|Evasion Moves Clause: Evasion moves are banned
|rule|Endless Battle Clause: Forcing endless battles is banned
|rule|HP Percentage Mod: HP is shown in percentages
|rule|Evasion Abilities Clause: Evasion abilities are banned
|rule|Sleep Moves Clause: Sleep-inducing moves are banned
|rule|Swagger Clause: Swagger is banned
|rule|Baton Pass Stat Clause: No Baton Passer may have a way to boost its stats
|clearpoke
|poke|p1|Tyranitar, F|item
|poke|p1|Alakazam, F|item
|poke|p1|Latios, M|item
|poke|p1|Ferrothorn, F|item
|poke|p1|Keldeo|item
|poke|p1|Landorus-Therian, M|item
|poke|p2|Tyranitar, M|item
|poke|p2|Keldeo|item
|poke|p2|Terrakion|item
|poke|p2|Landorus-Therian, M|item
|poke|p2|Celebi|item
|poke|p2|Excadrill, M|item
|teampreview
|j| zenom the terriblr
|l| zenom the terriblr
|c|☆bwc free cloy|hf
|j| bwc 6 crits
|l| bwc 6 crits
|inactive|Battle timer is ON: inactive players will automatically lose when time's up. (requested by blossummm)
|inactive|blossummm has 120 seconds left.
|inactive|blossummm has 90 seconds left.
|inactive|blossummm has 60 seconds left.
|
|t:|1713976820
|start
|switch|p1a: Alakazam|Alakazam, F|100/100
|switch|p2a: Keldeo|Keldeo|100/100
|turn|1
|
|t:|1713976828
|move|p1a: Alakazam|Grass Knot|p2a: Keldeo
|-supereffective|p2a: Keldeo
|-damage|p2a: Keldeo|42/100
|move|p2a: Keldeo|Scald|p1a: Alakazam
|-damage|p1a: Alakazam|31/100
|
|-heal|p2a: Keldeo|48/100|[from] item: Leftovers
|upkeep
|turn|2
|inactive|blossummm has 120 seconds left.
|
|t:|1713976837
|switch|p2a: Celebi|Celebi|100/100
|move|p1a: Alakazam|Grass Knot|p2a: Celebi
|-resisted|p2a: Celebi
|-damage|p2a: Celebi|98/100
|
|-heal|p2a: Celebi|100/100|[from] item: Leftovers
|upkeep
|turn|3
|inactive|blossummm has 120 seconds left.
|
|t:|1713976859
|move|p1a: Alakazam|Shadow Ball|p2a: Celebi
|-supereffective|p2a: Celebi
|-damage|p2a: Celebi|58/100
|move|p2a: Celebi|Baton Pass|p2a: Celebi
|
|t:|1713976865
|switch|p2a: Tyranitar|Tyranitar, M|100/100|[from] Baton Pass
|-weather|Sandstorm|[from] ability: Sand Stream|[of] p2a: Tyranitar
|
|-weather|Sandstorm|[upkeep]
|upkeep
|turn|4
|inactive|blossummm has 120 seconds left.
|
|t:|1713976881
|move|p1a: Alakazam|Grass Knot|p2a: Tyranitar
|-supereffective|p2a: Tyranitar
|-damage|p2a: Tyranitar|59/100
|move|p2a: Tyranitar|Pursuit|p1a: Alakazam
|-supereffective|p1a: Alakazam
|-damage|p1a: Alakazam|0 fnt
|faint|p1a: Alakazam
|
|-weather|Sandstorm|[upkeep]
|upkeep
|
|t:|1713976903
|switch|p1a: Keldeo|Keldeo|100/100
|turn|5
|
|t:|1713976910
|switch|p2a: Celebi|Celebi|58/100
|move|p1a: Keldeo|Scald|p2a: Celebi
|-resisted|p2a: Celebi
|-damage|p2a: Celebi|45/100
|-status|p2a: Celebi|brn
|
|-weather|Sandstorm|[upkeep]
|-damage|p1a: Keldeo|94/100|[from] Sandstorm
|-damage|p2a: Celebi|39/100 brn|[from] Sandstorm
|-heal|p1a: Keldeo|100/100|[from] item: Leftovers
|-heal|p2a: Celebi|45/100 brn|[from] item: Leftovers
|-damage|p2a: Celebi|33/100 brn|[from] brn
|upkeep
|turn|6
|
|t:|1713976915
|move|p1a: Keldeo|Hidden Power|p2a: Celebi
|-supereffective|p2a: Celebi
|-damage|p2a: Celebi|2/100 brn
|move|p2a: Celebi|Recover|p2a: Celebi
|-heal|p2a: Celebi|52/100 brn
|
|-weather|Sandstorm|[upkeep]
|-damage|p1a: Keldeo|94/100|[from] Sandstorm
|-damage|p2a: Celebi|46/100 brn|[from] Sandstorm
|-heal|p1a: Keldeo|100/100|[from] item: Leftovers
|-heal|p2a: Celebi|52/100 brn|[from] item: Leftovers
|-damage|p2a: Celebi|40/100 brn|[from] brn
|upkeep
|turn|7
|
|t:|1713976921
|move|p1a: Keldeo|Hidden Power|p2a: Celebi
|-supereffective|p2a: Celebi
|-damage|p2a: Celebi|7/100 brn
|move|p2a: Celebi|Recover|p2a: Celebi
|-heal|p2a: Celebi|57/100 brn
|
|-weather|Sandstorm|[upkeep]
|-damage|p1a: Keldeo|94/100|[from] Sandstorm
|-damage|p2a: Celebi|51/100 brn|[from] Sandstorm
|-heal|p1a: Keldeo|100/100|[from] item: Leftovers
|-heal|p2a: Celebi|57/100 brn|[from] item: Leftovers
|-damage|p2a: Celebi|45/100 brn|[from] brn
|upkeep
|turn|8
|
|t:|1713976926
|move|p1a: Keldeo|Hidden Power|p2a: Celebi
|-supereffective|p2a: Celebi
|-damage|p2a: Celebi|16/100 brn
|move|p2a: Celebi|Recover|p2a: Celebi
|-heal|p2a: Celebi|66/100 brn
|
|-weather|Sandstorm|[upkeep]
|-damage|p1a: Keldeo|94/100|[from] Sandstorm
|-damage|p2a: Celebi|59/100 brn|[from] Sandstorm
|-heal|p1a: Keldeo|100/100|[from] item: Leftovers
|-heal|p2a: Celebi|66/100 brn|[from] item: Leftovers
|-damage|p2a: Celebi|53/100 brn|[from] brn
|upkeep
|turn|9
|inactive|blossummm has 120 seconds left.
|
|t:|1713976951
|move|p1a: Keldeo|Hidden Power|p2a: Celebi
|-supereffective|p2a: Celebi
|-damage|p2a: Celebi|25/100 brn
|move|p2a: Celebi|Recover|p2a: Celebi
|-heal|p2a: Celebi|75/100 brn
|
|-weather|Sandstorm|[upkeep]
|-damage|p1a: Keldeo|94/100|[from] Sandstorm
|-damage|p2a: Celebi|68/100 brn|[from] Sandstorm
|-heal|p1a: Keldeo|100/100|[from] item: Leftovers
|-heal|p2a: Celebi|75/100 brn|[from] item: Leftovers
|-damage|p2a: Celebi|62/100 brn|[from] brn
|upkeep
|turn|10
|inactive|blossummm has 90 seconds left.
|
|t:|1713976987
|switch|p1a: Ferrothorn|Ferrothorn, F|100/100
|move|p2a: Celebi|Recover|p2a: Celebi
|-heal|p2a: Celebi|100/100 brn
|
|-weather|Sandstorm|[upkeep]
|-damage|p2a: Celebi|94/100 brn|[from] Sandstorm
|-heal|p2a: Celebi|100/100 brn|[from] item: Leftovers
|-damage|p2a: Celebi|88/100 brn|[from] brn
|upkeep
|turn|11
|
|t:|1713977010
|move|p2a: Celebi|Substitute|p2a: Celebi
|-start|p2a: Celebi|Substitute
|-damage|p2a: Celebi|63/100 brn
|move|p1a: Ferrothorn|Spikes|p2a: Celebi
|-sidestart|p2: bwc free cloy|Spikes
|
|-weather|Sandstorm|[upkeep]
|-damage|p2a: Celebi|57/100 brn|[from] Sandstorm
|-heal|p2a: Celebi|63/100 brn|[from] item: Leftovers
|-damage|p2a: Celebi|51/100 brn|[from] brn
|upkeep
|turn|12
|inactive|blossummm has 90 seconds left.
|
|t:|1713977039
|move|p2a: Celebi|Baton Pass|p2a: Celebi
|
|t:|1713977055
|-curestatus|p2a: Celebi|brn|[from] ability: Natural Cure
|switch|p2a: Landorus|Landorus-Therian, M|100/100|[from] Baton Pass
|-ability|p2a: Landorus|Intimidate|boost
|-unboost|p1a: Ferrothorn|atk|1
|move|p1a: Ferrothorn|Gyro Ball|p2a: Landorus
|-end|p2a: Landorus|Substitute
|
|-weather|Sandstorm|[upkeep]
|upkeep
|turn|13
|
|t:|1713977070
|move|p2a: Landorus|Earthquake|p1a: Ferrothorn
|-damage|p1a: Ferrothorn|68/100
|move|p1a: Ferrothorn|Knock Off|p2a: Landorus
|-damage|p2a: Landorus|97/100
|-enditem|p2a: Landorus|Leftovers|[from] move: Knock Off|[of] p1a: Ferrothorn
|
|-weather|Sandstorm|[upkeep]
|upkeep
|turn|14
|
|t:|1713977080
|switch|p1a: Landorus|Landorus-Therian, M|100/100
|-ability|p1a: Landorus|Intimidate|boost
|-unboost|p2a: Landorus|atk|1
|move|p2a: Landorus|Stealth Rock|p1a: Landorus
|-sidestart|p1: blossummm|move: Stealth Rock
|
|-weather|Sandstorm|[upkeep]
|upkeep
|turn|15
|
|t:|1713977087
|move|p2a: Landorus|Hidden Power|p1a: Landorus
|-supereffective|p1a: Landorus
|-damage|p1a: Landorus|15/100
|move|p1a: Landorus|Hidden Power|p2a: Landorus
|-supereffective|p2a: Landorus
|-damage|p2a: Landorus|16/100
|
|-weather|Sandstorm|[upkeep]
|-heal|p1a: Landorus|21/100|[from] item: Leftovers
|upkeep
|turn|16
|
|t:|1713977099
|move|p1a: Landorus|Hidden Power|p2a: Landorus
|-supereffective|p2a: Landorus
|-crit|p2a: Landorus
|-damage|p2a: Landorus|0 fnt
|faint|p2a: Landorus
|
|-weather|Sandstorm|[upkeep]
|-heal|p1a: Landorus|28/100|[from] item: Leftovers
|upkeep
|
|t:|1713977103
|switch|p2a: Keldeo|Keldeo|48/100
|-damage|p2a: Keldeo|35/100|[from] Spikes
|turn|17
|
|t:|1713977114
|switch|p1a: Keldeo|Keldeo|100/100
|-damage|p1a: Keldeo|94/100|[from] Stealth Rock
|move|p2a: Keldeo|Scald|p1a: Keldeo
|-resisted|p1a: Keldeo
|-damage|p1a: Keldeo|71/100
|-status|p1a: Keldeo|brn
|
|-weather|Sandstorm|[upkeep]
|-damage|p1a: Keldeo|65/100 brn|[from] Sandstorm
|-damage|p2a: Keldeo|29/100|[from] Sandstorm
|-heal|p2a: Keldeo|35/100|[from] item: Leftovers
|-heal|p1a: Keldeo|71/100 brn|[from] item: Leftovers
|-damage|p1a: Keldeo|59/100 brn|[from] brn
|upkeep
|turn|18
|
|t:|1713977132
|move|p2a: Keldeo|Protect|p2a: Keldeo
|-singleturn|p2a: Keldeo|Protect
|move|p1a: Keldeo|Secret Sword|p2a: Keldeo
|-activate|p2a: Keldeo|move: Protect
|
|-weather|Sandstorm|[upkeep]
|-damage|p1a: Keldeo|53/100 brn|[from] Sandstorm
|-damage|p2a: Keldeo|29/100|[from] Sandstorm
|-heal|p1a: Keldeo|59/100 brn|[from] item: Leftovers
|-heal|p2a: Keldeo|35/100|[from] item: Leftovers
|-damage|p1a: Keldeo|47/100 brn|[from] brn
|upkeep
|turn|19
|
|t:|1713977140
|switch|p2a: Celebi|Celebi|51/100
|-damage|p2a: Celebi|38/100|[from] Spikes
|move|p1a: Keldeo|Secret Sword|p2a: Celebi
|-resisted|p2a: Celebi
|-damage|p2a: Celebi|18/100
|
|-weather|Sandstorm|[upkeep]
|-damage|p1a: Keldeo|40/100 brn|[from] Sandstorm
|-damage|p2a: Celebi|12/100|[from] Sandstorm
|-heal|p1a: Keldeo|47/100 brn|[from] item: Leftovers
|-heal|p2a: Celebi|18/100|[from] item: Leftovers
|-damage|p1a: Keldeo|34/100 brn|[from] brn
|upkeep
|turn|20
|
|t:|1713977147
|move|p1a: Keldeo|Hidden Power|p2a: Celebi
|-supereffective|p2a: Celebi
|-damage|p2a: Celebi|0 fnt
|faint|p2a: Celebi
|
|-weather|Sandstorm|[upkeep]
|-damage|p1a: Keldeo|28/100 brn|[from] Sandstorm
|-heal|p1a: Keldeo|34/100 brn|[from] item: Leftovers
|-damage|p1a: Keldeo|22/100 brn|[from] brn
|upkeep
|
|t:|1713977149
|switch|p2a: Keldeo|Keldeo|35/100
|-damage|p2a: Keldeo|23/100|[from] Spikes
|turn|21
|
|t:|1713977153
|move|p2a: Keldeo|Protect|p2a: Keldeo
|-singleturn|p2a: Keldeo|Protect
|move|p1a: Keldeo|Secret Sword|p2a: Keldeo
|-activate|p2a: Keldeo|move: Protect
|
|-weather|Sandstorm|[upkeep]
|-damage|p2a: Keldeo|17/100|[from] Sandstorm
|-damage|p1a: Keldeo|16/100 brn|[from] Sandstorm
|-heal|p1a: Keldeo|22/100 brn|[from] item: Leftovers
|-heal|p2a: Keldeo|23/100|[from] item: Leftovers
|-damage|p1a: Keldeo|9/100 brn|[from] brn
|upkeep
|turn|22
|
|t:|1713977165
|move|p2a: Keldeo|Protect||[still]
|-fail|p2a: Keldeo
|move|p1a: Keldeo|Secret Sword|p2a: Keldeo
|-damage|p2a: Keldeo|0 fnt
|faint|p2a: Keldeo
|
|-weather|Sandstorm|[upkeep]
|-damage|p1a: Keldeo|3/100 brn|[from] Sandstorm
|-heal|p1a: Keldeo|9/100 brn|[from] item: Leftovers
|-damage|p1a: Keldeo|0 fnt|[from] brn
|faint|p1a: Keldeo
|upkeep
|j| bwc 6 crits
|
|t:|1713977188
|switch|p1a: Landorus|Landorus-Therian, M|28/100
|switch|p2a: Terrakion|Terrakion|100/100
|-damage|p2a: Terrakion|88/100|[from] Spikes
|-damage|p1a: Landorus|15/100|[from] Stealth Rock
|-ability|p1a: Landorus|Intimidate|boost
|-unboost|p2a: Terrakion|atk|1
|turn|23
|
|t:|1713977202
|move|p2a: Terrakion|Close Combat|p1a: Landorus
|-resisted|p1a: Landorus
|-damage|p1a: Landorus|0 fnt
|-unboost|p2a: Terrakion|def|1
|-unboost|p2a: Terrakion|spd|1
|faint|p1a: Landorus
|
|-weather|Sandstorm|[upkeep]
|upkeep
|
|t:|1713977210
|switch|p1a: Latios|Latios, M|100/100
|-damage|p1a: Latios|88/100|[from] Stealth Rock
|turn|24
|
|t:|1713977213
|switch|p2a: Excadrill|Excadrill, M|100/100
|-damage|p2a: Excadrill|88/100|[from] Spikes
|move|p1a: Latios|Surf|p2a: Excadrill
|-supereffective|p2a: Excadrill
|-damage|p2a: Excadrill|0 fnt
|faint|p2a: Excadrill
|
|-weather|Sandstorm|[upkeep]
|-damage|p1a: Latios|82/100|[from] Sandstorm
|upkeep
|
|t:|1713977215
|switch|p2a: Tyranitar|Tyranitar, M|59/100
|-damage|p2a: Tyranitar|46/100|[from] Spikes
|turn|25
|
|t:|1713977221
|move|p1a: Latios|Surf|p2a: Tyranitar
|-supereffective|p2a: Tyranitar
|-damage|p2a: Tyranitar|21/100
|move|p2a: Tyranitar|Thunder Wave|p1a: Latios
|-status|p1a: Latios|par
|
|-weather|Sandstorm|[upkeep]
|-damage|p1a: Latios|76/100 par|[from] Sandstorm
|upkeep
|turn|26
|
|t:|1713977230
|-activate|p1a: Latios|move: Pursuit
|move|p2a: Tyranitar|Pursuit|p1a: Latios|[from]Pursuit
|-supereffective|p1a: Latios
|-damage|p1a: Latios|0 fnt
|faint|p1a: Latios
|-hint|A Pokemon can't switch between when it runs out of HP and when it faints
|
|-weather|Sandstorm|[upkeep]
|upkeep
|
|t:|1713977234
|switch|p1a: Ferrothorn|Ferrothorn, F|68/100
|-damage|p1a: Ferrothorn|62/100|[from] Stealth Rock
|turn|27
|
|t:|1713977249
|move|p2a: Tyranitar|Superpower|p1a: Ferrothorn
|-supereffective|p1a: Ferrothorn
|-damage|p1a: Ferrothorn|12/100
|-unboost|p2a: Tyranitar|atk|1
|-unboost|p2a: Tyranitar|def|1
|-damage|p2a: Tyranitar|8/100|[from] ability: Iron Barbs|[of] p1a: Ferrothorn
|move|p1a: Ferrothorn|Gyro Ball|p2a: Tyranitar
|-supereffective|p2a: Tyranitar
|-damage|p2a: Tyranitar|0 fnt
|faint|p2a: Tyranitar
|
|-weather|Sandstorm|[upkeep]
|upkeep
|
|t:|1713977251
|switch|p2a: Terrakion|Terrakion|88/100
|-damage|p2a: Terrakion|76/100|[from] Spikes
|turn|28
|
|t:|1713977260
|move|p2a: Terrakion|Close Combat|p1a: Ferrothorn
|-supereffective|p1a: Ferrothorn
|-damage|p1a: Ferrothorn|0 fnt
|-unboost|p2a: Terrakion|def|1
|-unboost|p2a: Terrakion|spd|1
|-damage|p2a: Terrakion|63/100|[from] ability: Iron Barbs|[of] p1a: Ferrothorn
|faint|p1a: Ferrothorn
|
|-weather|Sandstorm|[upkeep]
|upkeep
|
|t:|1713977265
|switch|p1a: Tyranitar|Tyranitar, F, shiny|100/100
|-damage|p1a: Tyranitar|88/100|[from] Stealth Rock
|turn|29
|
|t:|1713977272
|move|p2a: Terrakion|Close Combat|p1a: Tyranitar
|-supereffective|p1a: Tyranitar
|-enditem|p1a: Tyranitar|Chople Berry|[eat]
|-enditem|p1a: Tyranitar|Chople Berry|[weaken]
|-damage|p1a: Tyranitar|0 fnt
|-unboost|p2a: Terrakion|def|1
|-unboost|p2a: Terrakion|spd|1
|faint|p1a: Tyranitar
|
|win|bwc free cloy
|raw|blossummm's rating: 1411 &rarr; <strong>1385</strong><br />(-26 for losing)
|raw|bwc free cloy's rating: 1305 &rarr; <strong>1331</strong><br />(+26 for winning)
