|j|☆phosphor
|j|☆Darkortex
|t:|1724834781
|gametype|singles
|player|p1|phosphor|#phosphor|1412
|player|p2|Darkortex|hilbert|1601
|teamsize|p1|6
|teamsize|p2|6
|gen|5
|tier|[Gen 5] OU
|rated|
|rule|Species Clause: Limit one of each Pokémon
|rule|OHKO Clause: OHKO moves are banned
|rule|Moody Clause: Moody is banned
|rule|Evasion Items Clause: Evasion items are banned
|rule|Evasion Moves Clause: Evasion moves are banned
|rule|Endless Battle Clause: Forcing endless battles is banned
|rule|HP Percentage Mod: HP is shown in percentages
|rule|Evasion Abilities Clause: Evasion abilities are banned
|rule|Sleep Moves Clause: Sleep-inducing moves are banned
|rule|Swagger Clause: Swagger is banned
|rule|Baton Pass Stat Clause: No Baton Passer may have a way to boost its stats
|clearpoke
|poke|p1|Skarmory, F|item
|poke|p1|Tyranitar, M|item
|poke|p1|Celebi|item
|poke|p1|Heatran, F|item
|poke|p1|Garchomp, F|item
|poke|p1|Gengar, M|item
|poke|p2|Politoed, F|item
|poke|p2|Ferrothorn, F|item
|poke|p2|Tentacruel, M|item
|poke|p2|Latios, M|item
|poke|p2|Suicune|item
|poke|p2|Thundurus-Therian, M|item
|teampreview
|inactive|Battle timer is ON: inactive players will automatically lose when time's up. (requested by Darkortex)
|c|☆phosphor|Gl hf
|
|t:|1724834803
|start
|switch|p1a: Skarmory|Skarmory, F|100/100
|switch|p2a: Tentacruel|Tentacruel, M|100/100
|turn|1
|
|t:|1724834808
|move|p2a: Tentacruel|Scald|p1a: Skarmory
|-damage|p1a: Skarmory|60/100
|-status|p1a: Skarmory|brn
|move|p1a: Skarmory|Stealth Rock|p2a: Tentacruel
|-sidestart|p2: Darkortex|move: Stealth Rock
|
|-damage|p1a: Skarmory|47/100 brn|[from] brn
|upkeep
|turn|2
|
|t:|1724834815
|switch|p1a: Gengar|Gengar, M|100/100
|move|p2a: Tentacruel|Scald|p1a: Gengar
|-damage|p1a: Gengar|61/100
|
|upkeep
|turn|3
|
|t:|1724834819
|move|p2a: Tentacruel|Protect|p2a: Tentacruel
|-singleturn|p2a: Tentacruel|Protect
|move|p1a: Gengar|Thunder|p2a: Tentacruel
|-activate|p2a: Tentacruel|move: Protect
|
|upkeep
|turn|4
|
|t:|1724834824
|switch|p2a: Ferrothorn|Ferrothorn, F|100/100
|-damage|p2a: Ferrothorn|94/100|[from] Stealth Rock
|move|p1a: Gengar|Thunder|p2a: Ferrothorn|[miss]
|-miss|p1a: Gengar|p2a: Ferrothorn
|
|-heal|p2a: Ferrothorn|100/100|[from] item: Leftovers
|upkeep
|turn|5
|
|t:|1724834830
|switch|p1a: Celebi|Celebi|100/100
|move|p2a: Ferrothorn|Stealth Rock|p1a: Celebi
|-sidestart|p1: phosphor|move: Stealth Rock
|
|upkeep
|turn|6
|
|t:|1724834834
|move|p1a: Celebi|Nasty Plot|p1a: Celebi
|-boost|p1a: Celebi|spa|2
|move|p2a: Ferrothorn|Spikes|p1a: Celebi
|-sidestart|p1: phosphor|Spikes
|
|upkeep
|turn|7
|
|t:|1724834837
|move|p1a: Celebi|Hidden Power|p2a: Ferrothorn
|-supereffective|p2a: Ferrothorn
|-damage|p2a: Ferrothorn|0 fnt
|faint|p2a: Ferrothorn
|
|upkeep
|
|t:|1724834839
|switch|p2a: Latios|Latios, M|100/100
|-damage|p2a: Latios|88/100|[from] Stealth Rock
|turn|8
|
|t:|1724834845
|switch|p1a: Skarmory|Skarmory, F|47/100 brn
|-damage|p1a: Skarmory|35/100 brn|[from] Stealth Rock
|move|p2a: Latios|Trick|p1a: Skarmory
|-activate|p2a: Latios|move: Trick|[of] p1a: Skarmory
|-item|p1a: Skarmory|Choice Scarf|[from] move: Trick
|-item|p2a: Latios|Custap Berry|[from] move: Trick
|
|-damage|p1a: Skarmory|22/100 brn|[from] brn
|upkeep
|turn|9
|
|t:|1724834851
|switch|p2a: Tentacruel|Tentacruel, M|100/100
|-damage|p2a: Tentacruel|88/100|[from] Stealth Rock
|move|p1a: Skarmory|Brave Bird|p2a: Tentacruel
|-damage|p2a: Tentacruel|60/100
|-damage|p1a: Skarmory|10/100 brn|[from] Recoil
|
|-heal|p2a: Tentacruel|66/100|[from] item: Black Sludge
|-damage|p1a: Skarmory|0 fnt|[from] brn
|faint|p1a: Skarmory
|upkeep
|
|t:|1724834862
|switch|p1a: Gengar|Gengar, M|61/100
|-damage|p1a: Gengar|49/100|[from] Stealth Rock
|turn|10
|
|t:|1724834865
|move|p2a: Tentacruel|Protect|p2a: Tentacruel
|-singleturn|p2a: Tentacruel|Protect
|move|p1a: Gengar|Shadow Ball|p2a: Tentacruel
|-activate|p2a: Tentacruel|move: Protect
|
|-heal|p2a: Tentacruel|72/100|[from] item: Black Sludge
|upkeep
|turn|11
|
|t:|1724834870
|move|p1a: Gengar|Shadow Ball|p2a: Tentacruel
|-damage|p2a: Tentacruel|30/100
|-damage|p1a: Gengar|39/100|[from] item: Life Orb
|move|p2a: Tentacruel|Scald|p1a: Gengar
|-damage|p1a: Gengar|0 fnt
|faint|p1a: Gengar
|
|-heal|p2a: Tentacruel|36/100|[from] item: Black Sludge
|upkeep
|
|t:|1724834877
|switch|p1a: Tyranitar|Tyranitar, M|100/100
|-damage|p1a: Tyranitar|88/100|[from] Stealth Rock
|-damage|p1a: Tyranitar|76/100|[from] Spikes
|-weather|Sandstorm|[from] ability: Sand Stream|[of] p1a: Tyranitar
|turn|12
|
|t:|1724834883
|switch|p2a: Politoed|Politoed, F|100/100
|-damage|p2a: Politoed|88/100|[from] Stealth Rock
|-weather|RainDance|[from] ability: Drizzle|[of] p2a: Politoed
|move|p1a: Tyranitar|Crunch|p2a: Politoed
|-damage|p2a: Politoed|47/100
|
|-weather|RainDance|[upkeep]
|-heal|p2a: Politoed|54/100|[from] item: Leftovers
|upkeep
|turn|13
|
|t:|1724834890
|switch|p1a: Celebi|Celebi|100/100
|-damage|p1a: Celebi|88/100|[from] Stealth Rock
|-damage|p1a: Celebi|76/100|[from] Spikes
|move|p2a: Politoed|Scald|p1a: Celebi
|-resisted|p1a: Celebi
|-damage|p1a: Celebi|59/100
|
|-weather|RainDance|[upkeep]
|-heal|p1a: Celebi|66/100|[from] item: Leftovers
|-heal|p2a: Politoed|60/100|[from] item: Leftovers
|upkeep
|turn|14
|
|t:|1724834897
|move|p1a: Celebi|Giga Drain|p2a: Politoed
|-supereffective|p2a: Politoed
|-damage|p2a: Politoed|9/100
|-heal|p1a: Celebi|92/100|[from] drain|[of] p2a: Politoed
|move|p2a: Politoed|Encore|p1a: Celebi
|-start|p1a: Celebi|Encore
|
|-weather|RainDance|[upkeep]
|-heal|p1a: Celebi|98/100|[from] item: Leftovers
|-heal|p2a: Politoed|16/100|[from] item: Leftovers
|upkeep
|turn|15
|
|t:|1724834906
|switch|p2a: Thundurus|Thundurus-Therian, M|100/100
|-damage|p2a: Thundurus|76/100|[from] Stealth Rock
|move|p1a: Celebi|Giga Drain|p2a: Thundurus
|-resisted|p2a: Thundurus
|-crit|p2a: Thundurus
|-damage|p2a: Thundurus|35/100
|-heal|p1a: Celebi|100/100|[from] drain|[of] p2a: Thundurus
|
|-weather|RainDance|[upkeep]
|-heal|p2a: Thundurus|41/100|[from] item: Leftovers
|upkeep
|turn|16
|
|t:|1724834911
|switch|p1a: Garchomp|Garchomp, F|100/100
|-damage|p1a: Garchomp|94/100|[from] Stealth Rock
|-damage|p1a: Garchomp|82/100|[from] Spikes
|move|p2a: Thundurus|Agility|p2a: Thundurus
|-boost|p2a: Thundurus|spe|2
|
|-weather|RainDance|[upkeep]
|-heal|p2a: Thundurus|47/100|[from] item: Leftovers
|upkeep
|turn|17
|
|t:|1724834915
|move|p2a: Thundurus|Hidden Power|p1a: Garchomp
|-supereffective|p1a: Garchomp
|-enditem|p1a: Garchomp|Yache Berry|[eat]
|-enditem|p1a: Garchomp|Yache Berry|[weaken]
|-damage|p1a: Garchomp|19/100
|move|p1a: Garchomp|Outrage|p2a: Thundurus
|-damage|p2a: Thundurus|0 fnt
|faint|p2a: Thundurus
|
|-weather|RainDance|[upkeep]
|upkeep
|
|t:|1724834921
|switch|p2a: Latios|Latios, M|88/100
|-damage|p2a: Latios|76/100|[from] Stealth Rock
|turn|18
|
|t:|1724834926
|move|p2a: Latios|Surf|p1a: Garchomp
|-damage|p1a: Garchomp|0 fnt
|faint|p1a: Garchomp
|
|-weather|RainDance|[upkeep]
|upkeep
|
|t:|1724834928
|switch|p1a: Tyranitar|Tyranitar, M|76/100
|-damage|p1a: Tyranitar|64/100|[from] Stealth Rock
|-damage|p1a: Tyranitar|51/100|[from] Spikes
|-weather|Sandstorm|[from] ability: Sand Stream|[of] p1a: Tyranitar
|turn|19
|
|t:|1724834933
|switch|p2a: Politoed|Politoed, F|16/100
|-damage|p2a: Politoed|3/100|[from] Stealth Rock
|-weather|RainDance|[from] ability: Drizzle|[of] p2a: Politoed
|move|p1a: Tyranitar|Crunch|p2a: Politoed
|-damage|p2a: Politoed|0 fnt
|faint|p2a: Politoed
|
|-weather|RainDance|[upkeep]
|upkeep
|
|t:|1724834935
|switch|p2a: Suicune|Suicune|100/100
|-damage|p2a: Suicune|88/100|[from] Stealth Rock
|-ability|p2a: Suicune|Pressure
|turn|20
|
|t:|1724834939
|switch|p1a: Celebi|Celebi|100/100
|-damage|p1a: Celebi|88/100|[from] Stealth Rock
|-damage|p1a: Celebi|76/100|[from] Spikes
|move|p2a: Suicune|Substitute|p2a: Suicune
|-start|p2a: Suicune|Substitute
|-damage|p2a: Suicune|63/100
|
|-weather|RainDance|[upkeep]
|-heal|p2a: Suicune|69/100|[from] item: Leftovers
|-heal|p1a: Celebi|82/100|[from] item: Leftovers
|upkeep
|turn|21
|
|t:|1724834942
|move|p2a: Suicune|Calm Mind|p2a: Suicune
|-boost|p2a: Suicune|spa|1
|-boost|p2a: Suicune|spd|1
|move|p1a: Celebi|Nasty Plot|p1a: Celebi
|-boost|p1a: Celebi|spa|2
|
|-weather|RainDance|[upkeep]
|-heal|p2a: Suicune|75/100|[from] item: Leftovers
|-heal|p1a: Celebi|88/100|[from] item: Leftovers
|upkeep
|turn|22
|
|t:|1724834951
|move|p2a: Suicune|Protect|p2a: Suicune
|-singleturn|p2a: Suicune|Protect
|move|p1a: Celebi|Nasty Plot|p1a: Celebi
|-boost|p1a: Celebi|spa|2
|
|-weather|RainDance|[upkeep]
|-heal|p2a: Suicune|82/100|[from] item: Leftovers
|-heal|p1a: Celebi|94/100|[from] item: Leftovers
|upkeep
|turn|23
|
|t:|1724834955
|move|p2a: Suicune|Calm Mind|p2a: Suicune
|-boost|p2a: Suicune|spa|1
|-boost|p2a: Suicune|spd|1
|move|p1a: Celebi|Giga Drain|p2a: Suicune
|-supereffective|p2a: Suicune
|-end|p2a: Suicune|Substitute
|-heal|p1a: Celebi|100/100|[from] drain|[of] p2a: Suicune
|
|-weather|RainDance|[upkeep]
|-heal|p2a: Suicune|88/100|[from] item: Leftovers
|upkeep
|turn|24
|
|t:|1724834961
|move|p2a: Suicune|Protect|p2a: Suicune
|-singleturn|p2a: Suicune|Protect
|move|p1a: Celebi|Giga Drain|p2a: Suicune
|-activate|p2a: Suicune|move: Protect
|
|-weather|RainDance|[upkeep]
|-heal|p2a: Suicune|94/100|[from] item: Leftovers
|upkeep
|turn|25
|
|t:|1724834964
|move|p2a: Suicune|Substitute|p2a: Suicune
|-start|p2a: Suicune|Substitute
|-damage|p2a: Suicune|69/100
|move|p1a: Celebi|Giga Drain|p2a: Suicune
|-supereffective|p2a: Suicune
|-end|p2a: Suicune|Substitute
|
|-weather|RainDance|[upkeep]
|-heal|p2a: Suicune|75/100|[from] item: Leftovers
|upkeep
|turn|26
|
|t:|1724834969
|move|p2a: Suicune|Substitute|p2a: Suicune
|-start|p2a: Suicune|Substitute
|-damage|p2a: Suicune|50/100
|move|p1a: Celebi|Psychic|p2a: Suicune
|-end|p2a: Suicune|Substitute
|
|-weather|RainDance|[upkeep]
|-heal|p2a: Suicune|56/100|[from] item: Leftovers
|upkeep
|turn|27
|
|t:|1724834973
|move|p2a: Suicune|Protect|p2a: Suicune
|-singleturn|p2a: Suicune|Protect
|move|p1a: Celebi|Nasty Plot|p1a: Celebi
|-boost|p1a: Celebi|spa|2
|
|-weather|RainDance|[upkeep]
|-heal|p2a: Suicune|63/100|[from] item: Leftovers
|upkeep
|turn|28
|
|t:|1724834978
|move|p2a: Suicune|Substitute|p2a: Suicune
|-start|p2a: Suicune|Substitute
|-damage|p2a: Suicune|38/100
|move|p1a: Celebi|Psychic|p2a: Suicune
|-end|p2a: Suicune|Substitute
|
|-weather|RainDance|[upkeep]
|-heal|p2a: Suicune|44/100|[from] item: Leftovers
|upkeep
|turn|29
|
|t:|1724834984
|move|p2a: Suicune|Protect|p2a: Suicune
|-singleturn|p2a: Suicune|Protect
|move|p1a: Celebi|Psychic|p2a: Suicune
|-activate|p2a: Suicune|move: Protect
|
|-weather|RainDance|[upkeep]
|-heal|p2a: Suicune|50/100|[from] item: Leftovers
|upkeep
|turn|30
|
|t:|1724834990
|move|p2a: Suicune|Substitute|p2a: Suicune
|-start|p2a: Suicune|Substitute
|-damage|p2a: Suicune|25/100
|move|p1a: Celebi|Psychic|p2a: Suicune
|-end|p2a: Suicune|Substitute
|
|-weather|RainDance|[upkeep]
|-heal|p2a: Suicune|31/100|[from] item: Leftovers
|upkeep
|turn|31
|
|t:|1724834996
|move|p2a: Suicune|Calm Mind|p2a: Suicune
|-boost|p2a: Suicune|spa|1
|-boost|p2a: Suicune|spd|1
|move|p1a: Celebi|Giga Drain|p2a: Suicune
|-supereffective|p2a: Suicune
|-damage|p2a: Suicune|0 fnt
|faint|p2a: Suicune
|
|-weather|RainDance|[upkeep]
|upkeep
|
|t:|1724835001
|switch|p2a: Latios|Latios, M|76/100
|-damage|p2a: Latios|64/100|[from] Stealth Rock
|turn|32
|
|t:|1724835005
|move|p2a: Latios|Draco Meteor|p1a: Celebi
|-damage|p1a: Celebi|36/100
|-unboost|p2a: Latios|spa|2
|move|p1a: Celebi|Psychic|p2a: Latios
|-resisted|p2a: Latios
|-damage|p2a: Latios|0 fnt
|faint|p2a: Latios
|
|-weather|RainDance|[upkeep]
|-heal|p1a: Celebi|43/100|[from] item: Leftovers
|upkeep
|
|t:|1724835010
|switch|p2a: Tentacruel|Tentacruel, M|36/100
|-damage|p2a: Tentacruel|24/100|[from] Stealth Rock
|turn|33
|
|t:|1724835012
|move|p2a: Tentacruel|Scald|p1a: Celebi
|-resisted|p1a: Celebi
|-damage|p1a: Celebi|26/100
|move|p1a: Celebi|Psychic|p2a: Tentacruel
|-supereffective|p2a: Tentacruel
|-damage|p2a: Tentacruel|0 fnt
|faint|p2a: Tentacruel
|
|win|phosphor
|raw|phosphor's rating: 1412 &rarr; <strong>1442</strong><br />(+30 for winning)
|raw|Darkortex's rating: 1601 &rarr; <strong>1571</strong><br />(-30 for losing)
|c|☆phosphor|Gg
|l|☆Darkortex
|player|p2|
