|j|☆Tandad
|j|☆ksksjsnsn
|t:|1730644971
|gametype|singles
|player|p1|Tandad|tuber|1332
|player|p2|ksksjsnsn|policeman-gen4|1397
|teamsize|p1|6
|teamsize|p2|6
|gen|5
|tier|[Gen 5] OU
|rated|
|rule|Species Clause: Limit one of each Pokémon
|rule|OHKO Clause: OHKO moves are banned
|rule|Moody Clause: Moody is banned
|rule|Evasion Items Clause: Evasion items are banned
|rule|Evasion Moves Clause: Evasion moves are banned
|rule|Endless Battle Clause: Forcing endless battles is banned
|rule|HP Percentage Mod: HP is shown in percentages
|rule|Evasion Abilities Clause: Evasion abilities are banned
|rule|Sleep Moves Clause: Sleep-inducing moves are banned
|rule|Swagger Clause: Swagger is banned
|rule|Baton Pass Stat Clause: No Baton Passer may have a way to boost its stats
|clearpoke
|poke|p1|Raikou|item
|poke|p1|Whimsicott, M|item
|poke|p1|Conkeldurr, M|item
|poke|p1|Tentacruel, M|item
|poke|p1|Mamoswine, F|item
|poke|p1|Tornadus, M|item
|poke|p2|Bronzong|item
|poke|p2|Conkeldurr, F|item
|poke|p2|Reuniclus, M|item
|poke|p2|Scizor, M|item
|poke|p2|Garchomp, F|item
|poke|p2|Dragonite, M|item
|teampreview
|j| SKT T1 Motherfaker
|
|t:|1730644989
|start
|switch|p1a: Raikou|Raikou, shiny|100/100
|switch|p2a: Dragonite|Dragonite, M|100/100
|-ability|p1a: Raikou|Pressure
|turn|1
|
|t:|1730644993
|move|p1a: Raikou|Hidden Power|p2a: Dragonite
|-supereffective|p2a: Dragonite
|-damage|p2a: Dragonite|44/100
|move|p2a: Dragonite|Draco Meteor|p1a: Raikou
|-damage|p1a: Raikou|0 fnt
|-unboost|p2a: Dragonite|spa|2
|faint|p1a: Raikou
|-damage|p2a: Dragonite|34/100|[from] item: Life Orb
|
|upkeep
|inactive|Battle timer is ON: inactive players will automatically lose when time's up. (requested by ksksjsnsn)
|
|t:|1730645014
|switch|p1a: Whimsicott|Whimsicott, M, shiny|100/100
|turn|2
|
|t:|1730645022
|move|p2a: Dragonite|Extreme Speed|p1a: Whimsicott
|-damage|p1a: Whimsicott|61/100
|-damage|p2a: Dragonite|24/100|[from] item: Life Orb
|move|p1a: Whimsicott|Switcheroo|p2a: Dragonite
|-activate|p1a: Whimsicott|move: Trick|[of] p2a: Dragonite
|-item|p2a: Dragonite|Choice Band|[from] move: Switcheroo
|-item|p1a: Whimsicott|Life Orb|[from] move: Switcheroo
|
|upkeep
|turn|3
|
|t:|1730645031
|move|p2a: Dragonite|Extreme Speed|p1a: Whimsicott
|-damage|p1a: Whimsicott|20/100
|move|p1a: Whimsicott|Stun Spore|p2a: Dragonite
|-status|p2a: Dragonite|par
|
|upkeep
|turn|4
|
|t:|1730645037
|switch|p1a: Conkeldurr|Conkeldurr, M|100/100
|move|p2a: Dragonite|Extreme Speed|p1a: Conkeldurr
|-damage|p1a: Conkeldurr|70/100
|
|-heal|p1a: Conkeldurr|76/100|[from] item: Leftovers
|upkeep
|turn|5
|
|t:|1730645042
|move|p2a: Dragonite|Extreme Speed|p1a: Conkeldurr
|-damage|p1a: Conkeldurr|44/100
|move|p1a: Conkeldurr|Ice Punch|p2a: Dragonite
|-supereffective|p2a: Dragonite
|-damage|p2a: Dragonite|0 fnt
|faint|p2a: Dragonite
|
|-heal|p1a: Conkeldurr|50/100|[from] item: Leftovers
|upkeep
|
|t:|1730645054
|switch|p2a: Bronzong|Bronzong|100/100
|turn|6
|
|t:|1730645061
|move|p1a: Conkeldurr|Drain Punch|p2a: Bronzong
|-damage|p2a: Bronzong|60/100
|-heal|p1a: Conkeldurr|67/100|[from] drain|[of] p2a: Bronzong
|move|p2a: Bronzong|Stealth Rock|p1a: Conkeldurr
|-sidestart|p1: Tandad|move: Stealth Rock
|
|-heal|p1a: Conkeldurr|73/100|[from] item: Leftovers
|upkeep
|turn|7
|
|t:|1730645077
|move|p1a: Conkeldurr|Drain Punch|p2a: Bronzong
|-damage|p2a: Bronzong|20/100
|-heal|p1a: Conkeldurr|89/100|[from] drain|[of] p2a: Bronzong
|move|p2a: Bronzong|Trick Room|p2a: Bronzong
|-fieldstart|move: Trick Room|[of] p2a: Bronzong
|
|-heal|p1a: Conkeldurr|95/100|[from] item: Leftovers
|upkeep
|turn|8
|
|t:|1730645088
|move|p1a: Conkeldurr|Mach Punch|p2a: Bronzong
|-damage|p2a: Bronzong|0 fnt
|faint|p2a: Bronzong
|
|-heal|p1a: Conkeldurr|100/100|[from] item: Leftovers
|upkeep
|
|t:|1730645091
|switch|p2a: Reuniclus|Reuniclus, M|100/100
|turn|9
|
|t:|1730645105
|switch|p1a: Tentacruel|Tentacruel, M|100/100
|-damage|p1a: Tentacruel|88/100|[from] Stealth Rock
|move|p2a: Reuniclus|Psyshock|p1a: Tentacruel
|-supereffective|p1a: Tentacruel
|-crit|p1a: Tentacruel
|-damage|p1a: Tentacruel|0 fnt
|faint|p1a: Tentacruel
|
|upkeep
|
|t:|1730645110
|switch|p1a: Tornadus|Tornadus, M, shiny|100/100
|-damage|p1a: Tornadus|76/100|[from] Stealth Rock
|turn|10
|
|t:|1730645113
|move|p2a: Reuniclus|Psyshock|p1a: Tornadus
|-damage|p1a: Tornadus|8/100
|-enditem|p1a: Tornadus|Sitrus Berry|[eat]
|-heal|p1a: Tornadus|33/100|[from] item: Sitrus Berry
|move|p1a: Tornadus|Acrobatics|p2a: Reuniclus
|-damage|p2a: Reuniclus|50/100
|
|upkeep
|turn|11
|
|t:|1730645118
|move|p2a: Reuniclus|Psyshock|p1a: Tornadus
|-damage|p1a: Tornadus|0 fnt
|faint|p1a: Tornadus
|
|-fieldend|move: Trick Room
|upkeep
|
|t:|1730645121
|switch|p1a: Whimsicott|Whimsicott, M, shiny|20/100
|-damage|p1a: Whimsicott|8/100|[from] Stealth Rock
|turn|12
|
|t:|1730645135
|switch|p2a: Conkeldurr|Conkeldurr, F|100/100
|move|p1a: Whimsicott|Endeavor|p2a: Conkeldurr
|-damage|p2a: Conkeldurr|7/100
|-damage|p1a: Whimsicott|0 fnt|[from] item: Life Orb
|faint|p1a: Whimsicott
|
|upkeep
|
|t:|1730645152
|switch|p1a: Conkeldurr|Conkeldurr, M|100/100
|-damage|p1a: Conkeldurr|94/100|[from] Stealth Rock
|turn|13
|
|t:|1730645157
|move|p2a: Conkeldurr|Mach Punch|p1a: Conkeldurr
|-damage|p1a: Conkeldurr|62/100
|-damage|p2a: Conkeldurr|0 fnt|[from] item: Life Orb
|faint|p2a: Conkeldurr
|move|p1a: Conkeldurr|Mach Punch|p2: Conkeldurr|[notarget]
|-fail|p1a: Conkeldurr
|
|-heal|p1a: Conkeldurr|68/100|[from] item: Leftovers
|upkeep
|
|t:|1730645165
|switch|p2a: Garchomp|Garchomp, F|100/100
|turn|14
|
|t:|1730645168
|move|p2a: Garchomp|Outrage|p1a: Conkeldurr
|-damage|p1a: Conkeldurr|0 fnt
|faint|p1a: Conkeldurr
|
|upkeep
|
|t:|1730645171
|switch|p1a: Mamoswine|Mamoswine, F|100/100
|-damage|p1a: Mamoswine|88/100|[from] Stealth Rock
|turn|15
|
|t:|1730645172
|move|p1a: Mamoswine|Ice Shard|p2a: Garchomp
|-supereffective|p2a: Garchomp
|-damage|p2a: Garchomp|0 fnt
|faint|p2a: Garchomp
|-damage|p1a: Mamoswine|78/100|[from] item: Life Orb
|
|upkeep
|
|t:|1730645175
|switch|p2a: Scizor|Scizor, M|100/100
|turn|16
|
|t:|1730645178
|move|p2a: Scizor|Bullet Punch|p1a: Mamoswine
|-supereffective|p1a: Mamoswine
|-damage|p1a: Mamoswine|6/100
|-damage|p2a: Scizor|91/100|[from] item: Life Orb
|move|p1a: Mamoswine|Earthquake|p2a: Scizor
|-damage|p2a: Scizor|0 fnt
|faint|p2a: Scizor
|-damage|p1a: Mamoswine|0 fnt|[from] item: Life Orb
|faint|p1a: Mamoswine
|
|win|ksksjsnsn
|raw|Tandad's rating: 1332 &rarr; <strong>1316</strong><br />(-16 for losing)
|raw|ksksjsnsn's rating: 1397 &rarr; <strong>1413</strong><br />(+16 for winning)
|l|☆ksksjsnsn
|player|p2|
