|j|☆KKapas
|j|☆porrompompom
|player|p1|KKapas|24
|player|p2|porrompompom|10
|teamsize|p1|6
|teamsize|p2|6
|gametype|singles
|gen|5
|tier|[Gen 5] OU
|rated|
|rule|Sleep Clause Mod: Limit one foe put to sleep
|rule|Species Clause: Limit one of each Pokémon
|rule|OHKO Clause: OHKO moves are banned
|rule|Moody Clause: Moody is banned
|rule|Evasion Moves Clause: Evasion moves are banned
|rule|Endless Battle Clause: Forcing endless battles is banned
|rule|HP Percentage Mod: HP is shown in percentages
|rule|Evasion Abilities Clause: Evasion abilities are banned
|rule|Baton Pass Clause: Limit one Baton Passer, can't pass Spe and other stats simultaneously
|rule|Swagger Clause: Swagger is banned
|clearpoke
|poke|p1|Feraligatr, M|item
|poke|p1|Garchomp, M|item
|poke|p1|Jirachi|item
|poke|p1|Politoed, F|item
|poke|p1|Amoonguss, F|item
|poke|p1|Landorus-Therian, M|item
|poke|p2|Starmie|item
|poke|p2|Volcarona, F|item
|poke|p2|Jirachi|item
|poke|p2|Terrakion|item
|poke|p2|Breloom, M|item
|poke|p2|Dragonite, F|item
|teampreview
|
|start
|switch|p1a: Jirachi|Jirachi|100/100
|switch|p2a: Breloom|Breloom, M|100/100
|turn|1
|
|switch|p2a: Jirachi|Jirachi|100/100
|move|p1a: Jirachi|U-turn|p2a: Jirachi
|-damage|p2a: Jirachi|81/100
|
|switch|p1a: Amoonguss|Amoonguss, F|100/100
|
|upkeep
|turn|2
|
|switch|p1a: Landorus|Landorus-Therian, M|100/100
|-ability|p1a: Landorus|Intimidate|boost
|-unboost|p2a: Jirachi|atk|1
|move|p2a: Jirachi|Iron Head|p1a: Landorus
|-crit|p1a: Landorus
|-damage|p1a: Landorus|51/100
|
|-heal|p1a: Landorus|57/100|[from] item: Leftovers
|upkeep
|turn|3
|
|switch|p2a: Starmie|Starmie|100/100
|move|p1a: Landorus|Stealth Rock|p2a: Starmie
|-sidestart|p2: porrompompom|move: Stealth Rock
|
|-heal|p1a: Landorus|63/100|[from] item: Leftovers
|upkeep
|turn|4
|
|switch|p1a: Amoonguss|Amoonguss, F|100/100
|move|p2a: Starmie|Rapid Spin|p1a: Amoonguss
|-damage|p1a: Amoonguss|96/100
|-sideend|p2: porrompompom|Stealth Rock|[from] move: Rapid Spin|[of] p2a: Starmie
|-damage|p2a: Starmie|91/100|[from] item: Life Orb
|
|-heal|p1a: Amoonguss|100/100|[from] item: Black Sludge
|upkeep
|turn|5
|
|switch|p2a: Jirachi|Jirachi|81/100
|move|p1a: Amoonguss|Spore|p2a: Jirachi
|-status|p2a: Jirachi|slp
|
|upkeep
|turn|6
|
|switch|p2a: Terrakion|Terrakion|100/100
|move|p1a: Amoonguss|Stun Spore|p2a: Terrakion
|-status|p2a: Terrakion|par
|
|upkeep
|turn|7
|
|switch|p1a: Landorus|Landorus-Therian, M|63/100
|-ability|p1a: Landorus|Intimidate|boost
|-unboost|p2a: Terrakion|atk|1
|move|p2a: Terrakion|Stealth Rock|p1a: Landorus
|-sidestart|p1: KKapas|move: Stealth Rock
|
|-heal|p1a: Landorus|69/100|[from] item: Leftovers
|upkeep
|turn|8
|
|switch|p2a: Starmie|Starmie|91/100
|move|p1a: Landorus|U-turn|p2a: Starmie
|-supereffective|p2a: Starmie
|-damage|p2a: Starmie|29/100
|
|switch|p1a: Jirachi|Jirachi|100/100
|-damage|p1a: Jirachi|94/100|[from] Stealth Rock
|
|upkeep
|turn|9
|
|switch|p2a: Terrakion|Terrakion|100/100 par
|move|p1a: Jirachi|U-turn|p2a: Terrakion
|-resisted|p2a: Terrakion
|-damage|p2a: Terrakion|90/100 par
|
|switch|p1a: Landorus|Landorus-Therian, M|69/100
|-damage|p1a: Landorus|57/100|[from] Stealth Rock
|-ability|p1a: Landorus|Intimidate|boost
|-unboost|p2a: Terrakion|atk|1
|
|-heal|p1a: Landorus|63/100|[from] item: Leftovers
|upkeep
|turn|10
|
|switch|p2a: Starmie|Starmie|29/100
|move|p1a: Landorus|Earthquake|p2a: Starmie
|-damage|p2a: Starmie|0 fnt
|faint|p2a: Starmie
|
|-heal|p1a: Landorus|69/100|[from] item: Leftovers
|upkeep
|
|switch|p2a: Breloom|Breloom, M|100/100
|turn|11
|
|switch|p1a: Politoed|Politoed, F|100/100
|-damage|p1a: Politoed|88/100|[from] Stealth Rock
|-weather|RainDance|[from] ability: Drizzle|[of] p1a: Politoed
|move|p2a: Breloom|Spore|p1a: Politoed
|-status|p1a: Politoed|slp
|
|-weather|RainDance|[upkeep]
|upkeep
|turn|12
|
|switch|p2a: Dragonite|Dragonite, F|100/100
|switch|p1a: Amoonguss|Amoonguss, F|100/100
|-damage|p1a: Amoonguss|88/100|[from] Stealth Rock
|
|-weather|RainDance|[upkeep]
|-heal|p1a: Amoonguss|94/100|[from] item: Black Sludge
|upkeep
|turn|13
|
|move|p2a: Dragonite|Dragon Dance|p2a: Dragonite
|-boost|p2a: Dragonite|atk|1
|-boost|p2a: Dragonite|spe|1
|move|p1a: Amoonguss|Hidden Power|p2a: Dragonite
|-supereffective|p2a: Dragonite
|-damage|p2a: Dragonite|70/100
|
|-weather|RainDance|[upkeep]
|-heal|p1a: Amoonguss|99/100|[from] item: Black Sludge
|upkeep
|turn|14
|
|switch|p1a: Landorus|Landorus-Therian, M|69/100
|-damage|p1a: Landorus|56/100|[from] Stealth Rock
|-ability|p1a: Landorus|Intimidate|boost
|-unboost|p2a: Dragonite|atk|1
|move|p2a: Dragonite|Outrage|p1a: Landorus
|-damage|p1a: Landorus|7/100
|
|-weather|RainDance|[upkeep]
|-heal|p1a: Landorus|13/100|[from] item: Leftovers
|upkeep
|turn|15
|
|move|p2a: Dragonite|Outrage|p1a: Landorus|[from]lockedmove
|-damage|p1a: Landorus|0 fnt
|faint|p1a: Landorus
|
|-weather|RainDance|[upkeep]
|upkeep
|
|switch|p1a: Jirachi|Jirachi|94/100
|-damage|p1a: Jirachi|88/100|[from] Stealth Rock
|turn|16
|
|move|p1a: Jirachi|Ice Punch|p2a: Dragonite
|-supereffective|p2a: Dragonite
|-damage|p2a: Dragonite|0 fnt
|faint|p2a: Dragonite
|
|-weather|RainDance|[upkeep]
|upkeep
|
|switch|p2a: Volcarona|Volcarona, F|100/100
|turn|17
|
|switch|p1a: Garchomp|Garchomp, M|100/100
|-damage|p1a: Garchomp|94/100|[from] Stealth Rock
|move|p2a: Volcarona|Quiver Dance|p2a: Volcarona
|-boost|p2a: Volcarona|spa|1
|-boost|p2a: Volcarona|spd|1
|-boost|p2a: Volcarona|spe|1
|
|-weather|RainDance|[upkeep]
|upkeep
|turn|18
|
|move|p2a: Volcarona|Bug Buzz|p1a: Garchomp
|-damage|p1a: Garchomp|0 fnt
|-damage|p2a: Volcarona|91/100|[from] item: Life Orb
|faint|p1a: Garchomp
|
|-weather|RainDance|[upkeep]
|upkeep
|inactive|Battle timer is ON: inactive players will automatically lose when time's up. (requested by porrompompom)
|
|switch|p1a: Feraligatr|Feraligatr, M|100/100
|-damage|p1a: Feraligatr|88/100|[from] Stealth Rock
|turn|19
|
|move|p1a: Feraligatr|Aqua Jet|p2a: Volcarona
|-supereffective|p2a: Volcarona
|-damage|p2a: Volcarona|0 fnt
|faint|p2a: Volcarona
|
|-weather|RainDance|[upkeep]
|upkeep
|-message|porrompompom forfeited.
|
|win|KKapas
|l|☆porrompompom
|raw|KKapas's rating: 1299 &rarr; <strong>1336</strong><br />(+37 for winning)
|raw|porrompompom's rating: 1483 &rarr; <strong>1453</strong><br />(-30 for losing)
