|j|☆574RM4N
|j|☆dice
|t:|1722837676
|gametype|singles
|player|p1|574RM4N|iris-gen5bw2|1440
|player|p2|dice|#wcop2024usmidwest|1517
|teamsize|p1|6
|teamsize|p2|6
|gen|5
|tier|[Gen 5] OU
|rated|
|rule|Species Clause: Limit one of each Pokémon
|rule|OHKO Clause: OHKO moves are banned
|rule|Moody Clause: Moody is banned
|rule|Evasion Items Clause: Evasion items are banned
|rule|Evasion Moves Clause: Evasion moves are banned
|rule|Endless Battle Clause: Forcing endless battles is banned
|rule|HP Percentage Mod: HP is shown in percentages
|rule|Evasion Abilities Clause: Evasion abilities are banned
|rule|Sleep Moves Clause: Sleep-inducing moves are banned
|rule|Swagger Clause: Swagger is banned
|rule|Baton Pass Stat Clause: No Baton Passer may have a way to boost its stats
|clearpoke
|poke|p1|Breloom, M|item
|poke|p1|Alakazam, M|item
|poke|p1|Jellicent, F|item
|poke|p1|Skarmory, M|item
|poke|p1|Jirachi|item
|poke|p1|Garchomp, M|item
|poke|p2|Tyranitar, F|item
|poke|p2|Seismitoad, M|item
|poke|p2|Slowbro, F|item
|poke|p2|Salamence, F|item
|poke|p2|Magnezone|item
|poke|p2|Excadrill, M|item
|teampreview
|c|☆574RM4N|hf
|inactive|Battle timer is ON: inactive players will automatically lose when time's up. (requested by dice)
|inactive|574RM4N has 120 seconds left.
|
|t:|1722837758
|start
|switch|p1a: Skarmory|Skarmory, M|100/100
|switch|p2a: Magnezone|Magnezone|100/100
|turn|1
|
|t:|1722837764
|move|p2a: Magnezone|Volt Switch|p1a: Skarmory
|-supereffective|p1a: Skarmory
|-ability|p1a: Skarmory|Sturdy
|-damage|p1a: Skarmory|1/100
|
|t:|1722837768
|switch|p2a: Excadrill|Excadrill, M|100/100|[from] Volt Switch
|move|p1a: Skarmory|Stealth Rock|p2a: Excadrill
|-sidestart|p2: dice|move: Stealth Rock
|
|upkeep
|turn|2
|
|t:|1722837783
|switch|p1a: Jellicent|Jellicent, F|100/100
|-item|p1a: Jellicent|Air Balloon
|move|p2a: Excadrill|Rapid Spin|p1a: Jellicent
|-immune|p1a: Jellicent
|
|upkeep
|turn|3
|
|t:|1722837792
|switch|p2a: Magnezone|Magnezone|100/100
|-damage|p2a: Magnezone|94/100|[from] Stealth Rock
|move|p1a: Jellicent|Will-O-Wisp|p2a: Magnezone|[miss]
|-miss|p1a: Jellicent|p2a: Magnezone
|
|upkeep
|turn|4
|
|t:|1722837801
|switch|p1a: Garchomp|Garchomp, M|100/100
|move|p2a: Magnezone|Flash Cannon|p1a: Garchomp
|-damage|p1a: Garchomp|52/100
|
|upkeep
|turn|5
|
|t:|1722837812
|switch|p1a: Skarmory|Skarmory, M|1/100
|move|p2a: Magnezone|Flash Cannon|p1a: Skarmory
|-resisted|p1a: Skarmory
|-damage|p1a: Skarmory|0 fnt
|faint|p1a: Skarmory
|
|upkeep
|inactive|574RM4N has 120 seconds left.
|
|t:|1722837840
|switch|p1a: Jellicent|Jellicent, F|100/100
|-item|p1a: Jellicent|Air Balloon
|turn|6
|
|t:|1722837853
|switch|p2a: Slowbro|Slowbro, F|100/100
|-damage|p2a: Slowbro|88/100|[from] Stealth Rock
|move|p1a: Jellicent|Will-O-Wisp|p2a: Slowbro
|-status|p2a: Slowbro|brn
|
|-heal|p2a: Slowbro|94/100 brn|[from] item: Leftovers
|-damage|p2a: Slowbro|82/100 brn|[from] brn
|upkeep
|turn|7
|
|t:|1722837858
|move|p1a: Jellicent|Taunt|p2a: Slowbro
|-start|p2a: Slowbro|move: Taunt
|move|p2a: Slowbro|Ice Beam|p1a: Jellicent
|-resisted|p1a: Jellicent
|-damage|p1a: Jellicent|92/100
|-enditem|p1a: Jellicent|Air Balloon
|
|-heal|p2a: Slowbro|88/100 brn|[from] item: Leftovers
|-damage|p2a: Slowbro|75/100 brn|[from] brn
|upkeep
|turn|8
|
|t:|1722837870
|move|p1a: Jellicent|Will-O-Wisp|p2a: Slowbro|[miss]
|-miss|p1a: Jellicent|p2a: Slowbro
|move|p2a: Slowbro|Ice Beam|p1a: Jellicent
|-resisted|p1a: Jellicent
|-damage|p1a: Jellicent|83/100
|
|-heal|p2a: Slowbro|81/100 brn|[from] item: Leftovers
|-damage|p2a: Slowbro|69/100 brn|[from] brn
|upkeep
|turn|9
|
|t:|1722837877
|move|p1a: Jellicent|Will-O-Wisp|p2a: Slowbro
|-fail|p2a: Slowbro|brn
|move|p2a: Slowbro|Ice Beam|p1a: Jellicent
|-resisted|p1a: Jellicent
|-damage|p1a: Jellicent|74/100
|
|-heal|p2a: Slowbro|75/100 brn|[from] item: Leftovers
|-damage|p2a: Slowbro|63/100 brn|[from] brn
|-end|p2a: Slowbro|move: Taunt
|upkeep
|turn|10
|
|t:|1722837883
|switch|p2a: Magnezone|Magnezone|94/100
|-damage|p2a: Magnezone|88/100|[from] Stealth Rock
|move|p1a: Jellicent|Will-O-Wisp|p2a: Magnezone
|-status|p2a: Magnezone|brn
|
|-damage|p2a: Magnezone|76/100 brn|[from] brn
|upkeep
|turn|11
|
|t:|1722837888
|switch|p1a: Garchomp|Garchomp, M|52/100
|move|p2a: Magnezone|Toxic|p1a: Garchomp|[miss]
|-miss|p2a: Magnezone|p1a: Garchomp
|
|-damage|p2a: Magnezone|63/100 brn|[from] brn
|upkeep
|turn|12
|
|t:|1722837900
|switch|p2a: Slowbro|Slowbro, F|96/100 brn
|-damage|p2a: Slowbro|83/100 brn|[from] Stealth Rock
|move|p1a: Garchomp|Earthquake|p2a: Slowbro
|-damage|p2a: Slowbro|50/100 brn
|
|-heal|p2a: Slowbro|56/100 brn|[from] item: Leftovers
|-damage|p2a: Slowbro|44/100 brn|[from] brn
|upkeep
|turn|13
|
|t:|1722837923
|switch|p1a: Jellicent|Jellicent, F|74/100
|move|p2a: Slowbro|Thunder Wave|p1a: Jellicent
|-status|p1a: Jellicent|par
|
|-heal|p2a: Slowbro|50/100 brn|[from] item: Leftovers
|-damage|p2a: Slowbro|37/100 brn|[from] brn
|upkeep
|turn|14
|
|t:|1722837940
|switch|p2a: Tyranitar|Tyranitar, F|100/100
|-damage|p2a: Tyranitar|88/100|[from] Stealth Rock
|-weather|Sandstorm|[from] ability: Sand Stream|[of] p2a: Tyranitar
|move|p1a: Jellicent|Recover|p1a: Jellicent
|-heal|p1a: Jellicent|100/100 par
|
|-weather|Sandstorm|[upkeep]
|-damage|p1a: Jellicent|94/100 par|[from] Sandstorm
|upkeep
|turn|15
|
|t:|1722837945
|move|p2a: Tyranitar|Crunch|p1a: Jellicent
|-supereffective|p1a: Jellicent
|-damage|p1a: Jellicent|24/100 par
|move|p1a: Jellicent|Will-O-Wisp|p2a: Tyranitar
|-status|p2a: Tyranitar|brn
|
|-weather|Sandstorm|[upkeep]
|-damage|p1a: Jellicent|18/100 par|[from] Sandstorm
|-damage|p2a: Tyranitar|76/100 brn|[from] brn
|upkeep
|turn|16
|
|t:|1722837953
|-activate|p1a: Jellicent|move: Pursuit
|move|p2a: Tyranitar|Pursuit|p1a: Jellicent|[from]Pursuit
|-supereffective|p1a: Jellicent
|-damage|p1a: Jellicent|0 fnt
|faint|p1a: Jellicent
|-hint|A Pokemon can't switch between when it runs out of HP and when it faints
|
|-weather|Sandstorm|[upkeep]
|-damage|p2a: Tyranitar|63/100 brn|[from] brn
|upkeep
|
|t:|1722837971
|switch|p1a: Breloom|Breloom, M|100/100
|turn|17
|
|t:|1722837977
|move|p1a: Breloom|Low Sweep|p2a: Tyranitar
|-supereffective|p2a: Tyranitar
|-enditem|p2a: Tyranitar|Chople Berry|[eat]
|-enditem|p2a: Tyranitar|Chople Berry|[weaken]
|-damage|p2a: Tyranitar|0 fnt
|faint|p2a: Tyranitar
|-damage|p1a: Breloom|91/100|[from] item: Life Orb
|
|-weather|Sandstorm|[upkeep]
|-damage|p1a: Breloom|84/100|[from] Sandstorm
|upkeep
|
|t:|1722837986
|switch|p2a: Salamence|Salamence, F|100/100
|-damage|p2a: Salamence|76/100|[from] Stealth Rock
|turn|18
|
|t:|1722837998
|switch|p2a: Excadrill|Excadrill, M|100/100
|-damage|p2a: Excadrill|98/100|[from] Stealth Rock
|switch|p1a: Jirachi|Jirachi|100/100
|
|-weather|Sandstorm|[upkeep]
|-heal|p2a: Excadrill|100/100|[from] item: Leftovers
|upkeep
|turn|19
|
|t:|1722838005
|move|p1a: Jirachi|Fire Punch|p2a: Excadrill
|-supereffective|p2a: Excadrill
|-damage|p2a: Excadrill|55/100
|move|p2a: Excadrill|Rapid Spin|p1a: Jirachi
|-resisted|p1a: Jirachi
|-damage|p1a: Jirachi|98/100
|-sideend|p2: dice|Stealth Rock|[from] move: Rapid Spin|[of] p2a: Excadrill
|
|-weather|Sandstorm|[upkeep]
|-heal|p1a: Jirachi|100/100|[from] item: Leftovers
|-heal|p2a: Excadrill|61/100|[from] item: Leftovers
|upkeep
|turn|20
|
|t:|1722838020
|switch|p1a: Breloom|Breloom, M|84/100
|move|p2a: Excadrill|Earthquake|p1a: Breloom
|-resisted|p1a: Breloom
|-damage|p1a: Breloom|35/100
|
|-weather|Sandstorm|[upkeep]
|-damage|p1a: Breloom|29/100|[from] Sandstorm
|-heal|p2a: Excadrill|67/100|[from] item: Leftovers
|upkeep
|turn|21
|
|t:|1722838029
|switch|p2a: Slowbro|Slowbro, F|71/100 brn
|move|p1a: Breloom|Bullet Seed|p2a: Slowbro
|-supereffective|p2a: Slowbro
|-damage|p2a: Slowbro|40/100 brn
|-supereffective|p2a: Slowbro
|-damage|p2a: Slowbro|6/100 brn
|-supereffective|p2a: Slowbro
|-damage|p2a: Slowbro|0 fnt
|faint|p2a: Slowbro
|-hitcount|p2: Slowbro|3
|-damage|p1a: Breloom|19/100|[from] item: Life Orb
|
|-weather|Sandstorm|[upkeep]
|-damage|p1a: Breloom|13/100|[from] Sandstorm
|upkeep
|
|t:|1722838034
|switch|p2a: Salamence|Salamence, F|76/100
|turn|22
|
|t:|1722838045
|move|p1a: Breloom|Mach Punch|p2a: Salamence
|-resisted|p2a: Salamence
|-damage|p2a: Salamence|50/100
|-damage|p1a: Breloom|3/100|[from] item: Life Orb
|move|p2a: Salamence|Dragon Claw|p1a: Breloom
|-damage|p1a: Breloom|0 fnt
|faint|p1a: Breloom
|-ability|p2a: Salamence|Moxie|boost
|-boost|p2a: Salamence|atk|1
|
|-weather|Sandstorm|[upkeep]
|-damage|p2a: Salamence|44/100|[from] Sandstorm
|upkeep
|
|t:|1722838057
|switch|p1a: Jirachi|Jirachi|100/100
|turn|23
|
|t:|1722838064
|switch|p2a: Excadrill|Excadrill, M|67/100
|move|p1a: Jirachi|Fire Punch|p2a: Excadrill
|-supereffective|p2a: Excadrill
|-damage|p2a: Excadrill|20/100
|
|-weather|Sandstorm|[upkeep]
|-heal|p2a: Excadrill|26/100|[from] item: Leftovers
|upkeep
|turn|24
|
|t:|1722838069
|move|p1a: Jirachi|Fire Punch|p2a: Excadrill
|-supereffective|p2a: Excadrill
|-damage|p2a: Excadrill|0 fnt
|faint|p2a: Excadrill
|
|-weather|Sandstorm|[upkeep]
|upkeep
|
|t:|1722838072
|switch|p2a: Seismitoad|Seismitoad, M|100/100
|turn|25
|
|t:|1722838075
|move|p1a: Jirachi|Substitute|p1a: Jirachi
|-start|p1a: Jirachi|Substitute
|-damage|p1a: Jirachi|76/100
|move|p2a: Seismitoad|Scald|p1a: Jirachi
|-activate|p1a: Jirachi|Substitute|[damage]
|
|-weather|Sandstorm|[upkeep]
|-heal|p1a: Jirachi|82/100|[from] item: Leftovers
|upkeep
|turn|26
|
|t:|1722838079
|move|p1a: Jirachi|Fire Punch|p2a: Seismitoad
|-resisted|p2a: Seismitoad
|-damage|p2a: Seismitoad|94/100
|move|p2a: Seismitoad|Scald|p1a: Jirachi
|-end|p1a: Jirachi|Substitute
|
|-weather|Sandstorm|[upkeep]
|-heal|p1a: Jirachi|88/100|[from] item: Leftovers
|-heal|p2a: Seismitoad|99/100|[from] item: Leftovers
|upkeep
|turn|27
|
|t:|1722838084
|move|p1a: Jirachi|Substitute|p1a: Jirachi
|-start|p1a: Jirachi|Substitute
|-damage|p1a: Jirachi|63/100
|move|p2a: Seismitoad|Scald|p1a: Jirachi
|-activate|p1a: Jirachi|Substitute|[damage]
|
|-weather|Sandstorm|[upkeep]
|-heal|p1a: Jirachi|69/100|[from] item: Leftovers
|-heal|p2a: Seismitoad|100/100|[from] item: Leftovers
|upkeep
|turn|28
|
|t:|1722838088
|move|p1a: Jirachi|Fire Punch|p2a: Seismitoad
|-resisted|p2a: Seismitoad
|-damage|p2a: Seismitoad|94/100
|move|p2a: Seismitoad|Scald|p1a: Jirachi
|-end|p1a: Jirachi|Substitute
|
|-weather|Sandstorm|[upkeep]
|-heal|p1a: Jirachi|75/100|[from] item: Leftovers
|-heal|p2a: Seismitoad|100/100|[from] item: Leftovers
|upkeep
|turn|29
|
|t:|1722838094
|move|p1a: Jirachi|Substitute|p1a: Jirachi
|-start|p1a: Jirachi|Substitute
|-damage|p1a: Jirachi|51/100
|move|p2a: Seismitoad|Scald|p1a: Jirachi
|-activate|p1a: Jirachi|Substitute|[damage]
|
|-weather|Sandstorm|[upkeep]
|-heal|p1a: Jirachi|57/100|[from] item: Leftovers
|upkeep
|turn|30
|
|t:|1722838099
|move|p1a: Jirachi|Fire Punch|p2a: Seismitoad
|-resisted|p2a: Seismitoad
|-damage|p2a: Seismitoad|94/100
|-status|p2a: Seismitoad|brn
|move|p2a: Seismitoad|Scald|p1a: Jirachi
|-end|p1a: Jirachi|Substitute
|
|-weather|Sandstorm|[upkeep]
|-heal|p1a: Jirachi|63/100|[from] item: Leftovers
|-heal|p2a: Seismitoad|99/100 brn|[from] item: Leftovers
|-damage|p2a: Seismitoad|87/100 brn|[from] brn
|upkeep
|turn|31
|
|t:|1722838105
|move|p1a: Jirachi|Iron Head|p2a: Seismitoad
|-resisted|p2a: Seismitoad
|-damage|p2a: Seismitoad|77/100 brn
|move|p2a: Seismitoad|Refresh|p2a: Seismitoad
|-curestatus|p2a: Seismitoad|brn|[msg]
|
|-weather|Sandstorm|[upkeep]
|-heal|p1a: Jirachi|69/100|[from] item: Leftovers
|-heal|p2a: Seismitoad|83/100|[from] item: Leftovers
|upkeep
|turn|32
|inactive|574RM4N has 120 seconds left.
|
|t:|1722838143
|move|p1a: Jirachi|Iron Head|p2a: Seismitoad
|-resisted|p2a: Seismitoad
|-damage|p2a: Seismitoad|73/100
|cant|p2a: Seismitoad|flinch
|
|-weather|Sandstorm|[upkeep]
|-heal|p1a: Jirachi|75/100|[from] item: Leftovers
|-heal|p2a: Seismitoad|79/100|[from] item: Leftovers
|upkeep
|turn|33
|
|t:|1722838155
|move|p1a: Jirachi|Substitute|p1a: Jirachi
|-start|p1a: Jirachi|Substitute
|-damage|p1a: Jirachi|50/100
|move|p2a: Seismitoad|Scald|p1a: Jirachi
|-activate|p1a: Jirachi|Substitute|[damage]
|
|-weather|Sandstorm|[upkeep]
|-heal|p1a: Jirachi|57/100|[from] item: Leftovers
|-heal|p2a: Seismitoad|85/100|[from] item: Leftovers
|upkeep
|turn|34
|
|t:|1722838158
|move|p1a: Jirachi|Iron Head|p2a: Seismitoad
|-resisted|p2a: Seismitoad
|-damage|p2a: Seismitoad|75/100
|cant|p2a: Seismitoad|flinch
|
|-weather|Sandstorm|[upkeep]
|-heal|p1a: Jirachi|63/100|[from] item: Leftovers
|-heal|p2a: Seismitoad|81/100|[from] item: Leftovers
|upkeep
|turn|35
|
|t:|1722838164
|move|p1a: Jirachi|Iron Head|p2a: Seismitoad
|-resisted|p2a: Seismitoad
|-damage|p2a: Seismitoad|70/100
|cant|p2a: Seismitoad|flinch
|
|-weather|Sandstorm|[upkeep]
|-heal|p1a: Jirachi|69/100|[from] item: Leftovers
|-heal|p2a: Seismitoad|76/100|[from] item: Leftovers
|upkeep
|turn|36
|
|t:|1722838169
|move|p1a: Jirachi|Iron Head|p2a: Seismitoad
|-resisted|p2a: Seismitoad
|-damage|p2a: Seismitoad|65/100
|move|p2a: Seismitoad|Scald|p1a: Jirachi
|-end|p1a: Jirachi|Substitute
|
|-weather|Sandstorm|[upkeep]
|-heal|p1a: Jirachi|75/100|[from] item: Leftovers
|-heal|p2a: Seismitoad|71/100|[from] item: Leftovers
|upkeep
|turn|37
|
|t:|1722838179
|move|p1a: Jirachi|Substitute|p1a: Jirachi
|-start|p1a: Jirachi|Substitute
|-damage|p1a: Jirachi|50/100
|move|p2a: Seismitoad|Scald|p1a: Jirachi
|-activate|p1a: Jirachi|Substitute|[damage]
|
|-weather|Sandstorm|[upkeep]
|-heal|p1a: Jirachi|56/100|[from] item: Leftovers
|-heal|p2a: Seismitoad|77/100|[from] item: Leftovers
|upkeep
|turn|38
|
|t:|1722838182
|move|p1a: Jirachi|Iron Head|p2a: Seismitoad
|-resisted|p2a: Seismitoad
|-damage|p2a: Seismitoad|66/100
|move|p2a: Seismitoad|Scald|p1a: Jirachi
|-end|p1a: Jirachi|Substitute
|
|-weather|Sandstorm|[upkeep]
|-heal|p1a: Jirachi|62/100|[from] item: Leftovers
|-heal|p2a: Seismitoad|72/100|[from] item: Leftovers
|upkeep
|turn|39
|
|t:|1722838188
|move|p1a: Jirachi|Substitute|p1a: Jirachi
|-start|p1a: Jirachi|Substitute
|-damage|p1a: Jirachi|38/100
|move|p2a: Seismitoad|Scald|p1a: Jirachi
|-activate|p1a: Jirachi|Substitute|[damage]
|
|-weather|Sandstorm|[upkeep]
|-heal|p1a: Jirachi|44/100|[from] item: Leftovers
|-heal|p2a: Seismitoad|78/100|[from] item: Leftovers
|upkeep
|turn|40
|
|t:|1722838191
|move|p1a: Jirachi|Iron Head|p2a: Seismitoad
|-resisted|p2a: Seismitoad
|-damage|p2a: Seismitoad|68/100
|cant|p2a: Seismitoad|flinch
|
|-weather|Sandstorm|[upkeep]
|-heal|p1a: Jirachi|50/100|[from] item: Leftovers
|-heal|p2a: Seismitoad|74/100|[from] item: Leftovers
|upkeep
|turn|41
|
|t:|1722838197
|move|p1a: Jirachi|Iron Head|p2a: Seismitoad
|-resisted|p2a: Seismitoad
|-damage|p2a: Seismitoad|65/100
|cant|p2a: Seismitoad|flinch
|
|-weather|Sandstorm|[upkeep]
|-heal|p1a: Jirachi|56/100|[from] item: Leftovers
|-heal|p2a: Seismitoad|71/100|[from] item: Leftovers
|upkeep
|turn|42
|
|t:|1722838200
|move|p1a: Jirachi|Iron Head|p2a: Seismitoad
|-resisted|p2a: Seismitoad
|-damage|p2a: Seismitoad|59/100
|cant|p2a: Seismitoad|flinch
|
|-weather|Sandstorm|[upkeep]
|-heal|p1a: Jirachi|62/100|[from] item: Leftovers
|-heal|p2a: Seismitoad|65/100|[from] item: Leftovers
|upkeep
|turn|43
|
|t:|1722838205
|move|p1a: Jirachi|Iron Head|p2a: Seismitoad
|-resisted|p2a: Seismitoad
|-damage|p2a: Seismitoad|55/100
|move|p2a: Seismitoad|Scald|p1a: Jirachi
|-end|p1a: Jirachi|Substitute
|
|-weather|Sandstorm|[upkeep]
|-heal|p1a: Jirachi|68/100|[from] item: Leftovers
|-heal|p2a: Seismitoad|61/100|[from] item: Leftovers
|upkeep
|turn|44
|
|t:|1722838209
|move|p1a: Jirachi|Substitute|p1a: Jirachi
|-start|p1a: Jirachi|Substitute
|-damage|p1a: Jirachi|43/100
|move|p2a: Seismitoad|Scald|p1a: Jirachi
|-activate|p1a: Jirachi|Substitute|[damage]
|
|-weather|Sandstorm|[upkeep]
|-heal|p1a: Jirachi|50/100|[from] item: Leftovers
|-heal|p2a: Seismitoad|67/100|[from] item: Leftovers
|upkeep
|turn|45
|
|t:|1722838213
|move|p1a: Jirachi|Iron Head|p2a: Seismitoad
|-resisted|p2a: Seismitoad
|-damage|p2a: Seismitoad|57/100
|cant|p2a: Seismitoad|flinch
|
|-weather|Sandstorm|[upkeep]
|-heal|p1a: Jirachi|56/100|[from] item: Leftovers
|-heal|p2a: Seismitoad|63/100|[from] item: Leftovers
|upkeep
|turn|46
|
|t:|1722838218
|move|p2a: Seismitoad|Protect|p2a: Seismitoad
|-singleturn|p2a: Seismitoad|Protect
|move|p1a: Jirachi|Iron Head|p2a: Seismitoad
|-activate|p2a: Seismitoad|move: Protect
|
|-weather|Sandstorm|[upkeep]
|-heal|p1a: Jirachi|62/100|[from] item: Leftovers
|-heal|p2a: Seismitoad|69/100|[from] item: Leftovers
|upkeep
|turn|47
|
|t:|1722838224
|move|p1a: Jirachi|Iron Head|p2a: Seismitoad
|-resisted|p2a: Seismitoad
|-damage|p2a: Seismitoad|58/100
|cant|p2a: Seismitoad|flinch
|
|-weather|Sandstorm|[upkeep]
|-heal|p1a: Jirachi|68/100|[from] item: Leftovers
|-heal|p2a: Seismitoad|64/100|[from] item: Leftovers
|upkeep
|turn|48
|
|t:|1722838229
|move|p2a: Seismitoad|Protect|p2a: Seismitoad
|-singleturn|p2a: Seismitoad|Protect
|move|p1a: Jirachi|Fire Punch|p2a: Seismitoad
|-activate|p2a: Seismitoad|move: Protect
|
|-weather|Sandstorm|[upkeep]
|-heal|p1a: Jirachi|74/100|[from] item: Leftovers
|-heal|p2a: Seismitoad|70/100|[from] item: Leftovers
|upkeep
|turn|49
|
|t:|1722838238
|move|p1a: Jirachi|Iron Head|p2a: Seismitoad
|-resisted|p2a: Seismitoad
|-damage|p2a: Seismitoad|60/100
|move|p2a: Seismitoad|Refresh||[still]
|-fail|p2a: Seismitoad
|
|-weather|Sandstorm|[upkeep]
|-heal|p1a: Jirachi|80/100|[from] item: Leftovers
|-heal|p2a: Seismitoad|66/100|[from] item: Leftovers
|upkeep
|turn|50
|
|t:|1722838247
|move|p2a: Seismitoad|Protect|p2a: Seismitoad
|-singleturn|p2a: Seismitoad|Protect
|move|p1a: Jirachi|Hidden Power|p2a: Seismitoad
|-activate|p2a: Seismitoad|move: Protect
|
|-weather|Sandstorm|[upkeep]
|-heal|p1a: Jirachi|86/100|[from] item: Leftovers
|-heal|p2a: Seismitoad|72/100|[from] item: Leftovers
|upkeep
|turn|51
|
|t:|1722838253
|move|p1a: Jirachi|Hidden Power|p2a: Seismitoad
|-damage|p2a: Seismitoad|55/100
|move|p2a: Seismitoad|Scald|p1a: Jirachi
|-end|p1a: Jirachi|Substitute
|
|-weather|Sandstorm|[upkeep]
|-heal|p1a: Jirachi|92/100|[from] item: Leftovers
|-heal|p2a: Seismitoad|61/100|[from] item: Leftovers
|upkeep
|turn|52
|
|t:|1722838260
|move|p1a: Jirachi|Substitute|p1a: Jirachi
|-start|p1a: Jirachi|Substitute
|-damage|p1a: Jirachi|68/100
|move|p2a: Seismitoad|Scald|p1a: Jirachi
|-activate|p1a: Jirachi|Substitute|[damage]
|
|-weather|Sandstorm|[upkeep]
|-heal|p1a: Jirachi|74/100|[from] item: Leftovers
|-heal|p2a: Seismitoad|67/100|[from] item: Leftovers
|upkeep
|turn|53
|
|t:|1722838266
|move|p2a: Seismitoad|Protect|p2a: Seismitoad
|-singleturn|p2a: Seismitoad|Protect
|move|p1a: Jirachi|Iron Head|p2a: Seismitoad
|-activate|p2a: Seismitoad|move: Protect
|
|-weather|Sandstorm|[upkeep]
|-heal|p1a: Jirachi|80/100|[from] item: Leftovers
|-heal|p2a: Seismitoad|73/100|[from] item: Leftovers
|upkeep
|turn|54
|
|t:|1722838269
|move|p1a: Jirachi|Iron Head|p2a: Seismitoad
|-resisted|p2a: Seismitoad
|-damage|p2a: Seismitoad|64/100
|cant|p2a: Seismitoad|flinch
|
|-weather|Sandstorm|[upkeep]
|-heal|p1a: Jirachi|86/100|[from] item: Leftovers
|-heal|p2a: Seismitoad|70/100|[from] item: Leftovers
|upkeep
|turn|55
|
|t:|1722838280
|move|p1a: Jirachi|Fire Punch|p2a: Seismitoad
|-resisted|p2a: Seismitoad
|-damage|p2a: Seismitoad|63/100
|move|p2a: Seismitoad|Scald|p1a: Jirachi
|-end|p1a: Jirachi|Substitute
|
|-weather|Sandstorm|[upkeep]
|-heal|p1a: Jirachi|92/100|[from] item: Leftovers
|-heal|p2a: Seismitoad|69/100|[from] item: Leftovers
|upkeep
|turn|56
|
|t:|1722838285
|move|p1a: Jirachi|Substitute|p1a: Jirachi
|-start|p1a: Jirachi|Substitute
|-damage|p1a: Jirachi|67/100
|move|p2a: Seismitoad|Scald|p1a: Jirachi
|-activate|p1a: Jirachi|Substitute|[damage]
|
|-weather|Sandstorm|[upkeep]
|-heal|p1a: Jirachi|74/100|[from] item: Leftovers
|-heal|p2a: Seismitoad|75/100|[from] item: Leftovers
|upkeep
|turn|57
|
|t:|1722838288
|move|p1a: Jirachi|Fire Punch|p2a: Seismitoad
|-resisted|p2a: Seismitoad
|-damage|p2a: Seismitoad|69/100
|move|p2a: Seismitoad|Scald|p1a: Jirachi
|-end|p1a: Jirachi|Substitute
|
|-weather|Sandstorm|[upkeep]
|-heal|p1a: Jirachi|80/100|[from] item: Leftovers
|-heal|p2a: Seismitoad|75/100|[from] item: Leftovers
|upkeep
|turn|58
|
|t:|1722838294
|switch|p2a: Magnezone|Magnezone|63/100 brn
|move|p1a: Jirachi|Substitute|p1a: Jirachi
|-start|p1a: Jirachi|Substitute
|-damage|p1a: Jirachi|55/100
|
|-weather|Sandstorm|[upkeep]
|-heal|p1a: Jirachi|61/100|[from] item: Leftovers
|-damage|p2a: Magnezone|51/100 brn|[from] brn
|upkeep
|turn|59
|
|t:|1722838301
|move|p2a: Magnezone|Volt Switch|p1a: Jirachi
|-end|p1a: Jirachi|Substitute
|
|t:|1722838304
|switch|p2a: Seismitoad|Seismitoad, M|75/100|[from] Volt Switch
|move|p1a: Jirachi|Substitute|p1a: Jirachi
|-start|p1a: Jirachi|Substitute
|-damage|p1a: Jirachi|36/100
|
|-weather|Sandstorm|[upkeep]
|-heal|p1a: Jirachi|42/100|[from] item: Leftovers
|-heal|p2a: Seismitoad|81/100|[from] item: Leftovers
|upkeep
|turn|60
|
|t:|1722838309
|move|p1a: Jirachi|Iron Head|p2a: Seismitoad
|-resisted|p2a: Seismitoad
|-damage|p2a: Seismitoad|71/100
|cant|p2a: Seismitoad|flinch
|
|-weather|Sandstorm|[upkeep]
|-heal|p1a: Jirachi|48/100|[from] item: Leftovers
|-heal|p2a: Seismitoad|77/100|[from] item: Leftovers
|upkeep
|turn|61
|
|t:|1722838319
|move|p1a: Jirachi|Fire Punch|p2a: Seismitoad
|-resisted|p2a: Seismitoad
|-damage|p2a: Seismitoad|70/100
|-status|p2a: Seismitoad|brn
|move|p2a: Seismitoad|Scald|p1a: Jirachi
|-activate|p1a: Jirachi|Substitute|[damage]
|
|-weather|Sandstorm|[upkeep]
|-heal|p1a: Jirachi|55/100|[from] item: Leftovers
|-heal|p2a: Seismitoad|76/100 brn|[from] item: Leftovers
|-damage|p2a: Seismitoad|64/100 brn|[from] brn
|upkeep
|turn|62
|
|t:|1722838326
|move|p1a: Jirachi|Iron Head|p2a: Seismitoad
|-resisted|p2a: Seismitoad
|-damage|p2a: Seismitoad|54/100 brn
|move|p2a: Seismitoad|Refresh|p2a: Seismitoad
|-curestatus|p2a: Seismitoad|brn|[msg]
|
|-weather|Sandstorm|[upkeep]
|-heal|p1a: Jirachi|61/100|[from] item: Leftovers
|-heal|p2a: Seismitoad|60/100|[from] item: Leftovers
|upkeep
|turn|63
|
|t:|1722838337
|move|p1a: Jirachi|Iron Head|p2a: Seismitoad
|-resisted|p2a: Seismitoad
|-damage|p2a: Seismitoad|49/100
|cant|p2a: Seismitoad|flinch
|
|-weather|Sandstorm|[upkeep]
|-heal|p1a: Jirachi|67/100|[from] item: Leftovers
|-heal|p2a: Seismitoad|55/100|[from] item: Leftovers
|upkeep
|turn|64
|
|t:|1722838343
|move|p1a: Jirachi|Fire Punch|p2a: Seismitoad
|-resisted|p2a: Seismitoad
|-crit|p2a: Seismitoad
|-damage|p2a: Seismitoad|42/100
|move|p2a: Seismitoad|Scald|p1a: Jirachi
|-end|p1a: Jirachi|Substitute
|
|-weather|Sandstorm|[upkeep]
|-heal|p1a: Jirachi|73/100|[from] item: Leftovers
|-heal|p2a: Seismitoad|48/100|[from] item: Leftovers
|upkeep
|turn|65
|
|t:|1722838348
|move|p1a: Jirachi|Substitute|p1a: Jirachi
|-start|p1a: Jirachi|Substitute
|-damage|p1a: Jirachi|48/100
|move|p2a: Seismitoad|Scald|p1a: Jirachi
|-activate|p1a: Jirachi|Substitute|[damage]
|
|-weather|Sandstorm|[upkeep]
|-heal|p1a: Jirachi|54/100|[from] item: Leftovers
|-heal|p2a: Seismitoad|54/100|[from] item: Leftovers
|upkeep
|turn|66
|
|t:|1722838355
|move|p1a: Jirachi|Iron Head|p2a: Seismitoad
|-resisted|p2a: Seismitoad
|-damage|p2a: Seismitoad|43/100
|cant|p2a: Seismitoad|flinch
|
|-weather|Sandstorm|[upkeep]
|-heal|p1a: Jirachi|60/100|[from] item: Leftovers
|-heal|p2a: Seismitoad|49/100|[from] item: Leftovers
|upkeep
|turn|67
|-message|dice forfeited.
|
|win|574RM4N
|raw|574RM4N's rating: 1440 &rarr; <strong>1464</strong><br />(+24 for winning)
|raw|dice's rating: 1517 &rarr; <strong>1493</strong><br />(-24 for losing)
|l|☆dice
|player|p2|
