|j|☆fulacks
|j|☆Hans Bloodsmith
|t:|1729093478
|gametype|singles
|player|p1|fulacks|102|1325
|player|p2|Hans Bloodsmith|plasmagrunt|1442
|teamsize|p1|6
|teamsize|p2|6
|gen|5
|tier|[Gen 5] OU
|rated|
|rule|Species Clause: Limit one of each Pokémon
|rule|OHKO Clause: OHKO moves are banned
|rule|Moody Clause: Moody is banned
|rule|Evasion Items Clause: Evasion items are banned
|rule|Evasion Moves Clause: Evasion moves are banned
|rule|Endless Battle Clause: Forcing endless battles is banned
|rule|HP Percentage Mod: HP is shown in percentages
|rule|Evasion Abilities Clause: Evasion abilities are banned
|rule|Sleep Moves Clause: Sleep-inducing moves are banned
|rule|Swagger Clause: Swagger is banned
|rule|Baton Pass Stat Clause: No Baton Passer may have a way to boost its stats
|clearpoke
|poke|p1|Garchomp, F|item
|poke|p1|Volcarona, M|item
|poke|p1|Dragonite, M|item
|poke|p1|Breloom, M|item
|poke|p1|Starmie|item
|poke|p1|Scizor, F|item
|poke|p2|Volcarona, M|item
|poke|p2|Hydreigon, M|item
|poke|p2|Magnezone|item
|poke|p2|Mamoswine, M|item
|poke|p2|Toxicroak, F|item
|poke|p2|Politoed, M|item
|teampreview
|inactive|Battle timer is ON: inactive players will automatically lose when time's up. (requested by Hans Bloodsmith)
|
|t:|1729093494
|start
|switch|p1a: Garchomp|Garchomp, F|100/100
|switch|p2a: Klaus|Mamoswine, M|100/100
|turn|1
|
|t:|1729093499
|move|p2a: Klaus|Ice Shard|p1a: Garchomp
|-supereffective|p1a: Garchomp
|-enditem|p1a: Garchomp|Focus Sash
|-damage|p1a: Garchomp|1/100
|move|p1a: Garchomp|Stealth Rock|p2a: Klaus
|-sidestart|p2: Hans Bloodsmith|move: Stealth Rock
|
|upkeep
|turn|2
|
|t:|1729093503
|switch|p1a: Starmie|Starmie|100/100
|-item|p1a: Starmie|Air Balloon
|move|p2a: Klaus|Ice Shard|p1a: Starmie
|-resisted|p1a: Starmie
|-crit|p1a: Starmie
|-damage|p1a: Starmie|62/100
|-enditem|p1a: Starmie|Air Balloon
|
|upkeep
|turn|3
|
|t:|1729093519
|switch|p2a: Francis|Politoed, M|100/100
|-damage|p2a: Francis|88/100|[from] Stealth Rock
|-weather|RainDance|[from] ability: Drizzle|[of] p2a: Francis
|move|p1a: Starmie|Hydro Pump|p2a: Francis
|-resisted|p2a: Francis
|-damage|p2a: Francis|42/100
|
|-weather|RainDance|[upkeep]
|upkeep
|turn|4
|
|t:|1729093524
|move|p1a: Starmie|Thunderbolt|p2a: Francis
|-supereffective|p2a: Francis
|-damage|p2a: Francis|0 fnt
|faint|p2a: Francis
|
|-weather|RainDance|[upkeep]
|upkeep
|
|t:|1729093529
|switch|p2a: Vera|Toxicroak, F|100/100
|-damage|p2a: Vera|94/100|[from] Stealth Rock
|turn|5
|j| UnumGenus
|
|t:|1729093544
|switch|p1a: Scizor|Scizor, F|100/100
|move|p2a: Vera|Sucker Punch||[still]
|-fail|p2a: Vera
|
|-weather|RainDance|[upkeep]
|-heal|p2a: Vera|100/100|[from] ability: Dry Skin
|upkeep
|turn|6
|
|t:|1729093550
|move|p2a: Vera|Swords Dance|p2a: Vera
|-boost|p2a: Vera|atk|2
|move|p1a: Scizor|Superpower|p2a: Vera
|-resisted|p2a: Vera
|-damage|p2a: Vera|54/100
|-unboost|p1a: Scizor|atk|1
|-unboost|p1a: Scizor|def|1
|-damage|p1a: Scizor|91/100|[from] item: Life Orb
|
|-weather|RainDance|[upkeep]
|-heal|p2a: Vera|66/100|[from] ability: Dry Skin
|upkeep
|turn|7
|
|t:|1729093553
|move|p1a: Scizor|Bullet Punch|p2a: Vera
|-damage|p2a: Vera|17/100
|-damage|p1a: Scizor|81/100|[from] item: Life Orb
|move|p2a: Vera|Drain Punch|p1a: Scizor
|-damage|p1a: Scizor|0 fnt
|-heal|p2a: Vera|54/100|[from] drain|[of] p1a: Scizor
|faint|p1a: Scizor
|-damage|p2a: Vera|44/100|[from] item: Life Orb
|
|-weather|RainDance|[upkeep]
|-heal|p2a: Vera|57/100|[from] ability: Dry Skin
|upkeep
|
|t:|1729093564
|switch|p1a: Dragonite|Dragonite, M|100/100
|turn|8
|
|t:|1729093566
|move|p2a: Vera|Ice Punch|p1a: Dragonite
|-supereffective|p1a: Dragonite
|-damage|p1a: Dragonite|0 fnt
|faint|p1a: Dragonite
|-damage|p2a: Vera|47/100|[from] item: Life Orb
|
|-weather|RainDance|[upkeep]
|-heal|p2a: Vera|59/100|[from] ability: Dry Skin
|upkeep
|
|t:|1729093574
|switch|p1a: Breloom|Breloom, M|100/100
|turn|9
|
|t:|1729093578
|move|p1a: Breloom|Mach Punch|p2a: Vera
|-resisted|p2a: Vera
|-damage|p2a: Vera|23/100
|-damage|p1a: Breloom|91/100|[from] item: Life Orb
|move|p2a: Vera|Ice Punch|p1a: Breloom
|-supereffective|p1a: Breloom
|-damage|p1a: Breloom|0 fnt
|faint|p1a: Breloom
|-damage|p2a: Vera|13/100|[from] item: Life Orb
|
|-weather|RainDance|[upkeep]
|-heal|p2a: Vera|26/100|[from] ability: Dry Skin
|upkeep
|
|t:|1729093582
|switch|p1a: Volcarona|Volcarona, M|100/100
|turn|10
|
|t:|1729093591
|move|p1a: Volcarona|Quiver Dance|p1a: Volcarona
|-boost|p1a: Volcarona|spa|1
|-boost|p1a: Volcarona|spd|1
|-boost|p1a: Volcarona|spe|1
|move|p2a: Vera|Swords Dance|p2a: Vera
|-boost|p2a: Vera|atk|2
|
|-weather|RainDance|[upkeep]
|-heal|p2a: Vera|38/100|[from] ability: Dry Skin
|upkeep
|turn|11
|
|t:|1729093594
|move|p2a: Vera|Sucker Punch||[still]
|-fail|p2a: Vera
|move|p1a: Volcarona|Quiver Dance|p1a: Volcarona
|-boost|p1a: Volcarona|spa|1
|-boost|p1a: Volcarona|spd|1
|-boost|p1a: Volcarona|spe|1
|
|-weather|RainDance|[upkeep]
|-heal|p2a: Vera|50/100|[from] ability: Dry Skin
|upkeep
|turn|12
|
|t:|1729093596
|move|p2a: Vera|Sucker Punch||[still]
|-fail|p2a: Vera
|move|p1a: Volcarona|Quiver Dance|p1a: Volcarona
|-boost|p1a: Volcarona|spa|1
|-boost|p1a: Volcarona|spd|1
|-boost|p1a: Volcarona|spe|1
|
|-weather|RainDance|[upkeep]
|-heal|p2a: Vera|63/100|[from] ability: Dry Skin
|upkeep
|turn|13
|
|t:|1729093600
|move|p2a: Vera|Sucker Punch|p1a: Volcarona
|-damage|p1a: Volcarona|0 fnt
|-status|p2a: Vera|brn|[from] ability: Flame Body|[of] p1a: Volcarona
|faint|p1a: Volcarona
|-damage|p2a: Vera|53/100 brn|[from] item: Life Orb
|
|-weather|RainDance|[upkeep]
|-heal|p2a: Vera|65/100 brn|[from] ability: Dry Skin
|-damage|p2a: Vera|53/100 brn|[from] brn
|upkeep
|
|t:|1729093604
|switch|p1a: Starmie|Starmie|62/100
|turn|14
|
|t:|1729093607
|move|p2a: Vera|Sucker Punch|p1a: Starmie
|-supereffective|p1a: Starmie
|-damage|p1a: Starmie|0 fnt
|faint|p1a: Starmie
|-damage|p2a: Vera|43/100 brn|[from] item: Life Orb
|
|-weather|RainDance|[upkeep]
|-heal|p2a: Vera|56/100 brn|[from] ability: Dry Skin
|-damage|p2a: Vera|43/100 brn|[from] brn
|upkeep
|-message|fulacks forfeited.
|
|win|Hans Bloodsmith
|raw|fulacks's rating: 1325 &rarr; <strong>1311</strong><br />(-14 for losing)
|raw|Hans Bloodsmith's rating: 1442 &rarr; <strong>1456</strong><br />(+14 for winning)
|l|☆fulacks
|player|p1|
|c|☆Hans Bloodsmith|Gg?
