|j|☆Icemann11
|j|☆spam_dash_attack
|player|p1|Icemann11|teacher-gen2|1469
|player|p2|spam_dash_attack|fantina|1424
|teamsize|p1|6
|teamsize|p2|6
|gametype|singles
|gen|5
|tier|[Gen 5] OU
|rated|
|clearpoke
|poke|p1|Ninetales, M|item
|poke|p1|Victini|item
|poke|p1|Tentacruel, F|item
|poke|p1|Chansey, F|item
|poke|p1|Landorus-Therian, M|item
|poke|p1|Skarmory, M|item
|poke|p2|Mamoswine, M|item
|poke|p2|Latios, M|item
|poke|p2|Scizor, F|item
|poke|p2|Kyurem-Black|item
|poke|p2|Salamence, M|item
|poke|p2|Magnezone|item
|rule|Species Clause: Limit one of each Pokémon
|rule|OHKO Clause: OHKO moves are banned
|rule|Moody Clause: Moody is banned
|rule|Evasion Moves Clause: Evasion moves are banned
|rule|Endless Battle Clause: Forcing endless battles is banned
|rule|HP Percentage Mod: HP is shown in percentages
|rule|Evasion Abilities Clause: Evasion abilities are banned
|rule|Baton Pass Clause: Limit one Baton Passer, can't pass Spe and other stats simultaneously
|rule|Sleep Clause: Sleep-inducing moves are banned
|rule|Swagger Clause: Swagger is banned
|teampreview
|inactive|Battle timer is ON: inactive players will automatically lose when time's up. (requested by spam_dash_attack)
|j| cuckduck'd
|c|☆Icemann11|hf
|
|start
|switch|p1a: Ninetales|Ninetales, M|100/100
|switch|p2a: Latios|Latios, M|100/100
|-weather|SunnyDay|[from] ability: Drought|[of] p1a: Ninetales
|turn|1
|
|switch|p1a: Chansey|Chansey, F|100/100
|move|p2a: Latios|Draco Meteor|p1a: Chansey
|-damage|p1a: Chansey|64/100
|-unboost|p2a: Latios|spa|2
|
|-weather|SunnyDay|[upkeep]
|upkeep
|turn|2
|
|switch|p2a: Scizor|Scizor, F|100/100
|switch|p1a: Skarmory|Skarmory, M|100/100
|
|-weather|SunnyDay|[upkeep]
|upkeep
|turn|3
|
|switch|p1a: Victini|Victini|100/100
|move|p2a: Scizor|U-turn|p1a: Victini
|-damage|p1a: Victini|45/100
|
|switch|p2a: Latios|Latios, M|100/100|[from]move: U-turn
|
|-weather|SunnyDay|[upkeep]
|upkeep
|turn|4
|
|switch|p1a: Chansey|Chansey, F|64/100
|move|p2a: Latios|Draco Meteor|p1a: Chansey
|-damage|p1a: Chansey|27/100
|-unboost|p2a: Latios|spa|2
|
|-weather|SunnyDay|[upkeep]
|upkeep
|turn|5
|
|switch|p2a: Scizor|Scizor, F|100/100
|move|p1a: Chansey|Soft-Boiled|p1a: Chansey
|-heal|p1a: Chansey|77/100
|
|-weather|SunnyDay|[upkeep]
|upkeep
|turn|6
|
|switch|p1a: Landorus|Landorus-Therian, M|100/100
|-ability|p1a: Landorus|Intimidate|boost
|-unboost|p2a: Scizor|atk|1
|move|p2a: Scizor|U-turn|p1a: Landorus
|-resisted|p1a: Landorus
|-damage|p1a: Landorus|79/100
|
|switch|p2a: Mamoswine|Mamoswine, M|100/100|[from]move: U-turn
|
|-weather|SunnyDay|[upkeep]
|upkeep
|turn|7
|
|switch|p1a: Skarmory|Skarmory, M|100/100
|move|p2a: Mamoswine|Stealth Rock|p1a: Skarmory
|-sidestart|p1: Icemann11|move: Stealth Rock
|
|-weather|SunnyDay|[upkeep]
|upkeep
|turn|8
|j| Celesh18
|
|switch|p2a: Magnezone|Magnezone|100/100
|move|p1a: Skarmory|Spikes|p2a: Magnezone
|-sidestart|p2: spam_dash_attack|Spikes
|
|-weather|SunnyDay|[upkeep]
|upkeep
|turn|9
|
|move|p2a: Magnezone|Thunderbolt|p1a: Skarmory
|-supereffective|p1a: Skarmory
|-ability|p1a: Skarmory|Sturdy
|-damage|p1a: Skarmory|1/100
|move|p1a: Skarmory|Spikes|p2a: Magnezone
|-sidestart|p2: spam_dash_attack|Spikes
|
|-weather|SunnyDay|[upkeep]
|upkeep
|turn|10
|
|move|p2a: Magnezone|Thunderbolt|p1a: Skarmory
|-supereffective|p1a: Skarmory
|-damage|p1a: Skarmory|0 fnt
|faint|p1a: Skarmory
|
|-weather|SunnyDay|[upkeep]
|upkeep
|
|switch|p1a: Victini|Victini|45/100
|-damage|p1a: Victini|20/100|[from] Stealth Rock
|turn|11
|
|move|p1a: Victini|V-create|p2a: Magnezone
|-supereffective|p2a: Magnezone
|-damage|p2a: Magnezone|0 fnt
|-unboost|p1a: Victini|spe|1
|-unboost|p1a: Victini|def|1
|-unboost|p1a: Victini|spd|1
|faint|p2a: Magnezone
|
|-weather|SunnyDay|[upkeep]
|upkeep
|
|switch|p2a: Salamence|Salamence, M|100/100
|turn|12
|
|move|p2a: Salamence|Outrage|p1a: Victini
|-damage|p1a: Victini|0 fnt
|faint|p1a: Victini
|-ability|p2a: Salamence|Moxie|boost
|-boost|p2a: Salamence|atk|1
|
|-weather|SunnyDay|[upkeep]
|upkeep
|
|switch|p1a: Landorus|Landorus-Therian, M|79/100
|-damage|p1a: Landorus|67/100|[from] Stealth Rock
|-ability|p1a: Landorus|Intimidate|boost
|-unboost|p2a: Salamence|atk|1
|turn|13
|
|move|p2a: Salamence|Outrage|p1a: Landorus|[from]lockedmove
|-damage|p1a: Landorus|0 fnt
|faint|p1a: Landorus
|-ability|p2a: Salamence|Moxie|boost
|-boost|p2a: Salamence|atk|1
|
|-weather|SunnyDay|[upkeep]
|upkeep
|-message|Icemann11 forfeited.
|
|win|spam_dash_attack
|l|☆Icemann11
|raw|Icemann11's rating: 1469 &rarr; <strong>1447</strong><br />(-22 for losing)
|raw|spam_dash_attack's rating: 1430 &rarr; <strong>1452</strong><br />(+22 for winning)
|l| cuckduck'd
