|j|☆phosphor
|j|☆Lucy_D
|t:|1738162972
|gametype|singles
|player|p1|phosphor|#phosphor|1328
|player|p2|Lucy_D|265|1372
|teamsize|p1|6
|teamsize|p2|6
|gen|5
|tier|[Gen 5] OU
|rated|
|rule|Species Clause: Limit one of each Pokémon
|rule|OHKO Clause: OHKO moves are banned
|rule|Moody Clause: Moody is banned
|rule|Evasion Items Clause: Evasion items are banned
|rule|Evasion Moves Clause: Evasion moves are banned
|rule|Endless Battle Clause: Forcing endless battles is banned
|rule|HP Percentage Mod: HP is shown in percentages
|rule|Evasion Abilities Clause: Evasion abilities are banned
|rule|Sleep Moves Clause: Sleep-inducing moves are banned
|rule|Swagger Clause: Swagger is banned
|rule|Baton Pass Stat Clause: No Baton Passer may have a way to boost its stats
|clearpoke
|poke|p1|Landorus-Therian, M|item
|poke|p1|Jirachi|item
|poke|p1|Starmie|item
|poke|p1|Mamoswine, M|item
|poke|p1|Dragonite, M|item
|poke|p1|Metagross|item
|poke|p2|Aerodactyl, M|item
|poke|p2|Alakazam, M|item
|poke|p2|Conkeldurr, M|item
|poke|p2|Excadrill, M|item
|poke|p2|Dragonite, M|item
|poke|p2|Ferrothorn, M|item
|teampreview
|c|☆phosphor|gl hf
|
|t:|1738162987
|start
|switch|p1a: Mamoswine|Mamoswine, M|100/100
|switch|p2a: Aerodactyl|Aerodactyl, M, shiny|100/100
|-ability|p2a: Aerodactyl|Pressure
|turn|1
|
|t:|1738163002
|move|p2a: Aerodactyl|Toxic|p1a: Mamoswine
|-status|p1a: Mamoswine|tox
|move|p1a: Mamoswine|Icicle Crash|p2a: Aerodactyl
|-supereffective|p2a: Aerodactyl
|-enditem|p2a: Aerodactyl|Focus Sash
|-damage|p2a: Aerodactyl|1/100
|
|-damage|p1a: Mamoswine|94/100 tox|[from] psn
|upkeep
|turn|2
|
|t:|1738163016
|switch|p2a: Excadrill|Excadrill, M, shiny|100/100
|-ability|p2a: Excadrill|Mold Breaker
|move|p1a: Mamoswine|Ice Shard|p2a: Excadrill
|-damage|p2a: Excadrill|66/100
|
|-damage|p1a: Mamoswine|82/100 tox|[from] psn
|upkeep
|turn|3
|
|t:|1738163027
|switch|p1a: Landorus|Landorus-Therian, M|100/100
|-ability|p1a: Landorus|Intimidate|boost
|-unboost|p2a: Excadrill|atk|1
|move|p2a: Excadrill|Iron Head|p1a: Landorus
|-damage|p1a: Landorus|66/100
|
|upkeep
|turn|4
|
|t:|1738163057
|move|p2a: Excadrill|Iron Head|p1a: Landorus
|-damage|p1a: Landorus|35/100
|move|p1a: Landorus|Stealth Rock|p2a: Excadrill
|-sidestart|p2: Lucy_D|move: Stealth Rock
|
|upkeep
|turn|5
|
|t:|1738163065
|switch|p1a: Jirachi|Jirachi|100/100
|move|p2a: Excadrill|Iron Head|p1a: Jirachi
|-resisted|p1a: Jirachi
|-damage|p1a: Jirachi|87/100
|
|upkeep
|turn|6
|
|t:|1738163072
|switch|p2a: Ferrothorn|Ferrothorn, M, shiny|100/100
|-damage|p2a: Ferrothorn|94/100|[from] Stealth Rock
|move|p1a: Jirachi|Calm Mind|p1a: Jirachi
|-boost|p1a: Jirachi|spa|1
|-boost|p1a: Jirachi|spd|1
|
|upkeep
|turn|7
|
|t:|1738163085
|move|p1a: Jirachi|Hidden Power|p2a: Ferrothorn
|-supereffective|p2a: Ferrothorn
|-damage|p2a: Ferrothorn|0 fnt
|faint|p2a: Ferrothorn
|-damage|p1a: Jirachi|77/100|[from] item: Life Orb
|
|upkeep
|
|t:|1738163096
|switch|p2a: Alakazam|Alakazam, M, shiny|100/100
|turn|8
|
|t:|1738163129
|move|p2a: Alakazam|Thunder Wave|p1a: Jirachi
|-status|p1a: Jirachi|par
|cant|p1a: Jirachi|par
|
|upkeep
|turn|9
|
|t:|1738163142
|switch|p2a: Excadrill|Excadrill, M, shiny|66/100
|-damage|p2a: Excadrill|63/100|[from] Stealth Rock
|-ability|p2a: Excadrill|Mold Breaker
|cant|p1a: Jirachi|par
|
|upkeep
|turn|10
|
|t:|1738163150
|switch|p1a: Landorus|Landorus-Therian, M|35/100
|-ability|p1a: Landorus|Intimidate|boost
|-unboost|p2a: Excadrill|atk|1
|move|p2a: Excadrill|Rapid Spin|p1a: Landorus
|-damage|p1a: Landorus|29/100
|-sideend|p2: Lucy_D|Stealth Rock|[from] move: Rapid Spin|[of] p2a: Excadrill
|
|upkeep
|turn|11
|
|t:|1738163188
|switch|p2a: Aerodactyl|Aerodactyl, M, shiny|1/100
|-ability|p2a: Aerodactyl|Pressure
|move|p1a: Landorus|Stealth Rock|p2a: Aerodactyl
|-sidestart|p2: Lucy_D|move: Stealth Rock
|
|upkeep
|turn|12
|
|t:|1738163196
|switch|p1a: Starmie|Starmie|100/100
|-item|p1a: Starmie|Air Balloon
|move|p2a: Aerodactyl|Stealth Rock|p1a: Starmie
|-sidestart|p1: phosphor|move: Stealth Rock
|
|upkeep
|turn|13
|
|t:|1738163203
|move|p2a: Aerodactyl|Rock Slide|p1a: Starmie
|-damage|p1a: Starmie|51/100
|-enditem|p1a: Starmie|Air Balloon
|move|p1a: Starmie|Rapid Spin|p2a: Aerodactyl
|-resisted|p2a: Aerodactyl
|-damage|p2a: Aerodactyl|0 fnt
|-sideend|p1: phosphor|Stealth Rock|[from] move: Rapid Spin|[of] p1a: Starmie
|faint|p2a: Aerodactyl
|
|upkeep
|
|t:|1738163212
|switch|p2a: Excadrill|Excadrill, M, shiny|63/100
|-damage|p2a: Excadrill|60/100|[from] Stealth Rock
|-ability|p2a: Excadrill|Mold Breaker
|turn|14
|c|☆phosphor|try double edge so you can faint yourself before i spin
|
|t:|1738163230
|move|p2a: Excadrill|Earthquake|p1a: Starmie
|-damage|p1a: Starmie|0 fnt
|faint|p1a: Starmie
|
|upkeep
|
|t:|1738163237
|switch|p1a: Dragonite|Dragonite, M|100/100
|turn|15
|
|t:|1738163244
|switch|p2a: Alakazam|Alakazam, M, shiny|100/100
|move|p1a: Dragonite|Dragon Dance|p1a: Dragonite
|-boost|p1a: Dragonite|atk|1
|-boost|p1a: Dragonite|spe|1
|
|upkeep
|turn|16
|
|t:|1738163253
|move|p1a: Dragonite|Extreme Speed|p2a: Alakazam
|-enditem|p2a: Alakazam|Focus Sash
|-damage|p2a: Alakazam|1/100
|move|p2a: Alakazam|Thunder Wave|p1a: Dragonite
|-status|p1a: Dragonite|par
|-enditem|p1a: Dragonite|Lum Berry|[eat]
|-curestatus|p1a: Dragonite|par|[msg]
|
|upkeep
|turn|17
|
|t:|1738163265
|move|p1a: Dragonite|Extreme Speed|p2a: Alakazam
|-crit|p2a: Alakazam
|-damage|p2a: Alakazam|0 fnt
|faint|p2a: Alakazam
|
|upkeep
|
|t:|1738163272
|switch|p2a: Excadrill|Excadrill, M, shiny|60/100
|-damage|p2a: Excadrill|57/100|[from] Stealth Rock
|-ability|p2a: Excadrill|Mold Breaker
|turn|18
|
|t:|1738163278
|move|p2a: Excadrill|Rock Slide|p1a: Dragonite
|-supereffective|p1a: Dragonite
|-damage|p1a: Dragonite|38/100
|cant|p1a: Dragonite|flinch
|
|upkeep
|turn|19
|
|t:|1738163284
|switch|p1a: Metagross|Metagross|100/100
|move|p2a: Excadrill|Rock Slide|p1a: Metagross
|-resisted|p1a: Metagross
|-damage|p1a: Metagross|89/100
|
|upkeep
|turn|20
|
|t:|1738163293
|switch|p2a: Dragonite|Dragonite, M, shiny|100/100
|-damage|p2a: Dragonite|76/100|[from] Stealth Rock
|move|p1a: Metagross|Meteor Mash|p2a: Dragonite
|-damage|p2a: Dragonite|15/100
|-damage|p1a: Metagross|79/100|[from] item: Life Orb
|
|-heal|p2a: Dragonite|21/100|[from] item: Leftovers
|upkeep
|turn|21
|
|t:|1738163313
|move|p1a: Metagross|Meteor Mash|p2a: Dragonite
|-damage|p2a: Dragonite|0 fnt
|faint|p2a: Dragonite
|-damage|p1a: Metagross|69/100|[from] item: Life Orb
|
|upkeep
|
|t:|1738163325
|switch|p2a: Excadrill|Excadrill, M, shiny|57/100
|-damage|p2a: Excadrill|54/100|[from] Stealth Rock
|-ability|p2a: Excadrill|Mold Breaker
|turn|22
|
|t:|1738163334
|switch|p1a: Mamoswine|Mamoswine, M|82/100 tox
|move|p2a: Excadrill|Iron Head|p1a: Mamoswine
|-supereffective|p1a: Mamoswine
|-damage|p1a: Mamoswine|0 fnt
|faint|p1a: Mamoswine
|
|upkeep
|
|t:|1738163341
|switch|p1a: Metagross|Metagross|69/100
|turn|23
|
|t:|1738163348
|move|p2a: Excadrill|Iron Head|p1a: Metagross
|-resisted|p1a: Metagross
|-damage|p1a: Metagross|51/100
|move|p1a: Metagross|Earthquake|p2a: Excadrill
|-supereffective|p2a: Excadrill
|-damage|p2a: Excadrill|0 fnt
|faint|p2a: Excadrill
|-damage|p1a: Metagross|42/100|[from] item: Life Orb
|
|upkeep
|
|t:|1738163359
|switch|p2a: Conkeldurr|Conkeldurr, M, shiny|100/100
|-damage|p2a: Conkeldurr|94/100|[from] Stealth Rock
|turn|24
|
|t:|1738163374
|move|p1a: Metagross|Explosion|p2a: Conkeldurr
|-damage|p2a: Conkeldurr|0 fnt
|faint|p1a: Metagross
|faint|p2a: Conkeldurr
|
|win|phosphor
|raw|phosphor's rating: 1328 &rarr; <strong>1351</strong><br />(+23 for winning)
|raw|Lucy_D's rating: 1372 &rarr; <strong>1349</strong><br />(-23 for losing)
|c|☆phosphor|gg
