|j|☆BUMBACLAAT
|j|☆TheKaisser
|player|p1|BUMBACLAAT|200
|player|p2|TheKaisser|7
|teamsize|p1|6
|teamsize|p2|6
|gametype|singles
|gen|5
|tier|[Gen 5] OU
|rated|
|rule|Sleep Clause Mod: Limit one foe put to sleep
|rule|Species Clause: Limit one of each Pokémon
|rule|OHKO Clause: OHKO moves are banned
|rule|Moody Clause: Moody is banned
|rule|Evasion Moves Clause: Evasion moves are banned
|rule|Endless Battle Clause: Forcing endless battles is banned
|rule|HP Percentage Mod: HP is shown in percentages
|rule|Evasion Abilities Clause: Evasion abilities are banned
|rule|Baton Pass Clause: Limit one Baton Passer, can't pass Spe and other stats simultaneously
|rule|Swagger Clause: Swagger is banned
|clearpoke
|poke|p1|Bronzong|item
|poke|p1|Landorus-Therian, M|item
|poke|p1|Haxorus, M|item
|poke|p1|Dragonite, M|item
|poke|p1|Starmie|item
|poke|p1|Dusclops, F|item
|poke|p2|Politoed, F|item
|poke|p2|Mew|item
|poke|p2|Ferrothorn, F|item
|poke|p2|Tentacruel, M|item
|poke|p2|Chansey, F|item
|poke|p2|Gliscor, M|item
|teampreview
|inactive|Battle timer is ON: inactive players will automatically lose when time's up. (requested by TheKaisser)
|
|start
|switch|p1a: Dusclops|Dusclops, F, shiny|100/100
|switch|p2a: Ferrothorn|Ferrothorn, F|100/100
|-ability|p1a: Dusclops|Pressure
|turn|1
|
|move|p1a: Dusclops|Will-O-Wisp|p2a: Ferrothorn
|-status|p2a: Ferrothorn|brn
|move|p2a: Ferrothorn|Stealth Rock|p1a: Dusclops
|-sidestart|p1: BUMBACLAAT|move: Stealth Rock
|
|-damage|p2a: Ferrothorn|88/100 brn|[from] brn
|upkeep
|turn|2
|
|switch|p2a: Chansey|Chansey, F|100/100
|move|p1a: Dusclops|Will-O-Wisp|p2a: Chansey
|-status|p2a: Chansey|brn
|
|-damage|p2a: Chansey|88/100 brn|[from] brn
|upkeep
|turn|3
|
|switch|p1a: Starmie|Starmie, shiny|100/100
|-damage|p1a: Starmie|88/100|[from] Stealth Rock
|move|p2a: Chansey|Aromatherapy|p2a: Chansey
|-activate|p2a: Chansey|move: Aromatherapy
|-curestatus|p2a: Chansey|brn|[msg]
|-curestatus|p2: Ferrothorn|brn|[msg]
|
|-heal|p1a: Starmie|94/100|[from] item: Leftovers
|upkeep
|turn|4
|
|switch|p2a: Ferrothorn|Ferrothorn, F|88/100
|move|p1a: Starmie|Rapid Spin|p2a: Ferrothorn
|-resisted|p2a: Ferrothorn
|-damage|p2a: Ferrothorn|87/100
|-damage|p1a: Starmie|82/100|[from] ability: Iron Barbs|[of] p2a: Ferrothorn
|-sideend|p1: BUMBACLAAT|Stealth Rock|[from] move: Rapid Spin|[of] p1a: Starmie
|
|-heal|p1a: Starmie|88/100|[from] item: Leftovers
|-heal|p2a: Ferrothorn|93/100|[from] item: Leftovers
|upkeep
|turn|5
|
|switch|p1a: Bronzong|Bronzong|100/100
|move|p2a: Ferrothorn|Stealth Rock|p1a: Bronzong
|-sidestart|p1: BUMBACLAAT|move: Stealth Rock
|
|-heal|p2a: Ferrothorn|99/100|[from] item: Leftovers
|upkeep
|turn|6
|
|switch|p2a: Mew|Mew|100/100
|move|p1a: Bronzong|Hypnosis|p2a: Mew
|-status|p2a: Mew|slp|[from] move: Hypnosis
|
|upkeep
|turn|7
|
|switch|p2a: Ferrothorn|Ferrothorn, F|99/100
|switch|p1a: Haxorus|Haxorus, M, shiny|100/100
|-damage|p1a: Haxorus|88/100|[from] Stealth Rock
|-ability|p1a: Haxorus|Mold Breaker
|
|-heal|p2a: Ferrothorn|100/100|[from] item: Leftovers
|upkeep
|turn|8
|
|move|p1a: Haxorus|Swords Dance|p1a: Haxorus
|-boost|p1a: Haxorus|atk|2
|move|p2a: Ferrothorn|Leech Seed|p1a: Haxorus
|-start|p1a: Haxorus|move: Leech Seed
|
|-damage|p1a: Haxorus|76/100|[from] Leech Seed|[of] p2a: Ferrothorn
|upkeep
|turn|9
|
|move|p1a: Haxorus|Superpower|p2a: Ferrothorn
|-supereffective|p2a: Ferrothorn
|-damage|p2a: Ferrothorn|0 fnt
|-damage|p1a: Haxorus|63/100|[from] ability: Iron Barbs|[of] p2a: Ferrothorn
|-unboost|p1a: Haxorus|atk|1
|-unboost|p1a: Haxorus|def|1
|faint|p2a: Ferrothorn
|
|upkeep
|
|switch|p2a: Politoed|Politoed, F|100/100
|-weather|RainDance|[from] ability: Drizzle|[of] p2a: Politoed
|turn|10
|
|switch|p2a: Chansey|Chansey, F|88/100
|move|p1a: Haxorus|Outrage|p2a: Chansey
|-damage|p2a: Chansey|13/100
|
|-weather|RainDance|[upkeep]
|-damage|p1a: Haxorus|51/100|[from] Leech Seed|[of] p2a: Chansey
|-heal|p2a: Chansey|19/100|[silent]
|upkeep
|turn|11
|
|move|p1a: Haxorus|Outrage|p2a: Chansey|[from]lockedmove
|-damage|p2a: Chansey|0 fnt
|faint|p2a: Chansey
|
|-weather|RainDance|[upkeep]
|upkeep
|
|switch|p2a: Tentacruel|Tentacruel, M|100/100
|turn|12
|
|move|p1a: Haxorus|Outrage|p2a: Tentacruel|[from]lockedmove
|-damage|p2a: Tentacruel|0 fnt
|-start|p1a: Haxorus|confusion|[fatigue]
|faint|p2a: Tentacruel
|-enditem|p1a: Haxorus|Lum Berry|[eat]
|-end|p1a: Haxorus|confusion
|
|-weather|RainDance|[upkeep]
|upkeep
|-message|TheKaisser forfeited.
|
|win|BUMBACLAAT
|l|☆TheKaisser
|raw|BUMBACLAAT's rating: 1332 &rarr; <strong>1353</strong><br />(+21 for winning)
|raw|TheKaisser's rating: 1348 &rarr; <strong>1327</strong><br />(-21 for losing)
