|j|☆Lddghioi
|j|☆fangqiang
|t:|1716770646
|gametype|singles
|player|p1|Lddghioi|1|1499
|player|p2|fangqiang|lance|1372
|teamsize|p1|6
|teamsize|p2|6
|gen|5
|tier|[Gen 5] OU
|rated|
|rule|Species Clause: Limit one of each Pokémon
|rule|OHKO Clause: OHKO moves are banned
|rule|Moody Clause: Moody is banned
|rule|Evasion Items Clause: Evasion items are banned
|rule|Evasion Moves Clause: Evasion moves are banned
|rule|Endless Battle Clause: Forcing endless battles is banned
|rule|HP Percentage Mod: HP is shown in percentages
|rule|Evasion Abilities Clause: Evasion abilities are banned
|rule|Sleep Moves Clause: Sleep-inducing moves are banned
|rule|Swagger Clause: Swagger is banned
|rule|Baton Pass Stat Clause: No Baton Passer may have a way to boost its stats
|clearpoke
|poke|p1|Keldeo|item
|poke|p1|Terrakion|item
|poke|p1|Scizor, M|item
|poke|p1|Celebi|item
|poke|p1|Landorus-Therian, M|item
|poke|p1|Rotom-Wash|item
|poke|p2|Tyranitar, M|item
|poke|p2|Garchomp, F|item
|poke|p2|Heatran, F|item
|poke|p2|Latios, M|item
|poke|p2|Landorus-Therian, M|item
|poke|p2|Keldeo-Resolute|item
|teampreview
|inactive|Battle timer is ON: inactive players will automatically lose when time's up. (requested by fangqiang)
|inactive|Lddghioi also wants the timer to be on.
|
|t:|1716770656
|start
|switch|p1a: Rotom|Rotom-Wash|100/100
|switch|p2a: Keldeo|Keldeo-Resolute|100/100
|turn|1
|
|t:|1716770667
|switch|p2a: Landorus|Landorus-Therian, M, shiny|100/100
|-ability|p2a: Landorus|Intimidate|boost
|-unboost|p1a: Rotom|atk|1
|move|p1a: Rotom|Trick|p2a: Landorus
|-activate|p1a: Rotom|move: Trick|[of] p2a: Landorus
|-item|p2a: Landorus|Choice Specs|[from] move: Trick
|-item|p1a: Rotom|Leftovers|[from] move: Trick
|
|upkeep
|turn|2
|
|t:|1716770689
|switch|p2a: Keldeo|Keldeo-Resolute|100/100
|move|p1a: Rotom|Will-O-Wisp|p2a: Keldeo
|-status|p2a: Keldeo|brn
|
|-damage|p2a: Keldeo|88/100 brn|[from] brn
|upkeep
|turn|3
|
|t:|1716770698
|switch|p1a: Celebi|Celebi|100/100
|move|p2a: Keldeo|Secret Sword|p1a: Celebi
|-resisted|p1a: Celebi
|-damage|p1a: Celebi|72/100
|
|-heal|p1a: Celebi|78/100|[from] item: Leftovers
|-damage|p2a: Keldeo|76/100 brn|[from] brn
|upkeep
|turn|4
|
|t:|1716770709
|switch|p2a: Heatran|Heatran, F, shiny|100/100
|-item|p2a: Heatran|Air Balloon
|move|p1a: Celebi|Baton Pass|p1a: Celebi
|
|t:|1716770714
|switch|p1a: Terrakion|Terrakion|100/100|[from] Baton Pass
|
|upkeep
|turn|5
|
|t:|1716770720
|switch|p2a: Landorus|Landorus-Therian, M, shiny|100/100
|-ability|p2a: Landorus|Intimidate|boost
|-unboost|p1a: Terrakion|atk|1
|move|p1a: Terrakion|Close Combat|p2a: Landorus
|-resisted|p2a: Landorus
|-damage|p2a: Landorus|77/100
|-unboost|p1a: Terrakion|def|1
|-unboost|p1a: Terrakion|spd|1
|
|upkeep
|turn|6
|
|t:|1716770740
|switch|p1a: Rotom|Rotom-Wash|100/100
|switch|p2a: Tyranitar|Tyranitar, M, shiny|100/100
|-weather|Sandstorm|[from] ability: Sand Stream|[of] p2a: Tyranitar
|
|-weather|Sandstorm|[upkeep]
|-damage|p1a: Rotom|94/100|[from] Sandstorm
|-heal|p1a: Rotom|100/100|[from] item: Leftovers
|upkeep
|turn|7
|
|t:|1716770752
|move|p1a: Rotom|Hydro Pump|p2a: Tyranitar
|-supereffective|p2a: Tyranitar
|-damage|p2a: Tyranitar|61/100
|move|p2a: Tyranitar|Crunch|p1a: Rotom
|-damage|p1a: Rotom|67/100
|
|-weather|Sandstorm|[upkeep]
|-damage|p1a: Rotom|61/100|[from] Sandstorm
|-heal|p1a: Rotom|67/100|[from] item: Leftovers
|upkeep
|turn|8
|
|t:|1716770764
|move|p1a: Rotom|Will-O-Wisp|p2a: Tyranitar|[miss]
|-miss|p1a: Rotom|p2a: Tyranitar
|move|p2a: Tyranitar|Crunch|p1a: Rotom
|-damage|p1a: Rotom|32/100
|
|-weather|Sandstorm|[upkeep]
|-damage|p1a: Rotom|26/100|[from] Sandstorm
|-heal|p1a: Rotom|32/100|[from] item: Leftovers
|upkeep
|turn|9
|
|t:|1716770774
|switch|p2a: Latios|Latios, M|100/100
|move|p1a: Rotom|Will-O-Wisp|p2a: Latios
|-status|p2a: Latios|brn
|
|-weather|Sandstorm|[upkeep]
|-damage|p2a: Latios|95/100 brn|[from] Sandstorm
|-damage|p1a: Rotom|26/100|[from] Sandstorm
|-heal|p1a: Rotom|32/100|[from] item: Leftovers
|-damage|p2a: Latios|82/100 brn|[from] brn
|upkeep
|turn|10
|
|t:|1716770787
|move|p2a: Latios|Draco Meteor|p1a: Rotom
|-damage|p1a: Rotom|0 fnt
|-unboost|p2a: Latios|spa|2
|faint|p1a: Rotom
|
|-weather|Sandstorm|[upkeep]
|-damage|p2a: Latios|76/100 brn|[from] Sandstorm
|-damage|p2a: Latios|64/100 brn|[from] brn
|upkeep
|
|t:|1716770789
|switch|p1a: Scizor|Scizor, M|100/100
|turn|11
|
|t:|1716770800
|-activate|p2a: Latios|move: Pursuit
|move|p1a: Scizor|Pursuit|p2a: Latios|[from]Pursuit
|-supereffective|p2a: Latios
|-damage|p2a: Latios|0 fnt
|faint|p2a: Latios
|-hint|A Pokemon can't switch between when it runs out of HP and when it faints
|
|-weather|Sandstorm|[upkeep]
|upkeep
|
|t:|1716770809
|switch|p2a: Heatran|Heatran, F, shiny|100/100
|-item|p2a: Heatran|Air Balloon
|turn|12
|
|t:|1716770814
|switch|p1a: Keldeo|Keldeo|100/100
|move|p2a: Heatran|Magma Storm|p1a: Keldeo
|-resisted|p1a: Keldeo
|-damage|p1a: Keldeo|64/100
|-activate|p1a: Keldeo|move: Magma Storm|[of] p2a: Heatran
|
|-weather|Sandstorm|[upkeep]
|-damage|p1a: Keldeo|58/100|[from] Sandstorm
|-heal|p1a: Keldeo|64/100|[from] item: Leftovers
|-damage|p1a: Keldeo|58/100|[from] move: Magma Storm|[partiallytrapped]
|upkeep
|turn|13
|
|t:|1716770829
|switch|p2a: Tyranitar|Tyranitar, M, shiny|61/100
|move|p1a: Keldeo|Surf|p2a: Tyranitar
|-supereffective|p2a: Tyranitar
|-damage|p2a: Tyranitar|18/100
|
|-weather|Sandstorm|[upkeep]
|-damage|p1a: Keldeo|52/100|[from] Sandstorm
|-heal|p1a: Keldeo|58/100|[from] item: Leftovers
|upkeep
|turn|14
|
|t:|1716770839
|move|p1a: Keldeo|Surf|p2a: Tyranitar
|-supereffective|p2a: Tyranitar
|-damage|p2a: Tyranitar|0 fnt
|faint|p2a: Tyranitar
|
|-weather|Sandstorm|[upkeep]
|-damage|p1a: Keldeo|52/100|[from] Sandstorm
|-heal|p1a: Keldeo|58/100|[from] item: Leftovers
|upkeep
|
|t:|1716770851
|switch|p2a: Keldeo|Keldeo-Resolute|76/100 brn
|turn|15
|
|t:|1716770855
|switch|p2a: Heatran|Heatran, F, shiny|100/100
|-item|p2a: Heatran|Air Balloon
|switch|p1a: Celebi|Celebi|78/100
|
|-weather|Sandstorm|[upkeep]
|-damage|p1a: Celebi|72/100|[from] Sandstorm
|-heal|p1a: Celebi|78/100|[from] item: Leftovers
|upkeep
|turn|16
|
|t:|1716770867
|switch|p1a: Terrakion|Terrakion|100/100
|move|p2a: Heatran|Magma Storm|p1a: Terrakion|[miss]
|-miss|p2a: Heatran|p1a: Terrakion
|
|-weather|Sandstorm|[upkeep]
|upkeep
|turn|17
|
|t:|1716770876
|switch|p2a: Landorus|Landorus-Therian, M, shiny|77/100
|-ability|p2a: Landorus|Intimidate|boost
|-unboost|p1a: Terrakion|atk|1
|move|p1a: Terrakion|Close Combat|p2a: Landorus
|-resisted|p2a: Landorus
|-damage|p2a: Landorus|51/100
|-unboost|p1a: Terrakion|def|1
|-unboost|p1a: Terrakion|spd|1
|
|-weather|Sandstorm|[upkeep]
|upkeep
|turn|18
|
|t:|1716770888
|switch|p1a: Landorus|Landorus-Therian, M|100/100
|-ability|p1a: Landorus|Intimidate|boost
|-unboost|p2a: Landorus|atk|1
|move|p2a: Landorus|Earthquake|p1a: Landorus
|-immune|p1a: Landorus
|
|-weather|Sandstorm|[upkeep]
|upkeep
|turn|19
|
|t:|1716770898
|move|p1a: Landorus|U-turn|p2a: Landorus
|-resisted|p2a: Landorus
|-damage|p2a: Landorus|38/100
|
|t:|1716770900
|switch|p1a: Celebi|Celebi|78/100|[from] U-turn
|move|p2a: Landorus|Earthquake|p1a: Celebi
|-resisted|p1a: Celebi
|-damage|p1a: Celebi|61/100
|
|-weather|Sandstorm|[upkeep]
|-damage|p1a: Celebi|55/100|[from] Sandstorm
|-heal|p1a: Celebi|61/100|[from] item: Leftovers
|upkeep
|turn|20
|
|t:|1716770912
|switch|p2a: Garchomp|Garchomp, F|100/100
|move|p1a: Celebi|Baton Pass|p1a: Celebi
|
|t:|1716770915
|switch|p1a: Landorus|Landorus-Therian, M|100/100|[from] Baton Pass
|-ability|p1a: Landorus|Intimidate|boost
|-unboost|p2a: Garchomp|atk|1
|
|-weather|Sandstorm|[upkeep]
|upkeep
|turn|21
|
|t:|1716770924
|switch|p2a: Landorus|Landorus-Therian, M, shiny|38/100
|-ability|p2a: Landorus|Intimidate|boost
|-unboost|p1a: Landorus|atk|1
|move|p1a: Landorus|Hidden Power|p2a: Landorus
|-supereffective|p2a: Landorus
|-damage|p2a: Landorus|0 fnt
|faint|p2a: Landorus
|
|-weather|Sandstorm|[upkeep]
|upkeep
|
|t:|1716770936
|switch|p2a: Keldeo|Keldeo-Resolute|76/100 brn
|turn|22
|
|t:|1716770940
|switch|p2a: Garchomp|Garchomp, F|100/100
|switch|p1a: Celebi|Celebi|61/100
|
|-weather|Sandstorm|[upkeep]
|-damage|p1a: Celebi|55/100|[from] Sandstorm
|-heal|p1a: Celebi|61/100|[from] item: Leftovers
|upkeep
|turn|23
|
|t:|1716770951
|switch|p1a: Landorus|Landorus-Therian, M|100/100
|-ability|p1a: Landorus|Intimidate|boost
|-unboost|p2a: Garchomp|atk|1
|move|p2a: Garchomp|Swords Dance|p2a: Garchomp
|-boost|p2a: Garchomp|atk|2
|
|-weather|Sandstorm|[upkeep]
|upkeep
|turn|24
|
|t:|1716770962
|move|p2a: Garchomp|Swords Dance|p2a: Garchomp
|-boost|p2a: Garchomp|atk|2
|move|p1a: Landorus|Hidden Power|p2a: Garchomp
|-supereffective|p2a: Garchomp
|-damage|p2a: Garchomp|29/100
|
|-weather|Sandstorm|[upkeep]
|upkeep
|turn|25
|
|t:|1716770972
|switch|p1a: Scizor|Scizor, M|100/100
|move|p2a: Garchomp|Dual Chop|p1a: Scizor
|-resisted|p1a: Scizor
|-damage|p1a: Scizor|68/100
|-resisted|p1a: Scizor
|-damage|p1a: Scizor|37/100
|-hitcount|p1a: Scizor|2
|
|-weather|Sandstorm|[upkeep]
|upkeep
|turn|26
|
|t:|1716770983
|move|p1a: Scizor|Bullet Punch|p2a: Garchomp
|-damage|p2a: Garchomp|0 fnt
|-damage|p1a: Scizor|24/100|[from] ability: Rough Skin|[of] p2a: Garchomp
|faint|p2a: Garchomp
|
|-weather|Sandstorm|[upkeep]
|upkeep
|
|t:|1716770990
|switch|p2a: Heatran|Heatran, F, shiny|100/100
|-item|p2a: Heatran|Air Balloon
|turn|27
|
|t:|1716771005
|switch|p1a: Keldeo|Keldeo|58/100
|move|p2a: Heatran|Sunny Day|p2a: Heatran
|-weather|SunnyDay
|
|-weather|SunnyDay|[upkeep]
|-heal|p1a: Keldeo|64/100|[from] item: Leftovers
|upkeep
|turn|28
|
|t:|1716771015
|move|p1a: Keldeo|Surf|p2a: Heatran
|-supereffective|p2a: Heatran
|-damage|p2a: Heatran|55/100
|-enditem|p2a: Heatran|Air Balloon
|move|p2a: Heatran|Solar Beam||[still]
|-prepare|p2a: Heatran|Solar Beam
|-anim|p2a: Heatran|Solar Beam|p1a: Keldeo
|-supereffective|p1a: Keldeo
|-damage|p1a: Keldeo|0 fnt
|faint|p1a: Keldeo
|
|-weather|SunnyDay|[upkeep]
|upkeep
|
|t:|1716771019
|switch|p1a: Terrakion|Terrakion|100/100
|turn|29
|
|t:|1716771030
|move|p1a: Terrakion|Close Combat|p2a: Heatran
|-supereffective|p2a: Heatran
|-damage|p2a: Heatran|0 fnt
|-unboost|p1a: Terrakion|def|1
|-unboost|p1a: Terrakion|spd|1
|faint|p2a: Heatran
|
|-weather|SunnyDay|[upkeep]
|upkeep
|
|t:|1716771038
|switch|p2a: Keldeo|Keldeo-Resolute|76/100 brn
|turn|30
|
|t:|1716771042
|move|p1a: Terrakion|Close Combat|p2a: Keldeo
|-damage|p2a: Keldeo|0 fnt
|-unboost|p1a: Terrakion|def|1
|-unboost|p1a: Terrakion|spd|1
|faint|p2a: Keldeo
|
|win|Lddghioi
|raw|Lddghioi's rating: 1499 &rarr; <strong>1512</strong><br />(+13 for winning)
|raw|fangqiang's rating: 1372 &rarr; <strong>1359</strong><br />(-13 for losing)
|c|☆Lddghioi|Gg
|l|☆fangqiang
|player|p2|
