|join|fatestay
|join|chimps
|player|p1|fatestay|123
|player|p2|chimps|262
|gametype|singles
|gen|5
|tier|[Gen 5] OU
|rated
|rule|Evasion Abilities Clause: Evasion abilities are banned
|clearpoke
|poke|p1|Tyranitar, M
|poke|p1|Landorus-Therian, M
|poke|p1|Stoutland, M
|poke|p1|Rotom-Wash
|poke|p1|Scizor, F
|poke|p1|Celebi
|poke|p2|Infernape, M
|poke|p2|Gengar, M
|poke|p2|Espeon, F
|poke|p2|Ferrothorn, F
|poke|p2|Dragonite, M
|poke|p2|Umbreon, M
|rule|Sleep Clause Mod: Limit one foe put to sleep
|rule|Species Clause: Limit one of each Pokemon
|rule|OHKO Clause: OHKO moves are banned
|rule|Moody Clause: Moody is banned
|rule|Evasion Moves Clause: Evasion moves are banned
|rule|Endless Battle Clause: Forcing endless battles is banned.
|rule|HP Percentage Mod: HP is reported as percentages
|teampreview
|chat|fatestay|hi
|chat|fatestay|hf
|
|start
|switch|p1a: Rotom-Wash|Rotom-Wash|242/242
|switch|p2a: Chimps|Infernape, M|293/293
|turn|1
|
|move|p2a: Chimps|Close Combat|p1a: Rotom-Wash
|-damage|p1a: Rotom-Wash|0 fnt
|-unboost|p2a: Chimps|def|1
|-unboost|p2a: Chimps|spd|1
|-damage|p2a: Chimps|264/293|[from] item: Life Orb
|faint|p1a: Rotom-Wash
|
|
|switch|p1a: Tyranitar|Tyranitar, M|341/341
|-weather|Sandstorm|[from] ability: Sand Stream|[of] p1a: Tyranitar
|turn|2
|
|switch|p1a: Landorus-Therian|Landorus-Therian, M|369/369
|-ability|p1a: Landorus-Therian|Intimidate|[of] p2a: Chimps
|-unboost|p2a: Chimps|atk|1
|switch|p2a: Ferrothorn|Ferrothorn, F|310/310
|
|-weather|Sandstorm|[upkeep]
|turn|3
|
|switch|p2a: Espeon|Espeon, F|272/272
|move|p1a: Landorus-Therian|Substitute|p1a: Landorus-Therian
|-start|p1a: Landorus-Therian|Substitute
|-damage|p1a: Landorus-Therian|277/369
|
|-weather|Sandstorm|[upkeep]
|-damage|p2a: Espeon|255/272|[from] sandstorm
|-heal|p1a: Landorus-Therian|300/369|[from] item: Leftovers
|turn|4
|
|move|p2a: Espeon|Psychic|p1a: Landorus-Therian
|-end|p1a: Landorus-Therian|Substitute
|move|p1a: Landorus-Therian|Earthquake|p2a: Espeon
|-damage|p2a: Espeon|0 fnt
|faint|p2a: Espeon
|
|-weather|Sandstorm|[upkeep]
|-heal|p1a: Landorus-Therian|323/369|[from] item: Leftovers
|
|switch|p2a: Dragonite|Dragonite, M|324/324
|turn|5
|
|move|p1a: Landorus-Therian|Bulk Up|p1a: Landorus-Therian
|-boost|p1a: Landorus-Therian|atk|1
|-boost|p1a: Landorus-Therian|def|1
|move|p2a: Dragonite|Dragon Dance|p2a: Dragonite
|-boost|p2a: Dragonite|atk|1
|-boost|p2a: Dragonite|spe|1
|
|-weather|Sandstorm|[upkeep]
|-damage|p2a: Dragonite|304/324|[from] sandstorm
|-heal|p2a: Dragonite|324/324|[from] item: Leftovers
|-heal|p1a: Landorus-Therian|346/369|[from] item: Leftovers
|turn|6
|
|move|p2a: Dragonite|Dragon Claw|p1a: Landorus-Therian
|-damage|p1a: Landorus-Therian|171/369
|move|p1a: Landorus-Therian|Substitute|p1a: Landorus-Therian
|-start|p1a: Landorus-Therian|Substitute
|-damage|p1a: Landorus-Therian|79/369
|
|-weather|Sandstorm|[upkeep]
|-damage|p2a: Dragonite|304/324|[from] sandstorm
|-heal|p2a: Dragonite|324/324|[from] item: Leftovers
|-heal|p1a: Landorus-Therian|102/369|[from] item: Leftovers
|turn|7
|
|move|p2a: Dragonite|Dragon Claw|p1a: Landorus-Therian
|-end|p1a: Landorus-Therian|Substitute
|move|p1a: Landorus-Therian|Gravity|p1a: Landorus-Therian
|-fieldstart|move: Gravity
|
|-weather|Sandstorm|[upkeep]
|-damage|p2a: Dragonite|304/324|[from] sandstorm
|-heal|p2a: Dragonite|324/324|[from] item: Leftovers
|-heal|p1a: Landorus-Therian|125/369|[from] item: Leftovers
|turn|8
|
|switch|p1a: Tyranitar|Tyranitar, M|341/341
|move|p2a: Dragonite|Dragon Claw|p1a: Tyranitar
|-damage|p1a: Tyranitar|119/341
|
|-weather|Sandstorm|[upkeep]
|-damage|p2a: Dragonite|304/324|[from] sandstorm
|-heal|p2a: Dragonite|324/324|[from] item: Leftovers
|turn|9
|
|move|p2a: Dragonite|Dragon Claw|p1a: Tyranitar
|-crit|p1a: Tyranitar
|-damage|p1a: Tyranitar|0 fnt
|faint|p1a: Tyranitar
|
|-weather|Sandstorm|[upkeep]
|-damage|p2a: Dragonite|304/324|[from] sandstorm
|-heal|p2a: Dragonite|324/324|[from] item: Leftovers
|
|switch|p1a: Landorus-Therian|Landorus-Therian, M|125/369
|-ability|p1a: Landorus-Therian|Intimidate|[of] p2a: Dragonite
|-unboost|p2a: Dragonite|atk|1
|turn|10
|
|switch|p1a: Scizor|Scizor, F|343/343
|move|p2a: Dragonite|Dragon Claw|p1a: Scizor
|-resisted|p1a: Scizor
|-damage|p1a: Scizor|265/343
|
|-weather|Sandstorm|[upkeep]
|-damage|p2a: Dragonite|304/324|[from] sandstorm
|-heal|p2a: Dragonite|324/324|[from] item: Leftovers
|-heal|p1a: Scizor|286/343|[from] item: Leftovers
|turn|11
|
|move|p2a: Dragonite|Fire Punch|p1a: Scizor
|-supereffective|p1a: Scizor
|-damage|p1a: Scizor|0 fnt
|faint|p1a: Scizor
|
|-weather|Sandstorm|[upkeep]
|-damage|p2a: Dragonite|304/324|[from] sandstorm
|-heal|p2a: Dragonite|324/324|[from] item: Leftovers
|-fieldend|move: Gravity
|
|switch|p1a: Landorus-Therian|Landorus-Therian, M|125/369
|-ability|p1a: Landorus-Therian|Intimidate|[of] p2a: Dragonite
|-unboost|p2a: Dragonite|atk|1
|turn|12
|
|switch|p1a: Stoutland|Stoutland, M|311/311
|move|p2a: Dragonite|Dragon Claw|p1a: Stoutland
|-damage|p1a: Stoutland|194/311
|
|-weather|Sandstorm|[upkeep]
|-damage|p2a: Dragonite|304/324|[from] sandstorm
|-heal|p2a: Dragonite|324/324|[from] item: Leftovers
|turn|13
|
|switch|p2a: Gengar|Gengar, M|262/262
|move|p1a: Stoutland|Return|p2a: Gengar
|-immune|p2a: Gengar|[msg]
|
|-weather|Sandstorm|[upkeep]
|-damage|p2a: Gengar|246/262|[from] sandstorm
|turn|14
|
|switch|p1a: Celebi|Celebi|404/404
|move|p2a: Gengar|Focus Blast|p1a: Celebi|[miss]
|-miss|p2a: Gengar|p1a: Celebi
|
|-weather|Sandstorm|[upkeep]
|-damage|p2a: Gengar|230/262|[from] sandstorm
|-damage|p1a: Celebi|379/404|[from] sandstorm
|-heal|p1a: Celebi|404/404|[from] item: Leftovers
|turn|15
|
|switch|p2a: Umbreon|Umbreon, M|343/343
|move|p1a: Celebi|Stealth Rock|p2a: Umbreon
|-sidestart|p2: chimps|move: Stealth Rock
|
|-weather|Sandstorm|[upkeep]
|-damage|p1a: Celebi|379/404|[from] sandstorm
|-damage|p2a: Umbreon|322/343|[from] sandstorm
|-heal|p1a: Celebi|404/404|[from] item: Leftovers
|-heal|p2a: Umbreon|343/343|[from] item: Leftovers
|turn|16
|
|move|p1a: Celebi|U-turn|p2a: Umbreon
|-supereffective|p2a: Umbreon
|-damage|p2a: Umbreon|281/343
|
|switch|p1a: Stoutland|Stoutland, M|194/311
|move|p2a: Umbreon|Toxic|p1a: Stoutland
|-status|p1a: Stoutland|tox
|
|-weather|Sandstorm|[upkeep]
|-damage|p2a: Umbreon|260/343|[from] sandstorm
|-heal|p2a: Umbreon|281/343|[from] item: Leftovers
|-damage|p1a: Stoutland|175/311 tox|[from] psn
|turn|17
|
|move|p1a: Stoutland|Pursuit|p2a: Umbreon
|-resisted|p2a: Umbreon
|-damage|p2a: Umbreon|258/343
|move|p2a: Umbreon|Wish|p2a: Umbreon
|
|-weather|Sandstorm|[upkeep]
|-damage|p2a: Umbreon|237/343|[from] sandstorm
|-heal|p2a: Umbreon|258/343|[from] item: Leftovers
|-damage|p1a: Stoutland|137/311 tox|[from] psn
|turn|18
|
|switch|p1a: Landorus-Therian|Landorus-Therian, M|125/369
|-ability|p1a: Landorus-Therian|Intimidate|[of] p2a: Umbreon
|-unboost|p2a: Umbreon|atk|1
|move|p2a: Umbreon|Protect|p2a: Umbreon
|-fail|p2a: Umbreon
|
|-weather|Sandstorm|[upkeep]
|-damage|p2a: Umbreon|237/343|[from] sandstorm
|-heal|p2a: Umbreon|343/343|[from] move: Wish|[wisher] Umbreon
|-heal|p1a: Landorus-Therian|148/369|[from] item: Leftovers
|turn|19
|
|move|p1a: Landorus-Therian|Substitute|p1a: Landorus-Therian
|-start|p1a: Landorus-Therian|Substitute
|-damage|p1a: Landorus-Therian|56/369
|move|p2a: Umbreon|Wish|p2a: Umbreon
|
|-weather|Sandstorm|[upkeep]
|-damage|p2a: Umbreon|322/343|[from] sandstorm
|-heal|p1a: Landorus-Therian|79/369|[from] item: Leftovers
|-heal|p2a: Umbreon|343/343|[from] item: Leftovers
|turn|20
|
|switch|p2a: Dragonite|Dragonite, M|324/324
|-damage|p2a: Dragonite|243/324|[from] Stealth Rock
|move|p1a: Landorus-Therian|Bulk Up|p1a: Landorus-Therian
|-boost|p1a: Landorus-Therian|atk|1
|-boost|p1a: Landorus-Therian|def|1
|
|-weather|Sandstorm|[upkeep]
|-damage|p2a: Dragonite|223/324|[from] sandstorm
|-heal|p2a: Dragonite|324/324|[from] move: Wish|[wisher] Umbreon
|-heal|p1a: Landorus-Therian|102/369|[from] item: Leftovers
|turn|21
|
|move|p1a: Landorus-Therian|Gravity|p1a: Landorus-Therian
|-fieldstart|move: Gravity
|move|p2a: Dragonite|Dragon Claw|p1a: Landorus-Therian
|-end|p1a: Landorus-Therian|Substitute
|
|-weather|Sandstorm|[upkeep]
|-damage|p2a: Dragonite|304/324|[from] sandstorm
|-heal|p1a: Landorus-Therian|125/369|[from] item: Leftovers
|-heal|p2a: Dragonite|324/324|[from] item: Leftovers
|turn|22
|
|move|p1a: Landorus-Therian|Earthquake|p2a: Dragonite
|-damage|p2a: Dragonite|170/324
|move|p2a: Dragonite|Dragon Claw|p1a: Landorus-Therian
|-damage|p1a: Landorus-Therian|23/369
|
|-weather|Sandstorm|[upkeep]
|-damage|p2a: Dragonite|150/324|[from] sandstorm
|-heal|p1a: Landorus-Therian|46/369|[from] item: Leftovers
|-heal|p2a: Dragonite|170/324|[from] item: Leftovers
|turn|23
|
|move|p1a: Landorus-Therian|Earthquake|p2a: Dragonite
|-damage|p2a: Dragonite|0 fnt
|faint|p2a: Dragonite
|
|-weather|Sandstorm|[upkeep]
|-heal|p1a: Landorus-Therian|69/369|[from] item: Leftovers
|
|switch|p2a: Chimps|Infernape, M|264/293
|-damage|p2a: Chimps|228/293|[from] Stealth Rock
|turn|24
|
|switch|p1a: Celebi|Celebi|404/404
|move|p2a: Chimps|Fire Punch|p1a: Celebi
|-supereffective|p1a: Celebi
|-damage|p1a: Celebi|35/404
|-damage|p2a: Chimps|199/293|[from] item: Life Orb
|
|-weather|Sandstorm|[upkeep]
|-damage|p2a: Chimps|181/293|[from] sandstorm
|-damage|p1a: Celebi|10/404|[from] sandstorm
|-heal|p1a: Celebi|35/404|[from] item: Leftovers
|turn|25
|
|move|p2a: Chimps|Fire Punch|p1a: Celebi
|-supereffective|p1a: Celebi
|-damage|p1a: Celebi|0 fnt
|-damage|p2a: Chimps|152/293|[from] item: Life Orb
|faint|p1a: Celebi
|
|-weather|Sandstorm|[upkeep]
|-damage|p2a: Chimps|134/293|[from] sandstorm
|-fieldend|move: Gravity
|
|switch|p1a: Stoutland|Stoutland, M|137/311 tox
|turn|26
|
|move|p2a: Chimps|Mach Punch|p1a: Stoutland
|-supereffective|p1a: Stoutland
|-damage|p1a: Stoutland|0 fnt
|-damage|p2a: Chimps|105/293|[from] item: Life Orb
|faint|p1a: Stoutland
|
|-weather|Sandstorm|[upkeep]
|-damage|p2a: Chimps|87/293|[from] sandstorm
|
|switch|p1a: Landorus-Therian|Landorus-Therian, M|69/369
|-ability|p1a: Landorus-Therian|Intimidate|[of] p2a: Chimps
|-unboost|p2a: Chimps|atk|1
|turn|27
|
|move|p2a: Chimps|Fire Punch|p1a: Landorus-Therian
|-damage|p1a: Landorus-Therian|0 fnt
|-damage|p2a: Chimps|58/293|[from] item: Life Orb
|faint|p1a: Landorus-Therian
|
|win|chimps
|raw|Ladder updating...
|raw|fatestay's rating: 1332 &rarr; <strong>1313</strong><br />(-19 for losing)
|raw|chimps's rating: 1344 &rarr; <strong>1363</strong><br />(+19 for winning)
|chat|chimps|gg
|chat|fatestay|gg