|j|☆Claude's Journey
|j|☆NoretreatC1
|t:|1746655184
|gametype|singles
|player|p1|Claude's Journey|lass-gen1rb|1434
|player|p2|NoretreatC1|gambler|1353
|teamsize|p1|6
|teamsize|p2|6
|gen|5
|tier|[Gen 5] OU
|rated|
|rule|Species Clause: Limit one of each Pokémon
|rule|OHKO Clause: OHKO moves are banned
|rule|Moody Clause: Moody is banned
|rule|Evasion Items Clause: Evasion items are banned
|rule|Evasion Moves Clause: Evasion moves are banned
|rule|Endless Battle Clause: Forcing endless battles is banned
|rule|HP Percentage Mod: HP is shown in percentages
|rule|Evasion Abilities Clause: Evasion abilities are banned
|rule|Sleep Moves Clause: Sleep-inducing moves are banned
|rule|Swagger Clause: Swagger is banned
|rule|Baton Pass Stat Clause: No Baton Passer may have a way to boost its stats
|clearpoke
|poke|p1|Politoed, M|item
|poke|p1|Ferrothorn, M|item
|poke|p1|Volcarona, F|item
|poke|p1|Excadrill, M|item
|poke|p1|Latios, M|item
|poke|p1|Azumarill, F|item
|poke|p2|Tyranitar, M|item
|poke|p2|Landorus-Therian, M|item
|poke|p2|Ferrothorn, M|item
|poke|p2|Latios, M|item
|poke|p2|Alakazam, F|item
|poke|p2|Keldeo|item
|teampreview
|inactive|Battle timer is ON: inactive players will automatically lose when time's up. (requested by NoretreatC1)
|
|t:|1746655195
|start
|switch|p1a: Politoed|Politoed, M|100/100
|switch|p2a: Keldeo|Keldeo|100/100
|-weather|RainDance|[from] ability: Drizzle|[of] p1a: Politoed
|turn|1
|
|t:|1746655198
|move|p2a: Keldeo|Secret Sword|p1a: Politoed
|-damage|p1a: Politoed|64/100
|move|p1a: Politoed|Encore|p2a: Keldeo
|-start|p2a: Keldeo|Encore
|
|-weather|RainDance|[upkeep]
|-heal|p1a: Politoed|71/100|[from] item: Leftovers
|upkeep
|turn|2
|
|t:|1746655208
|switch|p2a: Tyranitar|Tyranitar, M|100/100
|-weather|Sandstorm|[from] ability: Sand Stream|[of] p2a: Tyranitar
|move|p1a: Politoed|Scald|p2a: Tyranitar
|-supereffective|p2a: Tyranitar
|-damage|p2a: Tyranitar|77/100
|
|-weather|Sandstorm|[upkeep]
|-damage|p1a: Politoed|64/100|[from] Sandstorm
|-heal|p1a: Politoed|71/100|[from] item: Leftovers
|upkeep
|turn|3
|
|t:|1746655215
|move|p1a: Politoed|Protect|p1a: Politoed
|-singleturn|p1a: Politoed|Protect
|move|p2a: Tyranitar|Thunder Wave|p1a: Politoed
|-activate|p1a: Politoed|move: Protect
|
|-weather|Sandstorm|[upkeep]
|-damage|p1a: Politoed|64/100|[from] Sandstorm
|-heal|p1a: Politoed|71/100|[from] item: Leftovers
|upkeep
|turn|4
|
|t:|1746655227
|switch|p1a: Ferrothorn|Ferrothorn, M|100/100
|switch|p2a: Ferrothorn|Ferrothorn, M|100/100
|
|-weather|Sandstorm|[upkeep]
|upkeep
|turn|5
|
|t:|1746655236
|switch|p2a: Alakazam|Alakazam, F|100/100
|move|p1a: Ferrothorn|Stealth Rock|p2a: Alakazam
|-sidestart|p2: NoretreatC1|move: Stealth Rock
|
|-weather|Sandstorm|[upkeep]
|upkeep
|turn|6
|
|t:|1746655239
|move|p2a: Alakazam|Hidden Power|p1a: Ferrothorn
|-supereffective|p1a: Ferrothorn
|-damage|p1a: Ferrothorn|22/100
|move|p1a: Ferrothorn|Gyro Ball|p2a: Alakazam
|-damage|p2a: Alakazam|0 fnt
|faint|p2a: Alakazam
|
|-weather|Sandstorm|[upkeep]
|upkeep
|
|t:|1746655248
|switch|p2a: Keldeo|Keldeo|100/100
|-damage|p2a: Keldeo|94/100|[from] Stealth Rock
|turn|7
|
|t:|1746655254
|move|p2a: Keldeo|Secret Sword|p1a: Ferrothorn
|-supereffective|p1a: Ferrothorn
|-damage|p1a: Ferrothorn|0 fnt
|faint|p1a: Ferrothorn
|
|-weather|Sandstorm|[upkeep]
|-damage|p2a: Keldeo|88/100|[from] Sandstorm
|-heal|p2a: Keldeo|94/100|[from] item: Leftovers
|upkeep
|
|t:|1746655256
|switch|p1a: Volcarona|Volcarona, F|100/100
|turn|8
|
|t:|1746655263
|move|p2a: Keldeo|Taunt|p1a: Volcarona
|-start|p1a: Volcarona|move: Taunt
|cant|p1a: Volcarona|move: Taunt|Quiver Dance
|
|-weather|Sandstorm|[upkeep]
|-damage|p2a: Keldeo|88/100|[from] Sandstorm
|-damage|p1a: Volcarona|94/100|[from] Sandstorm
|-heal|p2a: Keldeo|94/100|[from] item: Leftovers
|upkeep
|turn|9
|
|t:|1746655268
|switch|p1a: Politoed|Politoed, M|71/100
|-weather|RainDance|[from] ability: Drizzle|[of] p1a: Politoed
|move|p2a: Keldeo|Scald|p1a: Politoed
|-resisted|p1a: Politoed
|-damage|p1a: Politoed|44/100
|
|-weather|RainDance|[upkeep]
|-heal|p2a: Keldeo|100/100|[from] item: Leftovers
|-heal|p1a: Politoed|50/100|[from] item: Leftovers
|upkeep
|turn|10
|
|t:|1746655272
|move|p1a: Politoed|Protect|p1a: Politoed
|-singleturn|p1a: Politoed|Protect
|move|p2a: Keldeo|Secret Sword|p1a: Politoed
|-activate|p1a: Politoed|move: Protect
|
|-weather|RainDance|[upkeep]
|-heal|p1a: Politoed|57/100|[from] item: Leftovers
|upkeep
|turn|11
|
|t:|1746655275
|switch|p1a: Latios|Latios, M|100/100
|move|p2a: Keldeo|Secret Sword|p1a: Latios
|-resisted|p1a: Latios
|-damage|p1a: Latios|72/100
|
|-weather|RainDance|[upkeep]
|upkeep
|turn|12
|
|t:|1746655281
|switch|p1a: Azumarill|Azumarill, F|100/100
|switch|p2a: Tyranitar|Tyranitar, M|77/100
|-damage|p2a: Tyranitar|64/100|[from] Stealth Rock
|-weather|Sandstorm|[from] ability: Sand Stream|[of] p2a: Tyranitar
|
|-weather|Sandstorm|[upkeep]
|-damage|p1a: Azumarill|94/100|[from] Sandstorm
|upkeep
|turn|13
|
|t:|1746655286
|switch|p1a: Volcarona|Volcarona, F|94/100
|switch|p2a: Ferrothorn|Ferrothorn, M|100/100
|-damage|p2a: Ferrothorn|94/100|[from] Stealth Rock
|
|-weather|Sandstorm|[upkeep]
|-damage|p1a: Volcarona|88/100|[from] Sandstorm
|upkeep
|turn|14
|
|t:|1746655290
|switch|p2a: Latios|Latios, M|100/100
|-damage|p2a: Latios|88/100|[from] Stealth Rock
|move|p1a: Volcarona|Quiver Dance|p1a: Volcarona
|-boost|p1a: Volcarona|spa|1
|-boost|p1a: Volcarona|spd|1
|-boost|p1a: Volcarona|spe|1
|
|-weather|Sandstorm|[upkeep]
|-damage|p2a: Latios|82/100|[from] Sandstorm
|-damage|p1a: Volcarona|82/100|[from] Sandstorm
|upkeep
|turn|15
|
|t:|1746655293
|move|p2a: Latios|Psyshock|p1a: Volcarona
|-damage|p1a: Volcarona|14/100
|move|p1a: Volcarona|Bug Buzz|p2a: Latios
|-supereffective|p2a: Latios
|-damage|p2a: Latios|0 fnt
|faint|p2a: Latios
|-damage|p1a: Volcarona|4/100|[from] item: Life Orb
|
|-weather|Sandstorm|[upkeep]
|-damage|p1a: Volcarona|0 fnt|[from] Sandstorm
|faint|p1a: Volcarona
|upkeep
|
|t:|1746655303
|switch|p2a: Keldeo|Keldeo|100/100
|switch|p1a: Politoed|Politoed, M|57/100
|-damage|p2a: Keldeo|94/100|[from] Stealth Rock
|-weather|RainDance|[from] ability: Drizzle|[of] p1a: Politoed
|turn|16
|
|t:|1746655307
|move|p1a: Politoed|Protect|p1a: Politoed
|-singleturn|p1a: Politoed|Protect
|move|p2a: Keldeo|Secret Sword|p1a: Politoed
|-activate|p1a: Politoed|move: Protect
|
|-weather|RainDance|[upkeep]
|-heal|p2a: Keldeo|100/100|[from] item: Leftovers
|-heal|p1a: Politoed|63/100|[from] item: Leftovers
|upkeep
|turn|17
|
|t:|1746655313
|move|p2a: Keldeo|Scald|p1a: Politoed
|-resisted|p1a: Politoed
|-damage|p1a: Politoed|36/100
|-status|p1a: Politoed|brn
|move|p1a: Politoed|Scald|p2a: Keldeo
|-resisted|p2a: Keldeo
|-damage|p2a: Keldeo|80/100
|
|-weather|RainDance|[upkeep]
|-heal|p2a: Keldeo|86/100|[from] item: Leftovers
|-heal|p1a: Politoed|42/100 brn|[from] item: Leftovers
|-damage|p1a: Politoed|29/100 brn|[from] brn
|upkeep
|turn|18
|
|t:|1746655319
|switch|p1a: Latios|Latios, M|72/100
|move|p2a: Keldeo|Scald|p1a: Latios
|-resisted|p1a: Latios
|-damage|p1a: Latios|37/100
|
|-weather|RainDance|[upkeep]
|-heal|p2a: Keldeo|92/100|[from] item: Leftovers
|upkeep
|turn|19
|
|t:|1746655322
|switch|p2a: Tyranitar|Tyranitar, M|64/100
|-damage|p2a: Tyranitar|52/100|[from] Stealth Rock
|-weather|Sandstorm|[from] ability: Sand Stream|[of] p2a: Tyranitar
|move|p1a: Latios|Recover|p1a: Latios
|-heal|p1a: Latios|87/100
|
|-weather|Sandstorm|[upkeep]
|-damage|p1a: Latios|81/100|[from] Sandstorm
|upkeep
|turn|20
|
|t:|1746655329
|switch|p1a: Azumarill|Azumarill, F|94/100
|move|p2a: Tyranitar|Fire Blast|p1a: Azumarill|[miss]
|-miss|p2a: Tyranitar|p1a: Azumarill
|
|-weather|Sandstorm|[upkeep]
|-damage|p1a: Azumarill|88/100|[from] Sandstorm
|upkeep
|turn|21
|
|t:|1746655336
|switch|p2a: Ferrothorn|Ferrothorn, M|94/100
|-damage|p2a: Ferrothorn|88/100|[from] Stealth Rock
|move|p1a: Azumarill|Superpower|p2a: Ferrothorn
|-supereffective|p2a: Ferrothorn
|-damage|p2a: Ferrothorn|13/100
|-unboost|p1a: Azumarill|atk|1
|-unboost|p1a: Azumarill|def|1
|-damage|p1a: Azumarill|76/100|[from] ability: Iron Barbs|[of] p2a: Ferrothorn
|
|-weather|Sandstorm|[upkeep]
|-damage|p1a: Azumarill|69/100|[from] Sandstorm
|upkeep
|turn|22
|
|t:|1746655342
|move|p1a: Azumarill|Superpower|p2a: Ferrothorn
|-supereffective|p2a: Ferrothorn
|-damage|p2a: Ferrothorn|0 fnt
|-unboost|p1a: Azumarill|atk|1
|-unboost|p1a: Azumarill|def|1
|-damage|p1a: Azumarill|57/100|[from] ability: Iron Barbs|[of] p2a: Ferrothorn
|faint|p2a: Ferrothorn
|
|-weather|Sandstorm|[upkeep]
|-damage|p1a: Azumarill|51/100|[from] Sandstorm
|upkeep
|
|t:|1746655344
|switch|p2a: Keldeo|Keldeo|92/100
|-damage|p2a: Keldeo|86/100|[from] Stealth Rock
|turn|23
|
|t:|1746655353
|switch|p1a: Excadrill|Excadrill, M|100/100
|-ability|p1a: Excadrill|Mold Breaker
|move|p2a: Keldeo|Hidden Power|p1a: Excadrill
|-resisted|p1a: Excadrill
|-damage|p1a: Excadrill|91/100
|
|-weather|Sandstorm|[upkeep]
|-damage|p2a: Keldeo|80/100|[from] Sandstorm
|-heal|p2a: Keldeo|86/100|[from] item: Leftovers
|-heal|p1a: Excadrill|97/100|[from] item: Leftovers
|upkeep
|turn|24
|
|t:|1746655361
|move|p2a: Keldeo|Secret Sword|p1a: Excadrill
|-supereffective|p1a: Excadrill
|-damage|p1a: Excadrill|0 fnt
|faint|p1a: Excadrill
|
|-weather|Sandstorm|[upkeep]
|-damage|p2a: Keldeo|80/100|[from] Sandstorm
|-heal|p2a: Keldeo|86/100|[from] item: Leftovers
|upkeep
|
|t:|1746655364
|switch|p1a: Latios|Latios, M|81/100
|turn|25
|
|t:|1746655373
|switch|p2a: Landorus|Landorus-Therian, M|100/100
|-damage|p2a: Landorus|88/100|[from] Stealth Rock
|-ability|p2a: Landorus|Intimidate|boost
|-unboost|p1a: Latios|atk|1
|move|p1a: Latios|Surf|p2a: Landorus
|-supereffective|p2a: Landorus
|-damage|p2a: Landorus|42/100
|
|-weather|Sandstorm|[upkeep]
|-damage|p1a: Latios|75/100|[from] Sandstorm
|-heal|p2a: Landorus|48/100|[from] item: Leftovers
|upkeep
|turn|26
|inactive|Claude's Journey has 120 seconds left.
|
|t:|1746655430
|move|p1a: Latios|Draco Meteor|p2a: Landorus
|-damage|p2a: Landorus|0 fnt
|-unboost|p1a: Latios|spa|2
|faint|p2a: Landorus
|
|-weather|Sandstorm|[upkeep]
|-damage|p1a: Latios|69/100|[from] Sandstorm
|upkeep
|
|t:|1746655434
|switch|p2a: Tyranitar|Tyranitar, M|52/100
|-damage|p2a: Tyranitar|39/100|[from] Stealth Rock
|turn|27
|
|t:|1746655436
|switch|p1a: Politoed|Politoed, M|29/100 brn
|-weather|RainDance|[from] ability: Drizzle|[of] p1a: Politoed
|move|p2a: Tyranitar|Thunder Wave||[still]
|-fail|p2a: Tyranitar
|
|-weather|RainDance|[upkeep]
|-heal|p1a: Politoed|36/100 brn|[from] item: Leftovers
|-damage|p1a: Politoed|23/100 brn|[from] brn
|upkeep
|turn|28
|
|t:|1746655443
|switch|p2a: Keldeo|Keldeo|86/100
|-damage|p2a: Keldeo|80/100|[from] Stealth Rock
|move|p1a: Politoed|Scald|p2a: Keldeo
|-resisted|p2a: Keldeo
|-damage|p2a: Keldeo|59/100
|-status|p2a: Keldeo|brn
|
|-weather|RainDance|[upkeep]
|-heal|p2a: Keldeo|66/100 brn|[from] item: Leftovers
|-heal|p1a: Politoed|29/100 brn|[from] item: Leftovers
|-damage|p2a: Keldeo|53/100 brn|[from] brn
|-damage|p1a: Politoed|17/100 brn|[from] brn
|upkeep
|turn|29
|
|t:|1746655447
|move|p2a: Keldeo|Secret Sword|p1a: Politoed
|-damage|p1a: Politoed|0 fnt
|faint|p1a: Politoed
|
|-weather|RainDance|[upkeep]
|-heal|p2a: Keldeo|59/100 brn|[from] item: Leftovers
|-damage|p2a: Keldeo|47/100 brn|[from] brn
|upkeep
|
|t:|1746655453
|switch|p1a: Latios|Latios, M|69/100
|turn|30
|
|t:|1746655457
|switch|p2a: Tyranitar|Tyranitar, M|39/100
|-damage|p2a: Tyranitar|27/100|[from] Stealth Rock
|-weather|Sandstorm|[from] ability: Sand Stream|[of] p2a: Tyranitar
|move|p1a: Latios|Surf|p2a: Tyranitar
|-supereffective|p2a: Tyranitar
|-damage|p2a: Tyranitar|0 fnt
|faint|p2a: Tyranitar
|
|-weather|Sandstorm|[upkeep]
|-damage|p1a: Latios|63/100|[from] Sandstorm
|upkeep
|-message|NoretreatC1 forfeited.
|
|win|Claude's Journey
|raw|Claude&apos;s Journey's rating: 1434 &rarr; <strong>1449</strong><br />(+15 for winning)
|raw|NoretreatC1's rating: 1353 &rarr; <strong>1338</strong><br />(-15 for losing)
|l|☆NoretreatC1
|player|p2|
