|j|‽kinetic koko
|j|☆killerfishsandiego
|t:|1716926793
|gametype|singles
|player|p1|kinetic koko|101|1521
|player|p2|killerfishsandiego|1|1510
|teamsize|p1|6
|teamsize|p2|6
|gen|5
|tier|[Gen 5] OU
|rated|
|rule|Species Clause: Limit one of each Pokémon
|rule|OHKO Clause: OHKO moves are banned
|rule|Moody Clause: Moody is banned
|rule|Evasion Items Clause: Evasion items are banned
|rule|Evasion Moves Clause: Evasion moves are banned
|rule|Endless Battle Clause: Forcing endless battles is banned
|rule|HP Percentage Mod: HP is shown in percentages
|rule|Evasion Abilities Clause: Evasion abilities are banned
|rule|Sleep Moves Clause: Sleep-inducing moves are banned
|rule|Swagger Clause: Swagger is banned
|rule|Baton Pass Stat Clause: No Baton Passer may have a way to boost its stats
|clearpoke
|poke|p1|Tyranitar, F|item
|poke|p1|Keldeo|item
|poke|p1|Landorus-Therian, M|item
|poke|p1|Rotom-Wash|item
|poke|p1|Excadrill, M|item
|poke|p1|Celebi|item
|poke|p2|Metagross|item
|poke|p2|Skarmory, M|item
|poke|p2|Jellicent, M|item
|poke|p2|Tornadus, M|item
|poke|p2|Garchomp, F|item
|poke|p2|Machamp, F|item
|teampreview
|
|t:|1716926809
|start
|switch|p1a: Rotom|Rotom-Wash|100/100
|switch|p2a: Skarmory|Skarmory, M|100/100
|turn|1
|
|t:|1716926815
|move|p2a: Skarmory|Stealth Rock|p1a: Rotom
|-sidestart|p1: kinetic koko|move: Stealth Rock
|move|p1a: Rotom|Volt Switch|p2a: Skarmory
|-supereffective|p2a: Skarmory
|-damage|p2a: Skarmory|23/100
|
|t:|1716926818
|switch|p1a: Excadrill|Excadrill, M|100/100|[from] Volt Switch
|-damage|p1a: Excadrill|98/100|[from] Stealth Rock
|
|-heal|p1a: Excadrill|100/100|[from] item: Leftovers
|upkeep
|turn|2
|
|t:|1716926821
|switch|p2a: Jellicent|Jellicent, M|100/100
|-item|p2a: Jellicent|Air Balloon
|move|p1a: Excadrill|Iron Head|p2a: Jellicent
|-resisted|p2a: Jellicent
|-damage|p2a: Jellicent|82/100
|-enditem|p2a: Jellicent|Air Balloon
|
|upkeep
|turn|3
|
|t:|1716926827
|switch|p1a: Celebi|Celebi|100/100
|-damage|p1a: Celebi|88/100|[from] Stealth Rock
|move|p2a: Jellicent|Will-O-Wisp|p1a: Celebi
|-status|p1a: Celebi|brn
|
|-heal|p1a: Celebi|94/100 brn|[from] item: Leftovers
|-damage|p1a: Celebi|82/100 brn|[from] brn
|upkeep
|turn|4
|
|t:|1716926831
|move|p1a: Celebi|Stealth Rock|p2a: Jellicent
|-sidestart|p2: killerfishsandiego|move: Stealth Rock
|move|p2a: Jellicent|Recover|p2a: Jellicent
|-heal|p2a: Jellicent|100/100
|
|-heal|p1a: Celebi|88/100 brn|[from] item: Leftovers
|-damage|p1a: Celebi|76/100 brn|[from] brn
|upkeep
|turn|5
|
|t:|1716926837
|switch|p2a: Metagross|Metagross|100/100
|-damage|p2a: Metagross|95/100|[from] Stealth Rock
|move|p1a: Celebi|Psychic|p2a: Metagross
|-resisted|p2a: Metagross
|-damage|p2a: Metagross|85/100
|
|-heal|p1a: Celebi|82/100 brn|[from] item: Leftovers
|-damage|p1a: Celebi|70/100 brn|[from] brn
|upkeep
|turn|6
|
|t:|1716926842
|move|p2a: Metagross|Ice Punch|p1a: Celebi
|-supereffective|p1a: Celebi
|-damage|p1a: Celebi|24/100 brn
|move|p1a: Celebi|U-turn|p2a: Metagross
|-damage|p2a: Metagross|80/100
|
|t:|1716926848
|-curestatus|p1a: Celebi|brn|[from] ability: Natural Cure
|switch|p1a: Excadrill|Excadrill, M|100/100|[from] U-turn
|-damage|p1a: Excadrill|98/100|[from] Stealth Rock
|
|-heal|p1a: Excadrill|100/100|[from] item: Leftovers
|upkeep
|turn|7
|
|t:|1716926851
|move|p1a: Excadrill|Earthquake|p2a: Metagross
|-supereffective|p2a: Metagross
|-enditem|p2a: Metagross|Shuca Berry|[eat]
|-enditem|p2a: Metagross|Shuca Berry|[weaken]
|-damage|p2a: Metagross|39/100
|move|p2a: Metagross|Earthquake|p1a: Excadrill
|-supereffective|p1a: Excadrill
|-damage|p1a: Excadrill|21/100
|
|-heal|p1a: Excadrill|27/100|[from] item: Leftovers
|upkeep
|turn|8
|
|t:|1716926859
|move|p1a: Excadrill|Rapid Spin|p2a: Metagross
|-resisted|p2a: Metagross
|-damage|p2a: Metagross|37/100
|-sideend|p1: kinetic koko|Stealth Rock|[from] move: Rapid Spin|[of] p1a: Excadrill
|move|p2a: Metagross|Earthquake|p1a: Excadrill
|-supereffective|p1a: Excadrill
|-damage|p1a: Excadrill|0 fnt
|faint|p1a: Excadrill
|
|upkeep
|
|t:|1716926864
|switch|p1a: Keldeo|Keldeo|100/100
|turn|9
|
|t:|1716926867
|move|p1a: Keldeo|Hidden Power|p2a: Metagross
|-damage|p2a: Metagross|0 fnt
|faint|p2a: Metagross
|
|upkeep
|
|t:|1716926872
|switch|p2a: Skarmory|Skarmory, M|23/100
|-damage|p2a: Skarmory|10/100|[from] Stealth Rock
|turn|10
|-enditem|p2a: Skarmory|Custap Berry|[eat]
|-activate|p2a: Skarmory|item: Custap Berry|[consumed]
|
|t:|1716926876
|move|p2a: Skarmory|Stealth Rock|p1a: Keldeo
|-sidestart|p1: kinetic koko|move: Stealth Rock
|move|p1a: Keldeo|Hidden Power|p2a: Skarmory
|-resisted|p2a: Skarmory
|-damage|p2a: Skarmory|0 fnt
|faint|p2a: Skarmory
|
|upkeep
|
|t:|1716926880
|switch|p2a: Machamp|Machamp, F|100/100
|-damage|p2a: Machamp|94/100|[from] Stealth Rock
|turn|11
|
|t:|1716926885
|switch|p1a: Celebi|Celebi|24/100
|-damage|p1a: Celebi|12/100|[from] Stealth Rock
|move|p2a: Machamp|Dynamic Punch|p1a: Celebi
|-resisted|p1a: Celebi
|-crit|p1a: Celebi
|-damage|p1a: Celebi|0 fnt
|faint|p1a: Celebi
|
|-heal|p2a: Machamp|100/100|[from] item: Leftovers
|upkeep
|
|t:|1716926888
|switch|p1a: Rotom|Rotom-Wash|100/100
|-damage|p1a: Rotom|88/100|[from] Stealth Rock
|turn|12
|
|t:|1716926891
|move|p1a: Rotom|Will-O-Wisp|p2a: Machamp
|-status|p2a: Machamp|brn
|move|p2a: Machamp|Dynamic Punch|p1a: Rotom
|-damage|p1a: Rotom|68/100
|-start|p1a: Rotom|confusion
|
|-heal|p1a: Rotom|74/100|[from] item: Leftovers
|-damage|p2a: Machamp|88/100 brn|[from] brn
|upkeep
|turn|13
|
|t:|1716926896
|-activate|p1a: Rotom|confusion
|-damage|p1a: Rotom|70/100|[from] confusion
|move|p2a: Machamp|Ice Punch|p1a: Rotom
|-resisted|p1a: Rotom
|-damage|p1a: Rotom|65/100
|-status|p1a: Rotom|frz
|
|-heal|p1a: Rotom|71/100 frz|[from] item: Leftovers
|-heal|p2a: Machamp|94/100 brn|[from] item: Leftovers
|-damage|p2a: Machamp|82/100 brn|[from] brn
|upkeep
|turn|14
|
|t:|1716926905
|switch|p2a: Tornadus|Tornadus, M|100/100
|-damage|p2a: Tornadus|76/100|[from] Stealth Rock
|cant|p1a: Rotom|frz
|
|-heal|p1a: Rotom|77/100 frz|[from] item: Leftovers
|upkeep
|turn|15
|
|t:|1716926910
|switch|p1a: Tyranitar|Tyranitar, F|100/100
|-damage|p1a: Tyranitar|88/100|[from] Stealth Rock
|-weather|Sandstorm|[from] ability: Sand Stream|[of] p1a: Tyranitar
|move|p2a: Tornadus|Focus Blast|p1a: Tyranitar
|-supereffective|p1a: Tyranitar
|-enditem|p1a: Tyranitar|Chople Berry|[eat]
|-enditem|p1a: Tyranitar|Chople Berry|[weaken]
|-damage|p1a: Tyranitar|52/100
|
|-weather|Sandstorm|[upkeep]
|-damage|p2a: Tornadus|70/100|[from] Sandstorm
|upkeep
|turn|16
|
|t:|1716926915
|move|p2a: Tornadus|U-turn|p1a: Tyranitar
|-supereffective|p1a: Tyranitar
|-damage|p1a: Tyranitar|26/100
|
|t:|1716926918
|switch|p2a: Garchomp|Garchomp, F|100/100|[from] U-turn
|-damage|p2a: Garchomp|94/100|[from] Stealth Rock
|move|p1a: Tyranitar|Crunch|p2a: Garchomp
|-crit|p2a: Garchomp
|-damage|p2a: Garchomp|12/100
|-damage|p1a: Tyranitar|13/100|[from] ability: Rough Skin|[of] p2a: Garchomp
|
|-weather|Sandstorm|[upkeep]
|upkeep
|turn|17
|
|t:|1716926925
|switch|p1a: Landorus|Landorus-Therian, M|100/100
|-damage|p1a: Landorus|88/100|[from] Stealth Rock
|-ability|p1a: Landorus|Intimidate|boost
|-unboost|p2a: Garchomp|atk|1
|move|p2a: Garchomp|Dual Chop|p1a: Landorus
|-damage|p1a: Landorus|77/100
|-damage|p1a: Landorus|67/100
|-hitcount|p1a: Landorus|2
|
|-weather|Sandstorm|[upkeep]
|upkeep
|turn|18
|
|t:|1716926935
|switch|p2a: Machamp|Machamp, F|82/100 brn
|-damage|p2a: Machamp|75/100 brn|[from] Stealth Rock
|move|p1a: Landorus|Earthquake|p2a: Machamp
|-damage|p2a: Machamp|31/100 brn
|
|-weather|Sandstorm|[upkeep]
|-damage|p2a: Machamp|25/100 brn|[from] Sandstorm
|-heal|p2a: Machamp|31/100 brn|[from] item: Leftovers
|-damage|p2a: Machamp|19/100 brn|[from] brn
|upkeep
|turn|19
|
|t:|1716926939
|move|p1a: Landorus|Earthquake|p2a: Machamp
|-damage|p2a: Machamp|0 fnt
|faint|p2a: Machamp
|
|-weather|Sandstorm|[upkeep]
|upkeep
|
|t:|1716926941
|switch|p2a: Tornadus|Tornadus, M|70/100
|-damage|p2a: Tornadus|45/100|[from] Stealth Rock
|-enditem|p2a: Tornadus|Sitrus Berry|[eat]
|-heal|p2a: Tornadus|70/100|[from] item: Sitrus Berry
|turn|20
|
|t:|1716926946
|switch|p1a: Tyranitar|Tyranitar, F|13/100
|-damage|p1a: Tyranitar|1/100|[from] Stealth Rock
|move|p2a: Tornadus|Hurricane|p1a: Tyranitar
|-resisted|p1a: Tyranitar
|-damage|p1a: Tyranitar|0 fnt
|faint|p1a: Tyranitar
|
|-weather|Sandstorm|[upkeep]
|-damage|p2a: Tornadus|64/100|[from] Sandstorm
|upkeep
|
|t:|1716926952
|switch|p1a: Landorus|Landorus-Therian, M|67/100
|-damage|p1a: Landorus|55/100|[from] Stealth Rock
|-ability|p1a: Landorus|Intimidate|boost
|-unboost|p2a: Tornadus|atk|1
|turn|21
|
|t:|1716926955
|move|p1a: Landorus|U-turn|p2a: Tornadus
|-resisted|p2a: Tornadus
|-damage|p2a: Tornadus|48/100
|
|t:|1716926959
|switch|p1a: Rotom|Rotom-Wash|77/100 frz|[from] U-turn
|-damage|p1a: Rotom|65/100 frz|[from] Stealth Rock
|move|p2a: Tornadus|Hurricane|p1a: Rotom|[miss]
|-miss|p2a: Tornadus|p1a: Rotom
|
|-weather|Sandstorm|[upkeep]
|-damage|p2a: Tornadus|42/100|[from] Sandstorm
|-damage|p1a: Rotom|59/100 frz|[from] Sandstorm
|-heal|p1a: Rotom|65/100 frz|[from] item: Leftovers
|upkeep
|turn|22
|
|t:|1716926963
|move|p2a: Tornadus|Focus Blast|p1a: Rotom
|-crit|p1a: Rotom
|-damage|p1a: Rotom|0 fnt
|faint|p1a: Rotom
|
|-weather|Sandstorm|[upkeep]
|-damage|p2a: Tornadus|36/100|[from] Sandstorm
|upkeep
|
|t:|1716926967
|switch|p1a: Landorus|Landorus-Therian, M|55/100
|-damage|p1a: Landorus|42/100|[from] Stealth Rock
|-ability|p1a: Landorus|Intimidate|boost
|-unboost|p2a: Tornadus|atk|1
|turn|23
|
|t:|1716926971
|switch|p2a: Jellicent|Jellicent, M|100/100
|-damage|p2a: Jellicent|88/100|[from] Stealth Rock
|move|p1a: Landorus|Hidden Power|p2a: Jellicent
|-resisted|p2a: Jellicent
|-damage|p2a: Jellicent|82/100
|
|-weather|Sandstorm|[upkeep]
|-damage|p2a: Jellicent|76/100|[from] Sandstorm
|upkeep
|turn|24
|
|t:|1716926975
|switch|p1a: Keldeo|Keldeo|100/100
|-damage|p1a: Keldeo|94/100|[from] Stealth Rock
|move|p2a: Jellicent|Shadow Ball|p1a: Keldeo
|-crit|p1a: Keldeo
|-damage|p1a: Keldeo|40/100
|
|-weather|Sandstorm|[upkeep]
|-damage|p1a: Keldeo|34/100|[from] Sandstorm
|-damage|p2a: Jellicent|70/100|[from] Sandstorm
|upkeep
|turn|25
|
|t:|1716926985
|move|p1a: Keldeo|Hidden Power|p2a: Jellicent
|-supereffective|p2a: Jellicent
|-damage|p2a: Jellicent|21/100
|move|p2a: Jellicent|Recover|p2a: Jellicent
|-heal|p2a: Jellicent|71/100
|
|-weather|Sandstorm|[upkeep]
|-damage|p1a: Keldeo|28/100|[from] Sandstorm
|-damage|p2a: Jellicent|65/100|[from] Sandstorm
|upkeep
|turn|26
|
|t:|1716926999
|switch|p2a: Tornadus|Tornadus, M|36/100
|-damage|p2a: Tornadus|11/100|[from] Stealth Rock
|move|p1a: Keldeo|Hidden Power|p2a: Tornadus
|-damage|p2a: Tornadus|0 fnt
|faint|p2a: Tornadus
|
|-weather|Sandstorm|[upkeep]
|-damage|p1a: Keldeo|22/100|[from] Sandstorm
|upkeep
|
|t:|1716927004
|switch|p2a: Garchomp|Garchomp, F|12/100
|-damage|p2a: Garchomp|6/100|[from] Stealth Rock
|turn|27
|
|t:|1716927007
|move|p2a: Garchomp|Outrage|p1a: Keldeo
|-damage|p1a: Keldeo|0 fnt
|faint|p1a: Keldeo
|
|-weather|Sandstorm|[upkeep]
|upkeep
|
|t:|1716927009
|switch|p1a: Landorus|Landorus-Therian, M|42/100
|-damage|p1a: Landorus|30/100|[from] Stealth Rock
|-ability|p1a: Landorus|Intimidate|boost
|-unboost|p2a: Garchomp|atk|1
|turn|28
|
|t:|1716927012
|move|p2a: Garchomp|Outrage|p1a: Landorus|[from]lockedmove
|-damage|p1a: Landorus|0 fnt
|faint|p1a: Landorus
|
|win|killerfishsandiego
|raw|kinetic koko's rating: 1521 &rarr; <strong>1500</strong><br />(-21 for losing)
|raw|killerfishsandiego's rating: 1510 &rarr; <strong>1531</strong><br />(+21 for winning)
|l|‽kinetic koko
|player|p1|
