|j|☆ShigureSIREN
|j|☆dark web uzi
|player|p1|ShigureSIREN|anabel|1343
|player|p2|dark web uzi|roxie|1346
|teamsize|p1|6
|teamsize|p2|6
|gametype|singles
|gen|5
|tier|[Gen 5] OU
|rated|
|clearpoke
|poke|p1|Yanmega, M|item
|poke|p1|Ninetales, M|item
|poke|p1|Darmanitan, M|item
|poke|p1|Skarmory, M|item
|poke|p1|Nidoking, M|item
|poke|p1|Latios, M|item
|poke|p2|Conkeldurr, M|item
|poke|p2|Ferrothorn, M|item
|poke|p2|Garchomp, M|item
|poke|p2|Gengar, M|item
|poke|p2|Heatran, M|item
|poke|p2|Sharpedo, M|item
|rule|Species Clause: Limit one of each Pokémon
|rule|OHKO Clause: OHKO moves are banned
|rule|Moody Clause: Moody is banned
|rule|Evasion Moves Clause: Evasion moves are banned
|rule|Endless Battle Clause: Forcing endless battles is banned
|rule|HP Percentage Mod: HP is shown in percentages
|rule|Evasion Abilities Clause: Evasion abilities are banned
|rule|Baton Pass Clause: Limit one Baton Passer, can't pass Spe and other stats simultaneously
|rule|Sleep Clause: Sleep-inducing moves are banned
|rule|Swagger Clause: Swagger is banned
|teampreview
|l|☆ShigureSIREN
|player|p1|
|j|☆ShigureSIREN
|player|p1|ShigureSIREN|anabel
|inactive|Battle timer is ON: inactive players will automatically lose when time's up. (requested by dark web uzi)
|
|start
|switch|p1a: ナインテ|Ninetales, M|100/100
|switch|p2a: Garchomp|Garchomp, M|100/100
|-weather|SunnyDay|[from] ability: Drought|[of] p1a: ナインテ
|turn|1
|inactive|dark web uzi has 120 seconds left.
|l|☆ShigureSIREN
|inactive|ShigureSIREN disconnected and has a minute to reconnect!
|player|p1|
|j|☆ShigureSIREN
|inactive|ShigureSIREN reconnected.
|player|p1|ShigureSIREN|anabel
|
|move|p1a: ナインテ|Hidden Power|p2a: Garchomp
|-supereffective|p2a: Garchomp
|-damage|p2a: Garchomp|29/100
|move|p2a: Garchomp|Stealth Rock|p1a: ナインテ
|-sidestart|p1: ShigureSIREN|move: Stealth Rock
|
|-weather|SunnyDay|[upkeep]
|upkeep
|turn|2
|
|switch|p2a: Heatran|Heatran, M|100/100
|move|p1a: ナインテ|Hidden Power|p2a: Heatran
|-resisted|p2a: Heatran
|-damage|p2a: Heatran|96/100
|
|-weather|SunnyDay|[upkeep]
|upkeep
|turn|3
|
|switch|p1a: King|Nidoking, M|100/100
|-damage|p1a: King|94/100|[from] Stealth Rock
|move|p2a: Heatran|Fire Blast|p1a: King
|-crit|p1a: King
|-damage|p1a: King|0 fnt
|faint|p1a: King
|
|-weather|SunnyDay|[upkeep]
|upkeep
|
|switch|p1a: エルシオン|Latios, M|100/100
|-damage|p1a: エルシオン|88/100|[from] Stealth Rock
|turn|4
|inactive|dark web uzi has 120 seconds left.
|
|move|p1a: エルシオン|Trick|p2a: Heatran
|-activate|p1a: エルシオン|move: Trick|[of] p2a: Heatran
|-item|p2a: Heatran|Choice Scarf|[from] move: Trick
|-item|p1a: エルシオン|Choice Scarf|[from] move: Trick
|move|p2a: Heatran|Fire Blast|p1a: エルシオン|[miss]
|-miss|p2a: Heatran|p1a: エルシオン
|
|-weather|SunnyDay|[upkeep]
|upkeep
|turn|5
|
|move|p1a: エルシオン|Psychic|p2a: Heatran
|-resisted|p2a: Heatran
|-damage|p2a: Heatran|71/100
|move|p2a: Heatran|Fire Blast|p1a: エルシオン
|-resisted|p1a: エルシオン
|-damage|p1a: エルシオン|41/100
|
|-weather|SunnyDay|[upkeep]
|upkeep
|turn|6
|
|switch|p1a: ダルミン|Darmanitan, M|100/100
|-damage|p1a: ダルミン|76/100|[from] Stealth Rock
|switch|p2a: Sharpedo|Sharpedo, M|100/100
|
|-weather|SunnyDay|[upkeep]
|upkeep
|turn|7
|
|move|p2a: Sharpedo|Protect|p2a: Sharpedo
|-singleturn|p2a: Sharpedo|Protect
|move|p1a: ダルミン|U-turn|p2a: Sharpedo
|-activate|p2a: Sharpedo|move: Protect
|
|-weather|SunnyDay|[upkeep]
|-ability|p2a: Sharpedo|Speed Boost|boost
|-boost|p2a: Sharpedo|spe|1
|upkeep
|turn|8
|
|switch|p2a: Garchomp|Garchomp, M|29/100
|move|p1a: ダルミン|U-turn|p2a: Garchomp
|-crit|p2a: Garchomp
|-damage|p2a: Garchomp|0 fnt
|-damage|p1a: ダルミン|63/100|[from] ability: Rough Skin|[of] p2a: Garchomp
|-damage|p1a: ダルミン|47/100|[from] item: Rocky Helmet|[of] p2a: Garchomp
|faint|p2a: Garchomp
|
|switch|p1a: エルシオン|Latios, M|41/100|[from]move: U-turn
|-damage|p1a: エルシオン|28/100|[from] Stealth Rock
|
|-weather|SunnyDay|[upkeep]
|upkeep
|
|switch|p2a: Heatran|Heatran, M|71/100
|turn|9
|
|switch|p2a: Ferrothorn|Ferrothorn, M|100/100
|move|p1a: エルシオン|Psychic|p2a: Ferrothorn
|-resisted|p2a: Ferrothorn
|-damage|p2a: Ferrothorn|84/100
|
|-weather|SunnyDay|[upkeep]
|-heal|p2a: Ferrothorn|91/100|[from] item: Leftovers
|upkeep
|turn|10
|
|switch|p1a: スカBAN|Skarmory, M|100/100
|-damage|p1a: スカBAN|88/100|[from] Stealth Rock
|switch|p2a: Sharpedo|Sharpedo, M|100/100
|
|-weather|SunnyDay|[upkeep]
|upkeep
|turn|11
|
|move|p2a: Sharpedo|Crunch|p1a: スカBAN
|-resisted|p1a: スカBAN
|-damage|p1a: スカBAN|71/100
|-damage|p2a: Sharpedo|84/100|[from] item: Rocky Helmet|[of] p1a: スカBAN
|-damage|p2a: Sharpedo|74/100|[from] item: Life Orb
|move|p1a: スカBAN|Stealth Rock|p2a: Sharpedo
|-sidestart|p2: dark web uzi|move: Stealth Rock
|
|-weather|SunnyDay|[upkeep]
|-ability|p2a: Sharpedo|Speed Boost|boost
|-boost|p2a: Sharpedo|spe|1
|upkeep
|turn|12
|
|switch|p2a: Heatran|Heatran, M|71/100
|-damage|p2a: Heatran|59/100|[from] Stealth Rock
|move|p1a: スカBAN|Whirlwind|p2a: Heatran
|drag|p2a: Conkeldurr|Conkeldurr, M|100/100
|-damage|p2a: Conkeldurr|94/100|[from] Stealth Rock
|
|-weather|SunnyDay|[upkeep]
|upkeep
|turn|13
|
|move|p1a: スカBAN|Roost|p1a: スカBAN
|-heal|p1a: スカBAN|100/100
|-singleturn|p1a: スカBAN|move: Roost
|move|p2a: Conkeldurr|Thunder Punch|p1a: スカBAN
|-damage|p1a: スカBAN|74/100
|-damage|p2a: Conkeldurr|78/100|[from] item: Rocky Helmet|[of] p1a: スカBAN
|-damage|p2a: Conkeldurr|68/100|[from] item: Life Orb
|
|-weather|SunnyDay|[upkeep]
|upkeep
|turn|14
|
|move|p1a: スカBAN|Roost|p1a: スカBAN
|-heal|p1a: スカBAN|100/100
|-singleturn|p1a: スカBAN|move: Roost
|move|p2a: Conkeldurr|Drain Punch|p1a: スカBAN
|-supereffective|p1a: スカBAN
|-damage|p1a: スカBAN|14/100
|-heal|p2a: Conkeldurr|100/100|[from] drain|[of] p1a: スカBAN
|-damage|p2a: Conkeldurr|84/100|[from] item: Rocky Helmet|[of] p1a: スカBAN
|-damage|p2a: Conkeldurr|74/100|[from] item: Life Orb
|
|-weather|SunnyDay|[upkeep]
|upkeep
|turn|15
|
|move|p2a: Conkeldurr|Mach Punch|p1a: スカBAN
|-damage|p1a: スカBAN|0 fnt
|-damage|p2a: Conkeldurr|57/100|[from] item: Rocky Helmet|[of] p1a: スカBAN
|-damage|p2a: Conkeldurr|47/100|[from] item: Life Orb
|faint|p1a: スカBAN
|
|-weather|SunnyDay|[upkeep]
|upkeep
|
|switch|p1a: エルシオン|Latios, M|28/100
|-damage|p1a: エルシオン|16/100|[from] Stealth Rock
|turn|16
|
|move|p2a: Conkeldurr|Mach Punch|p1a: エルシオン
|-resisted|p1a: エルシオン
|-damage|p1a: エルシオン|0 fnt
|-damage|p2a: Conkeldurr|38/100|[from] item: Life Orb
|faint|p1a: エルシオン
|
|-weather|SunnyDay|[upkeep]
|upkeep
|
|switch|p1a: ミャンマー|Yanmega, M|100/100
|-damage|p1a: ミャンマー|51/100|[from] Stealth Rock
|turn|17
|
|switch|p2a: Ferrothorn|Ferrothorn, M|91/100
|-damage|p2a: Ferrothorn|84/100|[from] Stealth Rock
|move|p1a: ミャンマー|Air Slash|p2a: Ferrothorn|[miss]
|-miss|p1a: ミャンマー|p2a: Ferrothorn
|
|-weather|SunnyDay|[upkeep]
|-heal|p2a: Ferrothorn|91/100|[from] item: Leftovers
|-ability|p1a: ミャンマー|Speed Boost|boost
|-boost|p1a: ミャンマー|spe|1
|upkeep
|turn|18
|l|☆ShigureSIREN
|inactive|ShigureSIREN disconnected and has a minute to reconnect!
|player|p1|
|j|☆ShigureSIREN
|inactive|ShigureSIREN reconnected and has 135 seconds left.
|player|p1|ShigureSIREN|anabel
|
|move|p1a: ミャンマー|Bug Buzz|p2a: Ferrothorn
|-enditem|p1a: ミャンマー|Bug Gem|[from] gem
|-crit|p2a: Ferrothorn
|-damage|p2a: Ferrothorn|0 fnt
|faint|p2a: Ferrothorn
|
|-weather|SunnyDay|[upkeep]
|-ability|p1a: ミャンマー|Speed Boost|boost
|-boost|p1a: ミャンマー|spe|1
|upkeep
|
|switch|p2a: Heatran|Heatran, M|59/100
|-damage|p2a: Heatran|46/100|[from] Stealth Rock
|turn|19
|
|move|p1a: ミャンマー|Air Slash|p2a: Heatran
|-resisted|p2a: Heatran
|-damage|p2a: Heatran|26/100
|cant|p2a: Heatran|flinch
|
|-weather|SunnyDay|[upkeep]
|-ability|p1a: ミャンマー|Speed Boost|boost
|-boost|p1a: ミャンマー|spe|1
|upkeep
|turn|20
|
|move|p1a: ミャンマー|Air Slash|p2a: Heatran
|-resisted|p2a: Heatran
|-damage|p2a: Heatran|7/100
|move|p2a: Heatran|Flamethrower|p1a: ミャンマー
|-supereffective|p1a: ミャンマー
|-damage|p1a: ミャンマー|0 fnt
|faint|p1a: ミャンマー
|
|-weather|SunnyDay|[upkeep]
|upkeep
|
|switch|p1a: ナインテ|Ninetales, M|100/100
|-damage|p1a: ナインテ|75/100|[from] Stealth Rock
|turn|21
|
|move|p2a: Heatran|Flamethrower|p1a: ナインテ
|-resisted|p1a: ナインテ
|-crit|p1a: ナインテ
|-damage|p1a: ナインテ|0 fnt
|faint|p1a: ナインテ
|
|-weather|SunnyDay|[upkeep]
|upkeep
|
|switch|p1a: ダルミン|Darmanitan, M|47/100
|-damage|p1a: ダルミン|22/100|[from] Stealth Rock
|turn|22
|
|move|p1a: ダルミン|Stone Edge|p2a: Heatran
|-damage|p2a: Heatran|0 fnt
|faint|p2a: Heatran
|
|-weather|SunnyDay|[upkeep]
|upkeep
|
|switch|p2a: Conkeldurr|Conkeldurr, M|38/100
|-damage|p2a: Conkeldurr|31/100|[from] Stealth Rock
|turn|23
|-message|ShigureSIREN forfeited.
|
|win|dark web uzi
|l|☆ShigureSIREN
|raw|ShigureSIREN's rating: 1343 &rarr; <strong>1323</strong><br />(-20 for losing)
|raw|dark web uzi's rating: 1346 &rarr; <strong>1366</strong><br />(+20 for winning)
