|j|☆thebestever543
|j|‽lilou in badeanzug
|t:|1707474686
|gametype|singles
|player|p1|thebestever543|koga-gen2|1356
|player|p2|lilou in badeanzug|266|1484
|teamsize|p1|6
|teamsize|p2|6
|gen|5
|tier|[Gen 5] OU
|rated|
|rule|Species Clause: Limit one of each Pokémon
|rule|OHKO Clause: OHKO moves are banned
|rule|Moody Clause: Moody is banned
|rule|Evasion Items Clause: Evasion items are banned
|rule|Evasion Moves Clause: Evasion moves are banned
|rule|Endless Battle Clause: Forcing endless battles is banned
|rule|HP Percentage Mod: HP is shown in percentages
|rule|Evasion Abilities Clause: Evasion abilities are banned
|rule|Sleep Moves Clause: Sleep-inducing moves are banned
|rule|Swagger Clause: Swagger is banned
|rule|Baton Pass Stat Clause: No Baton Passer may have a way to boost its stats
|clearpoke
|poke|p1|Celebi|item
|poke|p1|Tentacruel, M|item
|poke|p1|Skarmory, M|item
|poke|p1|Gliscor, M|item
|poke|p1|Tyranitar, M|item
|poke|p1|Scizor, F|item
|poke|p2|Latios, M|item
|poke|p2|Gliscor, F|item
|poke|p2|Jellicent, M|item
|poke|p2|Forretress, F|item
|poke|p2|Reuniclus, M|item
|poke|p2|Chansey, F|item
|teampreview
|
|t:|1707474756
|start
|switch|p1a: Skarmory|Skarmory, M|100/100
|switch|p2a: Chansey|Chansey, F|100/100
|turn|1
|inactive|Battle timer is ON: inactive players will automatically lose when time's up. (requested by lilou in badeanzug)
|inactive|thebestever543 has 120 seconds left.
|inactive|thebestever543 has 90 seconds left.
|inactive|thebestever543 has 60 seconds left.
|
|t:|1707474895
|switch|p2a: Forretress|Forretress, F|100/100
|move|p1a: Skarmory|Taunt|p2a: Forretress
|-start|p2a: Forretress|move: Taunt
|
|upkeep
|turn|2
|
|t:|1707474924
|move|p1a: Skarmory|Brave Bird|p2a: Forretress
|-damage|p2a: Forretress|81/100
|-damage|p1a: Skarmory|94/100|[from] Recoil
|move|p2a: Forretress|Hidden Power|p1a: Skarmory
|-supereffective|p1a: Skarmory
|-damage|p1a: Skarmory|64/100
|
|-heal|p1a: Skarmory|70/100|[from] item: Leftovers
|-heal|p2a: Forretress|87/100|[from] item: Leftovers
|upkeep
|turn|3
|
|t:|1707474931
|move|p1a: Skarmory|Brave Bird|p2a: Forretress
|-damage|p2a: Forretress|69/100
|-damage|p1a: Skarmory|64/100|[from] Recoil
|move|p2a: Forretress|Hidden Power|p1a: Skarmory
|-supereffective|p1a: Skarmory
|-damage|p1a: Skarmory|33/100
|
|-heal|p1a: Skarmory|39/100|[from] item: Leftovers
|-heal|p2a: Forretress|75/100|[from] item: Leftovers
|-end|p2a: Forretress|move: Taunt
|upkeep
|turn|4
|
|t:|1707474949
|move|p1a: Skarmory|Taunt|p2a: Forretress
|-start|p2a: Forretress|move: Taunt
|cant|p2a: Forretress|move: Taunt|Spikes
|
|-heal|p1a: Skarmory|45/100|[from] item: Leftovers
|-heal|p2a: Forretress|81/100|[from] item: Leftovers
|upkeep
|turn|5
|
|t:|1707474953
|move|p1a: Skarmory|Roost|p1a: Skarmory
|-heal|p1a: Skarmory|95/100
|-singleturn|p1a: Skarmory|move: Roost
|move|p2a: Forretress|Hidden Power|p1a: Skarmory
|-supereffective|p1a: Skarmory
|-damage|p1a: Skarmory|65/100
|
|-heal|p1a: Skarmory|71/100|[from] item: Leftovers
|-heal|p2a: Forretress|88/100|[from] item: Leftovers
|upkeep
|turn|6
|inactive|lilou in badeanzug has 120 seconds left.
|
|t:|1707474998
|move|p1a: Skarmory|Brave Bird|p2a: Forretress
|-damage|p2a: Forretress|68/100
|-damage|p1a: Skarmory|65/100|[from] Recoil
|move|p2a: Forretress|Hidden Power|p1a: Skarmory
|-supereffective|p1a: Skarmory
|-damage|p1a: Skarmory|35/100
|
|-heal|p1a: Skarmory|41/100|[from] item: Leftovers
|-heal|p2a: Forretress|74/100|[from] item: Leftovers
|-end|p2a: Forretress|move: Taunt
|upkeep
|turn|7
|
|t:|1707475006
|move|p1a: Skarmory|Roost|p1a: Skarmory
|-heal|p1a: Skarmory|91/100
|-singleturn|p1a: Skarmory|move: Roost
|move|p2a: Forretress|Hidden Power|p1a: Skarmory
|-supereffective|p1a: Skarmory
|-damage|p1a: Skarmory|63/100
|
|-heal|p1a: Skarmory|69/100|[from] item: Leftovers
|-heal|p2a: Forretress|80/100|[from] item: Leftovers
|upkeep
|turn|8
|inactive|lilou in badeanzug has 120 seconds left.
|
|t:|1707475037
|move|p1a: Skarmory|Brave Bird|p2a: Forretress
|-damage|p2a: Forretress|63/100
|-damage|p1a: Skarmory|63/100|[from] Recoil
|move|p2a: Forretress|Hidden Power|p1a: Skarmory
|-supereffective|p1a: Skarmory
|-damage|p1a: Skarmory|35/100
|
|-heal|p1a: Skarmory|41/100|[from] item: Leftovers
|-heal|p2a: Forretress|69/100|[from] item: Leftovers
|upkeep
|turn|9
|
|t:|1707475041
|move|p1a: Skarmory|Roost|p1a: Skarmory
|-heal|p1a: Skarmory|91/100
|-singleturn|p1a: Skarmory|move: Roost
|move|p2a: Forretress|Spikes|p1a: Skarmory
|-sidestart|p1: thebestever543|Spikes
|
|-heal|p1a: Skarmory|97/100|[from] item: Leftovers
|-heal|p2a: Forretress|75/100|[from] item: Leftovers
|upkeep
|turn|10
|inactive|lilou in badeanzug has 90 seconds left.
|
|t:|1707475070
|switch|p1a: Tentacruel|Tentacruel, M|100/100
|-damage|p1a: Tentacruel|88/100|[from] Spikes
|move|p2a: Forretress|Hidden Power|p1a: Tentacruel
|-resisted|p1a: Tentacruel
|-damage|p1a: Tentacruel|84/100
|
|-heal|p1a: Tentacruel|90/100|[from] item: Black Sludge
|-heal|p2a: Forretress|82/100|[from] item: Leftovers
|upkeep
|turn|11
|
|t:|1707475076
|switch|p2a: Jellicent|Jellicent, M|100/100
|move|p1a: Tentacruel|Rapid Spin|p2a: Jellicent
|-immune|p2a: Jellicent
|
|-heal|p1a: Tentacruel|96/100|[from] item: Black Sludge
|upkeep
|turn|12
|inactive|lilou in badeanzug has 90 seconds left.
|
|t:|1707475097
|move|p1a: Tentacruel|Toxic|p2a: Jellicent|[miss]
|-miss|p1a: Tentacruel|p2a: Jellicent
|move|p2a: Jellicent|Will-O-Wisp|p1a: Tentacruel
|-status|p1a: Tentacruel|brn
|
|-heal|p1a: Tentacruel|100/100 brn|[from] item: Black Sludge
|-damage|p1a: Tentacruel|88/100 brn|[from] brn
|upkeep
|turn|13
|
|t:|1707475100
|move|p1a: Tentacruel|Rapid Spin|p2a: Jellicent
|-immune|p2a: Jellicent
|move|p2a: Jellicent|Night Shade|p1a: Tentacruel
|-damage|p1a: Tentacruel|61/100 brn
|
|-heal|p1a: Tentacruel|67/100 brn|[from] item: Black Sludge
|-damage|p1a: Tentacruel|54/100 brn|[from] brn
|upkeep
|turn|14
|
|t:|1707475106
|move|p1a: Tentacruel|Toxic|p2a: Jellicent
|-status|p2a: Jellicent|tox
|move|p2a: Jellicent|Night Shade|p1a: Tentacruel
|-damage|p1a: Tentacruel|27/100 brn
|
|-heal|p1a: Tentacruel|33/100 brn|[from] item: Black Sludge
|-damage|p2a: Jellicent|94/100 tox|[from] psn
|-damage|p1a: Tentacruel|21/100 brn|[from] brn
|upkeep
|turn|15
|
|t:|1707475109
|move|p1a: Tentacruel|Protect|p1a: Tentacruel
|-singleturn|p1a: Tentacruel|Protect
|move|p2a: Jellicent|Night Shade|p1a: Tentacruel
|-activate|p1a: Tentacruel|move: Protect
|
|-heal|p1a: Tentacruel|27/100 brn|[from] item: Black Sludge
|-heal|p2a: Jellicent|100/100 tox|[from] item: Leftovers
|-damage|p2a: Jellicent|88/100 tox|[from] psn
|-damage|p1a: Tentacruel|14/100 brn|[from] brn
|upkeep
|turn|16
|
|t:|1707475114
|switch|p1a: Gliscor|Gliscor, M|100/100
|move|p2a: Jellicent|Night Shade|p1a: Gliscor
|-damage|p1a: Gliscor|72/100
|
|-heal|p2a: Jellicent|94/100 tox|[from] item: Leftovers
|-damage|p2a: Jellicent|76/100 tox|[from] psn
|-status|p1a: Gliscor|tox|[from] item: Toxic Orb
|upkeep
|turn|17
|
|t:|1707475124
|switch|p2a: Forretress|Forretress, F|82/100
|move|p1a: Gliscor|Swords Dance|p1a: Gliscor
|-boost|p1a: Gliscor|atk|2
|
|-heal|p2a: Forretress|88/100|[from] item: Leftovers
|-heal|p1a: Gliscor|85/100 tox|[from] ability: Poison Heal
|upkeep
|turn|18
|
|t:|1707475126
|switch|p2a: Reuniclus|Reuniclus, M|100/100
|move|p1a: Gliscor|Swords Dance|p1a: Gliscor
|-boost|p1a: Gliscor|atk|2
|
|-heal|p1a: Gliscor|97/100 tox|[from] ability: Poison Heal
|upkeep
|turn|19
|
|t:|1707475130
|move|p1a: Gliscor|Earthquake|p2a: Reuniclus
|-damage|p2a: Reuniclus|30/100
|move|p2a: Reuniclus|Hidden Power|p1a: Gliscor
|-supereffective|p1a: Gliscor
|-damage|p1a: Gliscor|28/100 tox
|
|-heal|p2a: Reuniclus|36/100|[from] item: Leftovers
|-heal|p1a: Gliscor|40/100 tox|[from] ability: Poison Heal
|upkeep
|turn|20
|
|t:|1707475136
|switch|p2a: Latios|Latios, M|100/100
|move|p1a: Gliscor|Facade|p2a: Latios
|-damage|p2a: Latios|0 fnt
|faint|p2a: Latios
|
|-heal|p1a: Gliscor|53/100 tox|[from] ability: Poison Heal
|upkeep
|
|t:|1707475139
|switch|p2a: Gliscor|Gliscor, F|100/100
|turn|21
|
|t:|1707475142
|move|p2a: Gliscor|Ice Fang|p1a: Gliscor
|-supereffective|p1a: Gliscor
|-damage|p1a: Gliscor|5/100 tox
|move|p1a: Gliscor|Facade|p2a: Gliscor
|-damage|p2a: Gliscor|44/100
|
|-heal|p1a: Gliscor|18/100 tox|[from] ability: Poison Heal
|-status|p2a: Gliscor|tox|[from] item: Toxic Orb
|upkeep
|turn|22
|
|t:|1707475155
|switch|p1a: Tentacruel|Tentacruel, M|14/100 brn
|-damage|p1a: Tentacruel|2/100 brn|[from] Spikes
|move|p2a: Gliscor|Ice Fang|p1a: Tentacruel
|-resisted|p1a: Tentacruel
|-crit|p1a: Tentacruel
|-damage|p1a: Tentacruel|0 fnt
|faint|p1a: Tentacruel
|
|-heal|p2a: Gliscor|56/100 tox|[from] ability: Poison Heal
|upkeep
|
|t:|1707475159
|switch|p1a: Scizor|Scizor, F|100/100
|-damage|p1a: Scizor|88/100|[from] Spikes
|turn|23
|
|t:|1707475173
|move|p1a: Scizor|Bullet Punch|p2a: Gliscor
|-damage|p2a: Gliscor|21/100 tox
|move|p2a: Gliscor|Earthquake|p1a: Scizor
|-damage|p1a: Scizor|44/100
|
|-heal|p2a: Gliscor|34/100 tox|[from] ability: Poison Heal
|upkeep
|turn|24
|
|t:|1707475178
|move|p2a: Gliscor|Protect|p2a: Gliscor
|-singleturn|p2a: Gliscor|Protect
|move|p1a: Scizor|Bullet Punch|p2a: Gliscor
|-activate|p2a: Gliscor|move: Protect
|
|-heal|p2a: Gliscor|46/100 tox|[from] ability: Poison Heal
|upkeep
|turn|25
|
|t:|1707475181
|switch|p2a: Forretress|Forretress, F|88/100
|move|p1a: Scizor|Bullet Punch|p2a: Forretress
|-resisted|p2a: Forretress
|-damage|p2a: Forretress|73/100
|
|-heal|p2a: Forretress|79/100|[from] item: Leftovers
|upkeep
|turn|26
|
|t:|1707475186
|switch|p1a: Gliscor|Gliscor, M|18/100 tox
|move|p2a: Forretress|Spikes|p1a: Gliscor
|-sidestart|p1: thebestever543|Spikes
|
|-heal|p2a: Forretress|86/100|[from] item: Leftovers
|-heal|p1a: Gliscor|30/100 tox|[from] ability: Poison Heal
|upkeep
|turn|27
|
|t:|1707475190
|switch|p2a: Gliscor|Gliscor, F|46/100 tox
|move|p1a: Gliscor|Protect||[still]
|-fail|p1a: Gliscor
|
|-heal|p2a: Gliscor|59/100 tox|[from] ability: Poison Heal
|-heal|p1a: Gliscor|43/100 tox|[from] ability: Poison Heal
|upkeep
|turn|28
|
|t:|1707475203
|switch|p1a: Skarmory|Skarmory, M|97/100
|move|p2a: Gliscor|Ice Fang|p1a: Skarmory
|-damage|p1a: Skarmory|86/100
|-status|p1a: Skarmory|frz
|
|-heal|p1a: Skarmory|92/100 frz|[from] item: Leftovers
|-heal|p2a: Gliscor|71/100 tox|[from] ability: Poison Heal
|upkeep
|turn|29
|
|t:|1707475207
|switch|p2a: Forretress|Forretress, F|86/100
|-curestatus|p1a: Skarmory|frz|[msg]
|move|p1a: Skarmory|Stealth Rock|p2a: Forretress
|-sidestart|p2: lilou in badeanzug|move: Stealth Rock
|
|-heal|p1a: Skarmory|98/100|[from] item: Leftovers
|-heal|p2a: Forretress|92/100|[from] item: Leftovers
|upkeep
|turn|30
|
|t:|1707475211
|switch|p1a: Gliscor|Gliscor, M|43/100 tox
|move|p2a: Forretress|Rapid Spin|p1a: Gliscor
|-damage|p1a: Gliscor|40/100 tox
|-sideend|p2: lilou in badeanzug|Stealth Rock|[from] move: Rapid Spin|[of] p2a: Forretress
|
|-heal|p2a: Forretress|98/100|[from] item: Leftovers
|-heal|p1a: Gliscor|52/100 tox|[from] ability: Poison Heal
|upkeep
|turn|31
|
|t:|1707475224
|switch|p2a: Gliscor|Gliscor, F|71/100 tox
|move|p1a: Gliscor|Facade|p2a: Gliscor
|-damage|p2a: Gliscor|50/100 tox
|
|-heal|p2a: Gliscor|63/100 tox|[from] ability: Poison Heal
|-heal|p1a: Gliscor|65/100 tox|[from] ability: Poison Heal
|upkeep
|turn|32
|
|t:|1707475228
|move|p2a: Gliscor|Swords Dance|p2a: Gliscor
|-boost|p2a: Gliscor|atk|2
|move|p1a: Gliscor|Facade|p2a: Gliscor
|-damage|p2a: Gliscor|44/100 tox
|
|-heal|p2a: Gliscor|57/100 tox|[from] ability: Poison Heal
|-heal|p1a: Gliscor|77/100 tox|[from] ability: Poison Heal
|upkeep
|turn|33
|
|t:|1707475242
|switch|p1a: Skarmory|Skarmory, M|98/100
|move|p2a: Gliscor|Ice Fang|p1a: Skarmory
|-damage|p1a: Skarmory|75/100
|
|-heal|p1a: Skarmory|81/100|[from] item: Leftovers
|-heal|p2a: Gliscor|69/100 tox|[from] ability: Poison Heal
|upkeep
|turn|34
|
|t:|1707475248
|switch|p2a: Forretress|Forretress, F|98/100
|move|p1a: Skarmory|Taunt|p2a: Forretress
|-start|p2a: Forretress|move: Taunt
|
|-heal|p1a: Skarmory|87/100|[from] item: Leftovers
|-heal|p2a: Forretress|100/100|[from] item: Leftovers
|upkeep
|turn|35
|
|t:|1707475254
|switch|p1a: Tyranitar|Tyranitar, M|100/100
|-damage|p1a: Tyranitar|84/100|[from] Spikes
|-weather|Sandstorm|[from] ability: Sand Stream|[of] p1a: Tyranitar
|move|p2a: Forretress|Hidden Power|p1a: Tyranitar
|-resisted|p1a: Tyranitar
|-damage|p1a: Tyranitar|81/100
|
|-weather|Sandstorm|[upkeep]
|-heal|p1a: Tyranitar|87/100|[from] item: Leftovers
|upkeep
|turn|36
|
|t:|1707475272
|switch|p2a: Gliscor|Gliscor, F|69/100 tox
|move|p1a: Tyranitar|Dragon Dance|p1a: Tyranitar
|-boost|p1a: Tyranitar|atk|1
|-boost|p1a: Tyranitar|spe|1
|
|-weather|Sandstorm|[upkeep]
|-heal|p1a: Tyranitar|93/100|[from] item: Leftovers
|-heal|p2a: Gliscor|82/100 tox|[from] ability: Poison Heal
|upkeep
|turn|37
|
|t:|1707475276
|move|p1a: Tyranitar|Crunch|p2a: Gliscor
|-damage|p2a: Gliscor|41/100 tox
|move|p2a: Gliscor|Earthquake|p1a: Tyranitar
|-supereffective|p1a: Tyranitar
|-damage|p1a: Tyranitar|28/100
|
|-weather|Sandstorm|[upkeep]
|-heal|p1a: Tyranitar|34/100|[from] item: Leftovers
|-heal|p2a: Gliscor|53/100 tox|[from] ability: Poison Heal
|upkeep
|turn|38
|
|t:|1707475281
|move|p1a: Tyranitar|Stone Edge|p2a: Gliscor
|-damage|p2a: Gliscor|0 fnt
|faint|p2a: Gliscor
|
|-weather|Sandstorm|[upkeep]
|-heal|p1a: Tyranitar|40/100|[from] item: Leftovers
|upkeep
|
|t:|1707475286
|switch|p2a: Chansey|Chansey, F|100/100
|turn|39
|
|t:|1707475293
|switch|p1a: Gliscor|Gliscor, M|77/100 tox
|move|p2a: Chansey|Toxic|p1a: Gliscor
|-fail|p1a: Gliscor|tox
|
|-weather|Sandstorm|[upkeep]
|-damage|p2a: Chansey|94/100|[from] Sandstorm
|-heal|p1a: Gliscor|90/100 tox|[from] ability: Poison Heal
|upkeep
|turn|40
|c|☆thebestever543|gg
|
|t:|1707475305
|switch|p2a: Reuniclus|Reuniclus, M|36/100
|move|p1a: Gliscor|Swords Dance|p1a: Gliscor
|-boost|p1a: Gliscor|atk|2
|
|-weather|Sandstorm|[upkeep]
|-heal|p2a: Reuniclus|42/100|[from] item: Leftovers
|-heal|p1a: Gliscor|100/100 tox|[from] ability: Poison Heal
|upkeep
|turn|41
|
|t:|1707475308
|move|p1a: Gliscor|Earthquake|p2a: Reuniclus
|-damage|p2a: Reuniclus|0 fnt
|faint|p2a: Reuniclus
|
|-weather|Sandstorm|[upkeep]
|upkeep
|-message|lilou in badeanzug forfeited.
|
|win|thebestever543
|raw|thebestever543's rating: 1356 &rarr; <strong>1384</strong><br />(+28 for winning)
|raw|lilou in badeanzug's rating: 1502 &rarr; <strong>1474</strong><br />(-28 for losing)
|l|‽lilou in badeanzug
|player|p2|
