|uhtml|medal-msg|<div class="broadcast-blue">Curious what those medals under the avatar are? PS now has Ladder Seasons! For more information, check out the <a href="https://www.smogon.com/forums/threads/3740067/">thread on Smogon.</a></div>
|uhtml|medal-msg|<div class="broadcast-blue">Curious what those medals under the avatar are? PS now has Ladder Seasons! For more information, check out the <a href="https://www.smogon.com/forums/threads/3740067/">thread on Smogon.</a></div>
|j|☆snof2
|j|☆MenaCicada
|t:|1712707088
|gametype|singles
|player|p1|snof2|2|1411
|player|p2|MenaCicada|skyla|1392
|teamsize|p1|6
|teamsize|p2|6
|gen|5
|tier|[Gen 5] OU
|rated|
|rule|Species Clause: Limit one of each Pokémon
|rule|OHKO Clause: OHKO moves are banned
|rule|Moody Clause: Moody is banned
|rule|Evasion Items Clause: Evasion items are banned
|rule|Evasion Moves Clause: Evasion moves are banned
|rule|Endless Battle Clause: Forcing endless battles is banned
|rule|HP Percentage Mod: HP is shown in percentages
|rule|Evasion Abilities Clause: Evasion abilities are banned
|rule|Sleep Moves Clause: Sleep-inducing moves are banned
|rule|Swagger Clause: Swagger is banned
|rule|Baton Pass Stat Clause: No Baton Passer may have a way to boost its stats
|clearpoke
|poke|p1|Kyurem-Black|item
|poke|p1|Latios, M|item
|poke|p1|Rotom-Wash|item
|poke|p1|Gliscor, F|item
|poke|p1|Tyranitar, M|item
|poke|p1|Tentacruel, M|item
|poke|p2|Politoed, F|item
|poke|p2|Ferrothorn, M|item
|poke|p2|Tentacruel, F|item
|poke|p2|Latios, M|item
|poke|p2|Keldeo-Resolute|item
|poke|p2|Thundurus-Therian, M|item
|teampreview
|
|t:|1712707106
|start
|switch|p1a: Kyurem|Kyurem-Black|100/100
|switch|p2a: Ferrothorn|Ferrothorn, M|100/100
|-ability|p1a: Kyurem|Teravolt
|turn|1
|
|t:|1712707109
|move|p1a: Kyurem|Substitute|p1a: Kyurem
|-start|p1a: Kyurem|Substitute
|-damage|p1a: Kyurem|76/100
|move|p2a: Ferrothorn|Knock Off|p1a: Kyurem
|-activate|p1a: Kyurem|Substitute|[damage]
|
|-heal|p1a: Kyurem|82/100|[from] item: Leftovers
|upkeep
|turn|2
|
|t:|1712707117
|move|p1a: Kyurem|Ice Beam|p2a: Ferrothorn
|-damage|p2a: Ferrothorn|65/100
|move|p2a: Ferrothorn|Power Whip|p1a: Kyurem
|-resisted|p1a: Kyurem
|-activate|p1a: Kyurem|Substitute|[damage]
|
|-heal|p1a: Kyurem|88/100|[from] item: Leftovers
|-heal|p2a: Ferrothorn|71/100|[from] item: Leftovers
|upkeep
|turn|3
|
|t:|1712707124
|move|p1a: Kyurem|Ice Beam|p2a: Ferrothorn
|-damage|p2a: Ferrothorn|38/100
|move|p2a: Ferrothorn|Power Whip|p1a: Kyurem
|-resisted|p1a: Kyurem
|-end|p1a: Kyurem|Substitute
|
|-heal|p1a: Kyurem|94/100|[from] item: Leftovers
|-heal|p2a: Ferrothorn|44/100|[from] item: Leftovers
|upkeep
|turn|4
|
|t:|1712707128
|switch|p2a: Politoed|Politoed, F|100/100
|-weather|RainDance|[from] ability: Drizzle|[of] p2a: Politoed
|move|p1a: Kyurem|Substitute|p1a: Kyurem
|-start|p1a: Kyurem|Substitute
|-damage|p1a: Kyurem|69/100
|
|-weather|RainDance|[upkeep]
|-heal|p1a: Kyurem|75/100|[from] item: Leftovers
|upkeep
|turn|5
|
|t:|1712707130
|move|p1a: Kyurem|Fusion Bolt|p2a: Politoed
|-supereffective|p2a: Politoed
|-damage|p2a: Politoed|42/100
|move|p2a: Politoed|Encore|p1a: Kyurem
|-start|p1a: Kyurem|Encore
|
|-weather|RainDance|[upkeep]
|-heal|p1a: Kyurem|81/100|[from] item: Leftovers
|-heal|p2a: Politoed|48/100|[from] item: Leftovers
|upkeep
|turn|6
|
|t:|1712707138
|switch|p1a: Tyranitar|Tyranitar, M|100/100
|-weather|Sandstorm|[from] ability: Sand Stream|[of] p1a: Tyranitar
|switch|p2a: Thundurus|Thundurus-Therian, M|100/100
|
|-weather|Sandstorm|[upkeep]
|-damage|p2a: Thundurus|94/100|[from] Sandstorm
|-heal|p2a: Thundurus|100/100|[from] item: Leftovers
|upkeep
|turn|7
|
|t:|1712707143
|move|p1a: Tyranitar|Stone Edge|p2a: Thundurus
|-supereffective|p2a: Thundurus
|-damage|p2a: Thundurus|0 fnt
|faint|p2a: Thundurus
|
|-weather|Sandstorm|[upkeep]
|upkeep
|
|t:|1712707149
|switch|p2a: Ferrothorn|Ferrothorn, M|44/100
|turn|8
|
|t:|1712707153
|switch|p1a: Kyurem|Kyurem-Black|81/100
|-ability|p1a: Kyurem|Teravolt
|move|p2a: Ferrothorn|Stealth Rock|p1a: Kyurem
|-sidestart|p1: snof2|move: Stealth Rock
|
|-weather|Sandstorm|[upkeep]
|-damage|p1a: Kyurem|75/100|[from] Sandstorm
|-heal|p1a: Kyurem|81/100|[from] item: Leftovers
|-heal|p2a: Ferrothorn|50/100|[from] item: Leftovers
|upkeep
|turn|9
|
|t:|1712707160
|switch|p2a: Politoed|Politoed, F|48/100
|-weather|RainDance|[from] ability: Drizzle|[of] p2a: Politoed
|move|p1a: Kyurem|Substitute|p1a: Kyurem
|-start|p1a: Kyurem|Substitute
|-damage|p1a: Kyurem|57/100
|
|-weather|RainDance|[upkeep]
|-heal|p1a: Kyurem|63/100|[from] item: Leftovers
|-heal|p2a: Politoed|54/100|[from] item: Leftovers
|upkeep
|turn|10
|
|t:|1712707162
|move|p2a: Politoed|Protect|p2a: Politoed
|-singleturn|p2a: Politoed|Protect
|move|p1a: Kyurem|Fusion Bolt|p2a: Politoed
|-activate|p2a: Politoed|move: Protect
|
|-weather|RainDance|[upkeep]
|-heal|p1a: Kyurem|69/100|[from] item: Leftovers
|-heal|p2a: Politoed|60/100|[from] item: Leftovers
|upkeep
|turn|11
|
|t:|1712707167
|move|p1a: Kyurem|Fusion Bolt|p2a: Politoed
|-supereffective|p2a: Politoed
|-damage|p2a: Politoed|8/100
|move|p2a: Politoed|Encore|p1a: Kyurem
|-start|p1a: Kyurem|Encore
|
|-weather|RainDance|[upkeep]
|-heal|p1a: Kyurem|75/100|[from] item: Leftovers
|-heal|p2a: Politoed|14/100|[from] item: Leftovers
|upkeep
|turn|12
|
|t:|1712707179
|switch|p1a: Tyranitar|Tyranitar, M|100/100
|-damage|p1a: Tyranitar|88/100|[from] Stealth Rock
|-weather|Sandstorm|[from] ability: Sand Stream|[of] p1a: Tyranitar
|switch|p2a: Latios|Latios, M|100/100
|
|-weather|Sandstorm|[upkeep]
|-damage|p2a: Latios|95/100|[from] Sandstorm
|upkeep
|turn|13
|
|t:|1712707185
|move|p2a: Latios|Surf|p1a: Tyranitar
|-supereffective|p1a: Tyranitar
|-damage|p1a: Tyranitar|42/100
|move|p1a: Tyranitar|Crunch|p2a: Latios
|-supereffective|p2a: Latios
|-damage|p2a: Latios|0 fnt
|faint|p2a: Latios
|
|-weather|Sandstorm|[upkeep]
|upkeep
|
|t:|1712707189
|switch|p2a: Ferrothorn|Ferrothorn, M|50/100
|turn|14
|
|t:|1712707200
|switch|p1a: Gliscor|Gliscor, F|100/100
|-damage|p1a: Gliscor|88/100|[from] Stealth Rock
|switch|p2a: Politoed|Politoed, F|14/100
|-weather|RainDance|[from] ability: Drizzle|[of] p2a: Politoed
|
|-weather|RainDance|[upkeep]
|-heal|p2a: Politoed|20/100|[from] item: Leftovers
|-status|p1a: Gliscor|tox|[from] item: Toxic Orb
|upkeep
|turn|15
|
|t:|1712707226
|move|p2a: Politoed|Protect|p2a: Politoed
|-singleturn|p2a: Politoed|Protect
|move|p1a: Gliscor|Earthquake|p2a: Politoed
|-activate|p2a: Politoed|move: Protect
|
|-weather|RainDance|[upkeep]
|-heal|p2a: Politoed|27/100|[from] item: Leftovers
|-heal|p1a: Gliscor|100/100 tox|[from] ability: Poison Heal
|upkeep
|turn|16
|
|t:|1712707248
|move|p1a: Gliscor|Earthquake|p2a: Politoed
|-damage|p2a: Politoed|1/100
|move|p2a: Politoed|Scald|p1a: Gliscor
|-supereffective|p1a: Gliscor
|-damage|p1a: Gliscor|24/100 tox
|
|-weather|RainDance|[upkeep]
|-heal|p2a: Politoed|7/100|[from] item: Leftovers
|-heal|p1a: Gliscor|36/100 tox|[from] ability: Poison Heal
|upkeep
|turn|17
|
|t:|1712707260
|move|p1a: Gliscor|Earthquake|p2a: Politoed
|-damage|p2a: Politoed|0 fnt
|faint|p2a: Politoed
|
|-weather|RainDance|[upkeep]
|-heal|p1a: Gliscor|49/100 tox|[from] ability: Poison Heal
|upkeep
|
|t:|1712707263
|switch|p2a: Keldeo|Keldeo-Resolute|100/100
|turn|18
|
|t:|1712707271
|move|p1a: Gliscor|Protect|p1a: Gliscor
|-singleturn|p1a: Gliscor|Protect
|move|p2a: Keldeo|Surf|p1a: Gliscor
|-activate|p1a: Gliscor|move: Protect
|
|-weather|RainDance|[upkeep]
|-heal|p1a: Gliscor|61/100 tox|[from] ability: Poison Heal
|upkeep
|turn|19
|
|t:|1712707294
|switch|p1a: Tentacruel|Tentacruel, M|100/100
|-damage|p1a: Tentacruel|88/100|[from] Stealth Rock
|move|p2a: Keldeo|Surf|p1a: Tentacruel
|-resisted|p1a: Tentacruel
|-damage|p1a: Tentacruel|44/100
|
|-weather|RainDance|[upkeep]
|-heal|p1a: Tentacruel|50/100|[from] ability: Rain Dish
|-heal|p1a: Tentacruel|57/100|[from] item: Black Sludge
|upkeep
|turn|20
|
|t:|1712707302
|switch|p2a: Tentacruel|Tentacruel, F|100/100
|move|p1a: Tentacruel|Rapid Spin|p2a: Tentacruel
|-damage|p2a: Tentacruel|96/100
|-sideend|p1: snof2|Stealth Rock|[from] move: Rapid Spin|[of] p1a: Tentacruel
|
|-weather|RainDance|[upkeep]
|-heal|p1a: Tentacruel|63/100|[from] ability: Rain Dish
|-heal|p2a: Tentacruel|100/100|[from] ability: Rain Dish
|-heal|p1a: Tentacruel|69/100|[from] item: Black Sludge
|upkeep
|turn|21
|
|t:|1712707304
|move|p2a: Tentacruel|Scald|p1a: Tentacruel
|-resisted|p1a: Tentacruel
|-damage|p1a: Tentacruel|54/100
|-status|p1a: Tentacruel|brn
|move|p1a: Tentacruel|Toxic Spikes|p2a: Tentacruel
|-sidestart|p2: MenaCicada|move: Toxic Spikes
|
|-weather|RainDance|[upkeep]
|-heal|p1a: Tentacruel|60/100 brn|[from] ability: Rain Dish
|-heal|p1a: Tentacruel|66/100 brn|[from] item: Black Sludge
|-damage|p1a: Tentacruel|54/100 brn|[from] brn
|upkeep
|turn|22
|
|t:|1712707311
|switch|p1a: Tyranitar|Tyranitar, M|42/100
|-weather|Sandstorm|[from] ability: Sand Stream|[of] p1a: Tyranitar
|move|p2a: Tentacruel|Rapid Spin|p1a: Tyranitar
|-resisted|p1a: Tyranitar
|-damage|p1a: Tyranitar|41/100
|-sideend|p2: MenaCicada|Toxic Spikes|[from] move: Rapid Spin|[of] p2a: Tentacruel
|
|-weather|Sandstorm|[upkeep]
|-damage|p2a: Tentacruel|94/100|[from] Sandstorm
|-heal|p2a: Tentacruel|100/100|[from] item: Black Sludge
|upkeep
|turn|23
|
|t:|1712707323
|switch|p1a: Rotom|Rotom-Wash|100/100
|move|p2a: Tentacruel|Scald|p1a: Rotom
|-resisted|p1a: Rotom
|-damage|p1a: Rotom|89/100
|
|-weather|Sandstorm|[upkeep]
|-damage|p2a: Tentacruel|94/100|[from] Sandstorm
|-damage|p1a: Rotom|82/100|[from] Sandstorm
|-heal|p2a: Tentacruel|100/100|[from] item: Black Sludge
|-heal|p1a: Rotom|89/100|[from] item: Leftovers
|upkeep
|turn|24
|
|t:|1712707328
|move|p2a: Tentacruel|Toxic|p1a: Rotom
|-status|p1a: Rotom|tox
|move|p1a: Rotom|Will-O-Wisp|p2a: Tentacruel
|-status|p2a: Tentacruel|brn
|
|-weather|Sandstorm|[upkeep]
|-damage|p2a: Tentacruel|94/100 brn|[from] Sandstorm
|-damage|p1a: Rotom|82/100 tox|[from] Sandstorm
|-heal|p2a: Tentacruel|100/100 brn|[from] item: Black Sludge
|-heal|p1a: Rotom|89/100 tox|[from] item: Leftovers
|-damage|p1a: Rotom|82/100 tox|[from] psn
|-damage|p2a: Tentacruel|88/100 brn|[from] brn
|upkeep
|turn|25
|
|t:|1712707333
|move|p2a: Tentacruel|Protect|p2a: Tentacruel
|-singleturn|p2a: Tentacruel|Protect
|move|p1a: Rotom|Volt Switch|p2a: Tentacruel
|-activate|p2a: Tentacruel|move: Protect
|
|-weather|Sandstorm|[upkeep]
|-damage|p2a: Tentacruel|82/100 brn|[from] Sandstorm
|-damage|p1a: Rotom|76/100 tox|[from] Sandstorm
|-heal|p2a: Tentacruel|88/100 brn|[from] item: Black Sludge
|-heal|p1a: Rotom|82/100 tox|[from] item: Leftovers
|-damage|p1a: Rotom|70/100 tox|[from] psn
|-damage|p2a: Tentacruel|76/100 brn|[from] brn
|upkeep
|turn|26
|
|t:|1712707335
|switch|p2a: Ferrothorn|Ferrothorn, M|50/100
|move|p1a: Rotom|Volt Switch|p2a: Ferrothorn
|-resisted|p2a: Ferrothorn
|-damage|p2a: Ferrothorn|42/100
|
|t:|1712707342
|switch|p1a: Tyranitar|Tyranitar, M|41/100|[from] Volt Switch
|
|-weather|Sandstorm|[upkeep]
|-heal|p2a: Ferrothorn|49/100|[from] item: Leftovers
|upkeep
|turn|27
|
|t:|1712707345
|move|p1a: Tyranitar|Superpower|p2a: Ferrothorn
|-supereffective|p2a: Ferrothorn
|-damage|p2a: Ferrothorn|0 fnt
|-unboost|p1a: Tyranitar|atk|1
|-unboost|p1a: Tyranitar|def|1
|-damage|p1a: Tyranitar|29/100|[from] ability: Iron Barbs|[of] p2a: Ferrothorn
|faint|p2a: Ferrothorn
|
|-weather|Sandstorm|[upkeep]
|upkeep
|
|t:|1712707348
|switch|p2a: Tentacruel|Tentacruel, F|76/100 brn
|turn|28
|
|t:|1712707361
|switch|p2a: Keldeo|Keldeo-Resolute|100/100
|move|p1a: Tyranitar|Superpower|p2a: Keldeo
|-crit|p2a: Keldeo
|-damage|p2a: Keldeo|7/100
|-unboost|p1a: Tyranitar|atk|1
|-unboost|p1a: Tyranitar|def|1
|
|-weather|Sandstorm|[upkeep]
|-damage|p2a: Keldeo|1/100|[from] Sandstorm
|upkeep
|turn|29
|-message|MenaCicada forfeited.
|
|win|snof2
|raw|snof2's rating: 1411 &rarr; <strong>1430</strong><br />(+19 for winning)
|raw|MenaCicada's rating: 1392 &rarr; <strong>1373</strong><br />(-19 for losing)
|l|☆MenaCicada
|player|p2|
