|j|☆Knopper
|j|☆AggregateDemand
|t:|1731035092
|gametype|singles
|player|p1|Knopper|nessa|1323
|player|p2|AggregateDemand|2|1280
|teamsize|p1|6
|teamsize|p2|6
|gen|5
|tier|[Gen 5] OU
|rated|
|rule|Species Clause: Limit one of each Pokémon
|rule|OHKO Clause: OHKO moves are banned
|rule|Moody Clause: Moody is banned
|rule|Evasion Items Clause: Evasion items are banned
|rule|Evasion Moves Clause: Evasion moves are banned
|rule|Endless Battle Clause: Forcing endless battles is banned
|rule|HP Percentage Mod: HP is shown in percentages
|rule|Evasion Abilities Clause: Evasion abilities are banned
|rule|Sleep Moves Clause: Sleep-inducing moves are banned
|rule|Swagger Clause: Swagger is banned
|rule|Baton Pass Stat Clause: No Baton Passer may have a way to boost its stats
|clearpoke
|poke|p1|Volcarona, M|item
|poke|p1|Terrakion|item
|poke|p1|Dragonite, M|item
|poke|p1|Jirachi|item
|poke|p1|Conkeldurr, F|item
|poke|p1|Starmie|item
|poke|p2|Skarmory, F|item
|poke|p2|Jellicent, M|item
|poke|p2|Latios, M|item
|poke|p2|Volcarona, M|item
|poke|p2|Scizor, F|item
|poke|p2|Starmie|item
|teampreview
|inactive|Battle timer is ON: inactive players will automatically lose when time's up. (requested by Knopper)
|
|t:|1731035109
|start
|switch|p1a: Rogan|Terrakion|100/100
|switch|p2a: Skarmory|Skarmory, F|100/100
|turn|1
|
|t:|1731035113
|move|p1a: Rogan|Taunt|p2a: Skarmory
|-start|p2a: Skarmory|move: Taunt
|move|p2a: Skarmory|Brave Bird|p1a: Rogan
|-damage|p1a: Rogan|48/100
|-damage|p2a: Skarmory|80/100|[from] Recoil
|
|upkeep
|turn|2
|
|t:|1731035116
|move|p1a: Rogan|Stealth Rock|p2a: Skarmory
|-sidestart|p2: AggregateDemand|move: Stealth Rock
|move|p2a: Skarmory|Brave Bird|p1a: Rogan
|-damage|p1a: Rogan|0 fnt
|faint|p1a: Rogan
|-damage|p2a: Skarmory|62/100|[from] Recoil
|
|upkeep
|
|t:|1731035125
|switch|p1a: Rochelle|Volcarona, M|100/100
|turn|3
|
|t:|1731035127
|move|p1a: Rochelle|Flamethrower|p2a: Skarmory
|-supereffective|p2a: Skarmory
|-damage|p2a: Skarmory|0 fnt
|faint|p2a: Skarmory
|
|upkeep
|
|t:|1731035129
|switch|p2a: Starmie|Starmie|100/100
|-damage|p2a: Starmie|88/100|[from] Stealth Rock
|-item|p2a: Starmie|Air Balloon
|turn|4
|
|t:|1731035135
|move|p2a: Starmie|Hydro Pump|p1a: Rochelle
|-supereffective|p1a: Rochelle
|-damage|p1a: Rochelle|0 fnt
|faint|p1a: Rochelle
|
|upkeep
|
|t:|1731035142
|switch|p1a: Rox|Jirachi|100/100
|turn|5
|
|t:|1731035145
|move|p1a: Rox|U-turn|p2a: Starmie
|-supereffective|p2a: Starmie
|-damage|p2a: Starmie|41/100
|-enditem|p2a: Starmie|Air Balloon
|
|t:|1731035149
|switch|p1a: Rollin|Starmie|100/100|[from] U-turn
|-item|p1a: Rollin|Air Balloon
|move|p2a: Starmie|Rapid Spin|p1a: Rollin
|-damage|p1a: Rollin|96/100
|-enditem|p1a: Rollin|Air Balloon
|-sideend|p2: AggregateDemand|Stealth Rock|[from] move: Rapid Spin|[of] p2a: Starmie
|
|upkeep
|turn|6
|
|t:|1731035154
|move|p2a: Starmie|Thunderbolt|p1a: Rollin
|-supereffective|p1a: Rollin
|-damage|p1a: Rollin|25/100
|move|p1a: Rollin|Thunderbolt|p2a: Starmie
|-supereffective|p2a: Starmie
|-damage|p2a: Starmie|0 fnt
|faint|p2a: Starmie
|
|upkeep
|
|t:|1731035162
|switch|p2a: Scizor|Scizor, F|100/100
|turn|7
|
|t:|1731035168
|move|p1a: Rollin|Ice Beam|p2a: Scizor
|-resisted|p2a: Scizor
|-damage|p2a: Scizor|84/100
|move|p2a: Scizor|Swords Dance|p2a: Scizor
|-boost|p2a: Scizor|atk|2
|
|upkeep
|turn|8
|
|t:|1731035173
|move|p2a: Scizor|Bullet Punch|p1a: Rollin
|-resisted|p1a: Rollin
|-damage|p1a: Rollin|0 fnt
|faint|p1a: Rollin
|-damage|p2a: Scizor|74/100|[from] item: Life Orb
|
|upkeep
|
|t:|1731035176
|switch|p1a: Remi|Conkeldurr, F, shiny|100/100
|turn|9
|
|t:|1731035179
|move|p2a: Scizor|Superpower|p1a: Remi
|-damage|p1a: Remi|1/100
|-unboost|p2a: Scizor|atk|1
|-unboost|p2a: Scizor|def|1
|-damage|p2a: Scizor|64/100|[from] item: Life Orb
|move|p1a: Remi|Drain Punch|p2a: Scizor
|-damage|p2a: Scizor|0 fnt
|-heal|p1a: Remi|22/100|[from] drain|[of] p2a: Scizor
|faint|p2a: Scizor
|
|-heal|p1a: Remi|29/100|[from] item: Leftovers
|upkeep
|
|t:|1731035189
|switch|p2a: Jellicent|Jellicent, M|100/100
|turn|10
|
|t:|1731035192
|move|p2a: Jellicent|Night Shade|p1a: Remi
|-damage|p1a: Remi|4/100
|move|p1a: Remi|Thunder Punch|p2a: Jellicent
|-supereffective|p2a: Jellicent
|-damage|p2a: Jellicent|32/100
|
|-heal|p2a: Jellicent|38/100|[from] item: Leftovers
|-heal|p1a: Remi|10/100|[from] item: Leftovers
|upkeep
|turn|11
|
|t:|1731035198
|move|p2a: Jellicent|Night Shade|p1a: Remi
|-damage|p1a: Remi|0 fnt
|faint|p1a: Remi
|
|-heal|p2a: Jellicent|44/100|[from] item: Leftovers
|upkeep
|
|t:|1731035202
|switch|p1a: Rox|Jirachi|100/100
|turn|12
|
|t:|1731035211
|move|p1a: Rox|Psychic|p2a: Jellicent
|-damage|p2a: Jellicent|14/100
|move|p2a: Jellicent|Will-O-Wisp|p1a: Rox
|-status|p1a: Rox|brn
|
|-heal|p2a: Jellicent|20/100|[from] item: Leftovers
|-damage|p1a: Rox|88/100 brn|[from] brn
|upkeep
|turn|13
|
|t:|1731035216
|move|p1a: Rox|Psychic|p2a: Jellicent
|-damage|p2a: Jellicent|0 fnt
|faint|p2a: Jellicent
|
|-damage|p1a: Rox|76/100 brn|[from] brn
|upkeep
|
|t:|1731035218
|switch|p2a: Latios|Latios, M|100/100
|turn|14
|
|t:|1731035222
|move|p1a: Rox|Psychic|p2a: Latios
|-resisted|p2a: Latios
|-damage|p2a: Latios|85/100
|move|p2a: Latios|Reflect|p2a: Latios
|-sidestart|p2: AggregateDemand|Reflect
|
|-damage|p1a: Rox|64/100 brn|[from] brn
|upkeep
|turn|15
|
|t:|1731035230
|switch|p1a: Ronin|Dragonite, M|100/100
|move|p2a: Latios|Memento|p1a: Ronin
|-unboost|p1a: Ronin|atk|2
|-unboost|p1a: Ronin|spa|2
|faint|p2a: Latios
|
|upkeep
|
|t:|1731035233
|switch|p2a: Volcarona|Volcarona, M|100/100
|turn|16
|
|t:|1731035239
|switch|p1a: Rox|Jirachi|64/100 brn
|move|p2a: Volcarona|Quiver Dance|p2a: Volcarona
|-boost|p2a: Volcarona|spa|1
|-boost|p2a: Volcarona|spd|1
|-boost|p2a: Volcarona|spe|1
|
|-damage|p1a: Rox|51/100 brn|[from] brn
|upkeep
|turn|17
|
|t:|1731035246
|move|p1a: Rox|U-turn|p2a: Volcarona
|-resisted|p2a: Volcarona
|-damage|p2a: Volcarona|97/100
|
|t:|1731035248
|switch|p1a: Ronin|Dragonite, M|100/100|[from] U-turn
|move|p2a: Volcarona|Fiery Dance|p1a: Ronin
|-resisted|p1a: Ronin
|-damage|p1a: Ronin|85/100
|
|upkeep
|turn|18
|
|t:|1731035252
|move|p2a: Volcarona|Hidden Power|p1a: Ronin
|-supereffective|p1a: Ronin
|-damage|p1a: Ronin|0 fnt
|faint|p1a: Ronin
|
|upkeep
|
|t:|1731035255
|switch|p1a: Rox|Jirachi|51/100 brn
|turn|19
|
|t:|1731035257
|move|p1a: Rox|Iron Head|p2a: Volcarona
|-resisted|p2a: Volcarona
|-damage|p2a: Volcarona|92/100
|cant|p2a: Volcarona|flinch
|
|-damage|p1a: Rox|39/100 brn|[from] brn
|upkeep
|turn|20
|
|t:|1731035260
|move|p1a: Rox|Iron Head|p2a: Volcarona
|-resisted|p2a: Volcarona
|-damage|p2a: Volcarona|88/100
|cant|p2a: Volcarona|flinch
|
|-damage|p1a: Rox|27/100 brn|[from] brn
|upkeep
|turn|21
|
|t:|1731035262
|move|p1a: Rox|Iron Head|p2a: Volcarona
|-resisted|p2a: Volcarona
|-damage|p2a: Volcarona|83/100
|cant|p2a: Volcarona|flinch
|
|-damage|p1a: Rox|14/100 brn|[from] brn
|-sideend|p2: AggregateDemand|Reflect
|upkeep
|turn|22
|
|t:|1731035264
|move|p1a: Rox|Iron Head|p2a: Volcarona
|-resisted|p2a: Volcarona
|-damage|p2a: Volcarona|73/100
|cant|p2a: Volcarona|flinch
|
|-damage|p1a: Rox|2/100 brn|[from] brn
|upkeep
|turn|23
|
|t:|1731035266
|move|p1a: Rox|Iron Head|p2a: Volcarona
|-resisted|p2a: Volcarona
|-damage|p2a: Volcarona|62/100
|cant|p2a: Volcarona|flinch
|
|-damage|p1a: Rox|0 fnt|[from] brn
|faint|p1a: Rox
|
|win|AggregateDemand
|upkeep
|raw|Knopper's rating: 1323 &rarr; <strong>1301</strong><br />(-22 for losing)
|raw|AggregateDemand's rating: 1280 &rarr; <strong>1308</strong><br />(+28 for winning)
|l|☆Knopper
|player|p1|
