|join|Eber Alakazam
|join|Pythagorean Python
|player|p1|Eber Alakazam|266
|player|p2|Pythagorean Python|170
|gametype|singles
|gen|5
|tier|[Gen 5] OU
|rated
|rule|Evasion Abilities Clause: Evasion abilities are banned
|clearpoke
|poke|p1|Blissey, F
|poke|p1|Skarmory, F
|poke|p1|Ferrothorn, M
|poke|p1|Tentacruel, M
|poke|p1|Politoed, M
|poke|p1|Jirachi
|poke|p2|Kyurem-Black
|poke|p2|Landorus-Therian, M
|poke|p2|Keldeo
|poke|p2|Thundurus-Therian, M
|poke|p2|Dusclops, M
|poke|p2|Conkeldurr, F
|rule|Sleep Clause Mod: Limit one foe put to sleep
|rule|Species Clause: Limit one of each Pokémon
|rule|OHKO Clause: OHKO moves are banned
|rule|Moody Clause: Moody is banned
|rule|Evasion Moves Clause: Evasion moves are banned
|rule|Endless Battle Clause: Forcing endless battles is banned
|rule|HP Percentage Mod: HP is reported as percentages
|teampreview
|
|start
|switch|p1a: Ferrothorn|Ferrothorn, M|351/351
|switch|p2a: Landorus-Therian|Landorus-Therian, M|319/319
|-ability|p2a: Landorus-Therian|Intimidate|[of] p1a: Ferrothorn
|-unboost|p1a: Ferrothorn|atk|1
|turn|1
|
|move|p2a: Landorus-Therian|U-turn|p1a: Ferrothorn
|-damage|p1a: Ferrothorn|274/351
|-damage|p2a: Landorus-Therian|280/319|[from] ability: Iron Barbs|[of] p1a: Ferrothorn
|
|switch|p2a: Conkeldurr|Conkeldurr, F|414/414
|move|p1a: Ferrothorn|Leech Seed|p2a: Conkeldurr
|-start|p2a: Conkeldurr|move: Leech Seed
|
|-heal|p1a: Ferrothorn|295/351|[from] item: Leftovers
|-damage|p2a: Conkeldurr|363/414|[from] Leech Seed|[of] p1a: Ferrothorn
|-heal|p1a: Ferrothorn|346/351|[silent]
|turn|2
|
|switch|p1a: Tentacruel|Tentacruel, M|364/364
|move|p2a: Conkeldurr|Drain Punch|p1a: Tentacruel
|-resisted|p1a: Tentacruel
|-damage|p1a: Tentacruel|252/364
|-heal|p2a: Conkeldurr|414/414|[from] drain|[of] p1a: Tentacruel
|-damage|p2a: Conkeldurr|373/414|[from] item: Life Orb
|
|-heal|p1a: Tentacruel|274/364|[from] item: Black Sludge
|-damage|p2a: Conkeldurr|322/414|[from] Leech Seed|[of] p1a: Tentacruel
|-heal|p1a: Tentacruel|325/364|[silent]
|turn|3
|
|switch|p2a: Dusclops|Dusclops, M|222/222
|-ability|p2a: Dusclops|Pressure
|move|p1a: Tentacruel|Toxic Spikes|p2a: Dusclops
|-sidestart|p2: Pythagorean Python|move: Toxic Spikes
|
|-heal|p1a: Tentacruel|347/364|[from] item: Black Sludge
|turn|4
|
|move|p1a: Tentacruel|Toxic Spikes|p2a: Dusclops
|-sidestart|p2: Pythagorean Python|move: Toxic Spikes
|move|p2a: Dusclops|Confuse Ray|p1a: Tentacruel
|-start|p1a: Tentacruel|confusion
|
|-heal|p1a: Tentacruel|364/364|[from] item: Black Sludge
|turn|5
|
|switch|p1a: Politoed|Politoed, M|384/384
|-weather|RainDance|[from] ability: Drizzle|[of] p1a: Politoed
|move|p2a: Dusclops|Will-O-Wisp|p1a: Politoed
|-status|p1a: Politoed|brn
|
|-weather|RainDance|[upkeep]
|-damage|p1a: Politoed|336/384 brn|[from] brn
|turn|6
|
|move|p1a: Politoed|Toxic|p2a: Dusclops
|-status|p2a: Dusclops|tox
|move|p2a: Dusclops|Confuse Ray|p1a: Politoed
|-start|p1a: Politoed|confusion
|
|-weather|RainDance|[upkeep]
|-heal|p1a: Politoed|360/384 brn|[from] item: Leftovers
|-damage|p1a: Politoed|312/384 brn|[from] brn
|-damage|p2a: Dusclops|209/222 tox|[from] psn
|turn|7
|
|-activate|p1a: Politoed|confusion
|-damage|p1a: Politoed|300/384 brn|[from] confusion
|move|p2a: Dusclops|Pain Split|p1a: Politoed
|-sethp|p1a: Politoed|254/384 brn|p2a: Dusclops|222/222 tox|[from] move: Pain Split
|
|-weather|RainDance|[upkeep]
|-heal|p1a: Politoed|278/384 brn|[from] item: Leftovers
|-damage|p1a: Politoed|230/384 brn|[from] brn
|-damage|p2a: Dusclops|196/222 tox|[from] psn
|turn|8
|
|switch|p1a: Ferrothorn|Ferrothorn, M|346/351
|move|p2a: Dusclops|Night Shade|p1a: Ferrothorn
|-damage|p1a: Ferrothorn|246/351
|
|-weather|RainDance|[upkeep]
|-heal|p1a: Ferrothorn|267/351|[from] item: Leftovers
|-damage|p2a: Dusclops|157/222 tox|[from] psn
|turn|9
|
|move|p2a: Dusclops|Will-O-Wisp|p1a: Ferrothorn|[miss]
|-miss|p2a: Dusclops|p1a: Ferrothorn
|move|p1a: Ferrothorn|Leech Seed|p2a: Dusclops
|-start|p2a: Dusclops|move: Leech Seed
|
|-weather|RainDance|[upkeep]
|-heal|p1a: Ferrothorn|288/351|[from] item: Leftovers
|-damage|p2a: Dusclops|130/222 tox|[from] Leech Seed|[of] p1a: Ferrothorn
|-heal|p1a: Ferrothorn|315/351|[silent]
|-damage|p2a: Dusclops|78/222 tox|[from] psn
|turn|10
|
|move|p1a: Ferrothorn|Protect|p1a: Ferrothorn
|-singleturn|p1a: Ferrothorn|Protect
|move|p2a: Dusclops|Pain Split|p1a: Ferrothorn
|-activate|p1a: Ferrothorn|Protect
|
|-weather|RainDance|[upkeep]
|-heal|p1a: Ferrothorn|336/351|[from] item: Leftovers
|-damage|p2a: Dusclops|51/222 tox|[from] Leech Seed|[of] p1a: Ferrothorn
|-heal|p1a: Ferrothorn|351/351|[silent]
|-damage|p2a: Dusclops|0 fnt|[from] psn
|faint|p2a: Dusclops
|
|switch|p2a: Conkeldurr|Conkeldurr, F|322/414
|-status|p2a: Conkeldurr|tox
|turn|11
|
|move|p2a: Conkeldurr|Drain Punch|p1a: Ferrothorn
|-supereffective|p1a: Ferrothorn
|-damage|p1a: Ferrothorn|0 fnt
|-heal|p2a: Conkeldurr|414/414 tox|[from] drain|[of] p1a: Ferrothorn
|-damage|p2a: Conkeldurr|363/414 tox|[from] ability: Iron Barbs|[of] p1a: Ferrothorn
|-damage|p2a: Conkeldurr|322/414 tox|[from] item: Life Orb
|faint|p1a: Ferrothorn
|
|-weather|RainDance|[upkeep]
|-damage|p2a: Conkeldurr|297/414 tox|[from] psn
|
|switch|p1a: Skarmory|Skarmory, F|334/334
|turn|12
|
|move|p1a: Skarmory|Spikes|p2a: Conkeldurr
|-sidestart|p2: Pythagorean Python|Spikes
|move|p2a: Conkeldurr|Drain Punch|p1a: Skarmory
|-damage|p1a: Skarmory|198/334
|-heal|p2a: Conkeldurr|365/414 tox|[from] drain|[of] p1a: Skarmory
|-damage|p2a: Conkeldurr|296/414 tox|[from] item: Rocky Helmet|[of] p1a: Skarmory
|-damage|p2a: Conkeldurr|255/414 tox|[from] item: Life Orb
|
|-weather|RainDance|[upkeep]
|-damage|p2a: Conkeldurr|205/414 tox|[from] psn
|turn|13
|
|move|p2a: Conkeldurr|Stone Edge|p1a: Skarmory
|-damage|p1a: Skarmory|97/334
|-damage|p2a: Conkeldurr|164/414 tox|[from] item: Life Orb
|move|p1a: Skarmory|Whirlwind|p2a: Conkeldurr
|drag|p2a: Kyurem-Black|Kyurem-Black|454/454
|-status|p2a: Kyurem-Black|tox
|-damage|p2a: Kyurem-Black|398/454 tox|[from] Spikes
|-ability|p2a: Kyurem-Black|Teravolt
|
|-weather|RainDance|[upkeep]
|-damage|p2a: Kyurem-Black|370/454 tox|[from] psn
|turn|14
|
|switch|p1a: Blissey|Blissey, F|714/714
|move|p2a: Kyurem-Black|Outrage|p1a: Blissey
|-damage|p1a: Blissey|0 fnt
|faint|p1a: Blissey
|
|-weather|RainDance|[upkeep]
|-damage|p2a: Kyurem-Black|314/454 tox|[from] psn
|
|switch|p1a: Politoed|Politoed, M|230/384 brn
|turn|15
|
|move|p1a: Politoed|Protect|p1a: Politoed
|-singleturn|p1a: Politoed|Protect
|move|p2a: Kyurem-Black|Outrage|p1a: Politoed
|-activate|p1a: Politoed|Protect
|
|-weather|RainDance|[upkeep]
|-heal|p1a: Politoed|254/384 brn|[from] item: Leftovers
|-damage|p2a: Kyurem-Black|230/454 tox|[from] psn
|-damage|p1a: Politoed|206/384 brn|[from] brn
|turn|16
|
|move|p2a: Kyurem-Black|Outrage|p1a: Politoed
|-damage|p1a: Politoed|0 fnt
|faint|p1a: Politoed
|
|-weather|RainDance|[upkeep]
|-damage|p2a: Kyurem-Black|118/454 tox|[from] psn
|
|switch|p1a: Jirachi|Jirachi|404/404
|turn|17
|
|move|p1a: Jirachi|Calm Mind|p1a: Jirachi
|-boost|p1a: Jirachi|spa|1
|-boost|p1a: Jirachi|spd|1
|move|p2a: Kyurem-Black|Outrage|p1a: Jirachi
|-resisted|p1a: Jirachi
|-damage|p1a: Jirachi|177/404
|
|-weather|RainDance|[upkeep]
|-heal|p1a: Jirachi|202/404|[from] item: Leftovers
|-damage|p2a: Kyurem-Black|0 fnt|[from] psn
|faint|p2a: Kyurem-Black
|
|switch|p2a: Landorus-Therian|Landorus-Therian, M|280/319
|-ability|p2a: Landorus-Therian|Intimidate|[of] p1a: Jirachi
|-unboost|p1a: Jirachi|atk|1
|turn|18
|
|move|p2a: Landorus-Therian|Earthquake|p1a: Jirachi
|-supereffective|p1a: Jirachi
|-damage|p1a: Jirachi|0 fnt
|faint|p1a: Jirachi
|
|-weather|RainDance|[upkeep]
|
|switch|p1a: Skarmory|Skarmory, F|97/334
|turn|19
|
|switch|p2a: Conkeldurr|Conkeldurr, F|164/414 tox
|-damage|p2a: Conkeldurr|113/414 tox|[from] Spikes
|move|p1a: Skarmory|Roost|p1a: Skarmory
|-heal|p1a: Skarmory|264/334
|
|-weather|RainDance|[upkeep]
|-damage|p2a: Conkeldurr|88/414 tox|[from] psn
|turn|20
|
|switch|p1a: Tentacruel|Tentacruel, M|364/364
|move|p2a: Conkeldurr|Mach Punch|p1a: Tentacruel
|-resisted|p1a: Tentacruel
|-damage|p1a: Tentacruel|298/364
|-damage|p2a: Conkeldurr|47/414 tox|[from] item: Life Orb
|
|-weather|RainDance|[upkeep]
|-heal|p1a: Tentacruel|320/364|[from] ability: Rain Dish
|-heal|p1a: Tentacruel|342/364|[from] item: Black Sludge
|-damage|p2a: Conkeldurr|0 fnt|[from] psn
|faint|p2a: Conkeldurr
|
|switch|p2a: Thundurus-Therian|Thundurus-Therian, M|300/300
|turn|21
|
|move|p2a: Thundurus-Therian|Thunderbolt|p1a: Tentacruel
|-supereffective|p1a: Tentacruel
|-damage|p1a: Tentacruel|0 fnt
|-damage|p2a: Thundurus-Therian|270/300|[from] item: Life Orb
|faint|p1a: Tentacruel
|
|-weather|RainDance|[upkeep]
|
|switch|p1a: Skarmory|Skarmory, F|264/334
|turn|22
|
|move|p2a: Thundurus-Therian|Thunderbolt|p1a: Skarmory
|-supereffective|p1a: Skarmory
|-damage|p1a: Skarmory|0 fnt
|-damage|p2a: Thundurus-Therian|240/300|[from] item: Life Orb
|faint|p1a: Skarmory
|
|win|Pythagorean Python
|raw|Ladder updating...
|raw|Eber Alakazam's rating: 1383 &rarr; <strong>1361</strong><br />(-22 for losing)
|raw|Pythagorean Python's rating: 1350 &rarr; <strong>1372</strong><br />(+22 for winning)