|j|☆refsunpersons
|j|☆TertiaryKiwi
|player|p1|refsunpersons|15
|player|p2|TertiaryKiwi|197
|teamsize|p1|6
|teamsize|p2|6
|gametype|singles
|gen|5
|tier|[Gen 5] OU
|rated|
|rule|Sleep Clause Mod: Limit one foe put to sleep
|rule|Species Clause: Limit one of each Pokémon
|rule|OHKO Clause: OHKO moves are banned
|rule|Moody Clause: Moody is banned
|rule|Evasion Moves Clause: Evasion moves are banned
|rule|Endless Battle Clause: Forcing endless battles is banned
|rule|HP Percentage Mod: HP is shown in percentages
|rule|Evasion Abilities Clause: Evasion abilities are banned
|rule|Baton Pass Clause: Limit one Baton Passer, can't pass Spe and other stats simultaneously
|rule|Swagger Clause: Swagger is banned
|clearpoke
|poke|p1|Politoed, M|item
|poke|p1|Ferrothorn, M|item
|poke|p1|Xatu, M|item
|poke|p1|Diglett, M|item
|poke|p1|Latias, F|item
|poke|p1|Toxicroak, F|item
|poke|p2|Keldeo-Resolute|item
|poke|p2|Breloom, F|item
|poke|p2|Jirachi|item
|poke|p2|Politoed, M|item
|poke|p2|Ferrothorn, F|item
|poke|p2|Kyurem-Black|item
|teampreview
|c|☆refsunpersons|gl hf again
|c|☆TertiaryKiwi|do I know you btw? lol
|c|☆refsunpersons|yeah
|c|☆TertiaryKiwi|we shared teams on smogon?
|c|☆refsunpersons|the guy with the meme volc team
|c|☆TertiaryKiwi|right, cool
|
|start
|switch|p1a: zeong|Toxicroak, F|100/100
|switch|p2a: Kyurem|Kyurem-Black|100/100
|-ability|p2a: Kyurem|Teravolt
|turn|1
|
|switch|p1a: hygogg|Politoed, M|100/100
|-weather|RainDance|[from] ability: Drizzle|[of] p1a: hygogg
|move|p2a: Kyurem|Substitute|p2a: Kyurem
|-start|p2a: Kyurem|Substitute
|-damage|p2a: Kyurem|76/100
|
|-weather|RainDance|[upkeep]
|upkeep
|turn|2
|
|move|p1a: hygogg|Encore|p2a: Kyurem
|-start|p2a: Kyurem|Encore
|move|p2a: Kyurem|Substitute|p2a: Kyurem
|-fail|p2a: Kyurem|move: Substitute
|
|-weather|RainDance|[upkeep]
|upkeep
|turn|3
|
|switch|p1a: acguy|Diglett, M|100/100
|switch|p2a: Jirachi|Jirachi|100/100
|
|-weather|RainDance|[upkeep]
|upkeep
|turn|4
|
|move|p1a: acguy|Earthquake|p2a: Jirachi
|-supereffective|p2a: Jirachi
|-enditem|p2a: Jirachi|Shuca Berry|[eat]
|-enditem|p2a: Jirachi|Shuca Berry|[weaken]
|-damage|p2a: Jirachi|75/100
|move|p2a: Jirachi|Icy Wind|p1a: acguy
|-supereffective|p1a: acguy
|-enditem|p1a: acguy|Focus Sash
|-damage|p1a: acguy|1/100
|-unboost|p1a: acguy|spe|1
|
|-weather|RainDance|[upkeep]
|upkeep
|turn|5
|c|☆refsunpersons|anti dug set?
|
|switch|p1a: big zam|Ferrothorn, M|100/100
|move|p2a: Jirachi|Psychic|p1a: big zam
|-resisted|p1a: big zam
|-damage|p1a: big zam|84/100
|
|-weather|RainDance|[upkeep]
|-heal|p1a: big zam|91/100|[from] item: Leftovers
|upkeep
|turn|6
|c|☆TertiaryKiwi|anti-Lando, Chomp
|
|switch|p2a: Breloom|Breloom, F|100/100
|switch|p1a: zaku|Xatu, M|100/100
|
|-weather|RainDance|[upkeep]
|upkeep
|turn|7
|
|switch|p2a: Kyurem|Kyurem-Black|76/100
|-ability|p2a: Kyurem|Teravolt
|move|p1a: zaku|Night Shade|p2a: Kyurem
|-damage|p2a: Kyurem|50/100
|
|-weather|RainDance|[upkeep]
|upkeep
|turn|8
|
|switch|p1a: hygogg|Politoed, M|100/100
|move|p2a: Kyurem|Freeze Shock|p1a: hygogg|[still]
|-prepare|p2a: Kyurem|Freeze Shock|p1a: hygogg
|-enditem|p2a: Kyurem|Power Herb
|-anim|p2a: Kyurem|Freeze Shock|p1a: hygogg
|-resisted|p1a: hygogg
|-damage|p1a: hygogg|32/100
|-status|p1a: hygogg|par
|
|-weather|RainDance|[upkeep]
|upkeep
|turn|9
|
|move|p2a: Kyurem|Substitute|p2a: Kyurem
|-start|p2a: Kyurem|Substitute
|-damage|p2a: Kyurem|25/100
|move|p1a: hygogg|Encore|p2a: Kyurem
|-start|p2a: Kyurem|Encore
|
|-weather|RainDance|[upkeep]
|upkeep
|turn|10
|
|switch|p2a: Ferrothorn|Ferrothorn, F|100/100
|switch|p1a: acguy|Diglett, M|1/100
|
|-weather|RainDance|[upkeep]
|upkeep
|turn|11
|
|move|p1a: acguy|Stealth Rock|p2a: Ferrothorn
|-sidestart|p2: TertiaryKiwi|move: Stealth Rock
|move|p2a: Ferrothorn|Gyro Ball|p1a: acguy
|-damage|p1a: acguy|0 fnt
|faint|p1a: acguy
|
|-weather|RainDance|[upkeep]
|upkeep
|
|switch|p1a: zaku|Xatu, M|100/100
|turn|12
|
|move|p1a: zaku|Night Shade|p2a: Ferrothorn
|-damage|p2a: Ferrothorn|72/100
|move|p2a: Ferrothorn|Gyro Ball|p1a: zaku
|-damage|p1a: zaku|53/100
|-damage|p2a: Ferrothorn|56/100|[from] item: Rocky Helmet|[of] p1a: zaku
|
|-weather|RainDance|[upkeep]
|upkeep
|turn|13
|
|move|p1a: zaku|Night Shade|p2a: Ferrothorn
|-damage|p2a: Ferrothorn|27/100
|move|p2a: Ferrothorn|Gyro Ball|p1a: zaku
|-damage|p1a: zaku|7/100
|-damage|p2a: Ferrothorn|11/100|[from] item: Rocky Helmet|[of] p1a: zaku
|
|-weather|RainDance|[upkeep]
|upkeep
|turn|14
|
|move|p1a: zaku|Roost|p1a: zaku
|-heal|p1a: zaku|58/100
|move|p2a: Ferrothorn|Gyro Ball|p1a: zaku
|-damage|p1a: zaku|10/100
|-damage|p2a: Ferrothorn|0 fnt|[from] item: Rocky Helmet|[of] p1a: zaku
|faint|p2a: Ferrothorn
|-formechange|p2a: Ferrothorn|Ferrothorn|
|
|-weather|RainDance|[upkeep]
|upkeep
|
|switch|p2a: Breloom|Breloom, F|100/100
|-damage|p2a: Breloom|94/100|[from] Stealth Rock
|turn|15
|
|move|p2a: Breloom|Mach Punch|p1a: zaku
|-resisted|p1a: zaku
|-damage|p1a: zaku|0 fnt
|-damage|p2a: Breloom|78/100|[from] item: Rocky Helmet|[of] p1a: zaku
|-damage|p2a: Breloom|68/100|[from] item: Life Orb
|faint|p1a: zaku
|
|-weather|RainDance|[upkeep]
|upkeep
|
|switch|p1a: zeong|Toxicroak, F|100/100
|turn|16
|
|move|p1a: zeong|Ice Punch|p2a: Breloom
|-supereffective|p2a: Breloom
|-crit|p2a: Breloom
|-damage|p2a: Breloom|0 fnt
|-damage|p1a: zeong|91/100|[from] item: Life Orb
|faint|p2a: Breloom
|
|-weather|RainDance|[upkeep]
|-heal|p1a: zeong|100/100|[from] ability: Dry Skin
|upkeep
|
|switch|p2a: Jirachi|Jirachi|75/100
|-damage|p2a: Jirachi|68/100|[from] Stealth Rock
|turn|17
|
|switch|p1a: hygogg|Politoed, M|32/100 par
|move|p2a: Jirachi|Psychic|p1a: hygogg
|-damage|p1a: hygogg|0 fnt
|faint|p1a: hygogg
|
|-weather|RainDance|[upkeep]
|upkeep
|
|switch|p1a: big zam|Ferrothorn, M|91/100
|turn|18
|
|move|p2a: Jirachi|Hidden Power|p1a: big zam
|-supereffective|p1a: big zam
|-damage|p1a: big zam|61/100
|move|p1a: big zam|Spikes|p2a: Jirachi
|-sidestart|p2: TertiaryKiwi|Spikes
|
|-weather|RainDance|[upkeep]
|-heal|p1a: big zam|67/100|[from] item: Leftovers
|upkeep
|turn|19
|
|move|p2a: Jirachi|Hidden Power|p1a: big zam
|-supereffective|p1a: big zam
|-damage|p1a: big zam|34/100
|move|p1a: big zam|Leech Seed|p2a: Jirachi
|-start|p2a: Jirachi|move: Leech Seed
|
|-weather|RainDance|[upkeep]
|-heal|p1a: big zam|41/100|[from] item: Leftovers
|-damage|p2a: Jirachi|56/100|[from] Leech Seed|[of] p1a: big zam
|-heal|p1a: big zam|55/100|[silent]
|upkeep
|turn|20
|
|move|p2a: Jirachi|Healing Wish|p2a: Jirachi
|faint|p2a: Jirachi
|move|p1a: big zam|Power Whip|p2: Jirachi|[notarget]
|-notarget
|
|-weather|RainDance|[upkeep]
|-heal|p1a: big zam|61/100|[from] item: Leftovers
|upkeep
|
|switch|p2a: Kyurem|Kyurem-Black|25/100
|-heal|p2a: Kyurem|100/100|[from] move: Healing Wish
|-damage|p2a: Kyurem|76/100|[from] Stealth Rock
|-damage|p2a: Kyurem|63/100|[from] Spikes
|-ability|p2a: Kyurem|Teravolt
|turn|21
|
|move|p2a: Kyurem|Substitute|p2a: Kyurem
|-start|p2a: Kyurem|Substitute
|-damage|p2a: Kyurem|39/100
|move|p1a: big zam|Gyro Ball|p2a: Kyurem
|-supereffective|p2a: Kyurem
|-end|p2a: Kyurem|Substitute
|
|-weather|RainDance|[upkeep]
|-heal|p1a: big zam|67/100|[from] item: Leftovers
|upkeep
|turn|22
|c|☆TertiaryKiwi|oh, also has gyro
|c|☆TertiaryKiwi|rip
|
|move|p2a: Kyurem|Outrage|p1a: big zam
|-resisted|p1a: big zam
|-damage|p1a: big zam|37/100
|-damage|p2a: Kyurem|26/100|[from] ability: Iron Barbs|[of] p1a: big zam
|move|p1a: big zam|Gyro Ball|p2a: Kyurem
|-supereffective|p2a: Kyurem
|-damage|p2a: Kyurem|0 fnt
|faint|p2a: Kyurem
|
|-weather|RainDance|[upkeep]
|-heal|p1a: big zam|43/100|[from] item: Leftovers
|upkeep
|c|☆refsunpersons|can't have too much anti-sweeper these days
|
|switch|p2a: Keldeo|Keldeo-Resolute|100/100
|-damage|p2a: Keldeo|88/100|[from] Spikes
|-damage|p2a: Keldeo|82/100|[from] Stealth Rock
|turn|23
|
|move|p2a: Keldeo|Secret Sword|p1a: big zam
|-supereffective|p1a: big zam
|-damage|p1a: big zam|0 fnt
|faint|p1a: big zam
|
|-weather|RainDance|[upkeep]
|upkeep
|
|switch|p1a: zeong|Toxicroak, F|100/100
|turn|24
|
|switch|p2a: Politoed|Politoed, M, shiny|100/100
|-damage|p2a: Politoed|88/100|[from] Stealth Rock
|-damage|p2a: Politoed|76/100|[from] Spikes
|move|p1a: zeong|Drain Punch|p2a: Politoed
|-damage|p2a: Politoed|18/100
|-damage|p1a: zeong|91/100|[from] item: Life Orb
|
|-weather|RainDance|[upkeep]
|-heal|p1a: zeong|100/100|[from] ability: Dry Skin
|upkeep
|turn|25
|
|move|p1a: zeong|Sucker Punch|p2a: Politoed
|-damage|p2a: Politoed|0 fnt
|-damage|p1a: zeong|91/100|[from] item: Life Orb
|faint|p2a: Politoed
|
|-weather|RainDance|[upkeep]
|-heal|p1a: zeong|100/100|[from] ability: Dry Skin
|upkeep
|
|switch|p2a: Keldeo|Keldeo-Resolute|82/100
|-damage|p2a: Keldeo|70/100|[from] Spikes
|-damage|p2a: Keldeo|63/100|[from] Stealth Rock
|turn|26
|
|move|p2a: Keldeo|Secret Sword|p1a: zeong
|-resisted|p1a: zeong
|-damage|p1a: zeong|66/100
|move|p1a: zeong|Drain Punch|p2a: Keldeo
|-damage|p2a: Keldeo|12/100
|-heal|p1a: zeong|93/100|[from] drain|[of] p2a: Keldeo
|-damage|p1a: zeong|83/100|[from] item: Life Orb
|
|-weather|RainDance|[upkeep]
|-heal|p1a: zeong|95/100|[from] ability: Dry Skin
|upkeep
|turn|27
|c|☆refsunpersons|gg wp
|c|☆TertiaryKiwi|gg
|
|move|p1a: zeong|Sucker Punch|p2a: Keldeo
|-resisted|p2a: Keldeo
|-damage|p2a: Keldeo|0 fnt
|-damage|p1a: zeong|85/100|[from] item: Life Orb
|faint|p2a: Keldeo
|
|win|refsunpersons
|raw|refsunpersons's rating: 1411 &rarr; <strong>1434</strong><br />(+23 for winning)
|raw|TertiaryKiwi's rating: 1461 &rarr; <strong>1438</strong><br />(-23 for losing)
