|j|SchlieffenParty
|j|Julieth ♣ Emerald
|player|p1|SchlieffenParty|12
|player|p2|Julieth ♣ Emerald|148
|gametype|singles
|gen|5
|tier|[Gen 5] OU
|rated
|seed|
|rule|Evasion Abilities Clause: Evasion abilities are banned
|rule|Baton Pass Clause: Limit one Baton Passer, can't pass Spe and other stats simultaneously
|clearpoke
|poke|p1|Abomasnow, M|item
|poke|p1|Forretress, M|item
|poke|p1|Swampert, M|item
|poke|p1|Gengar, F|item
|poke|p1|Thundurus-Therian, M|item
|poke|p1|Heatran, F|item
|poke|p2|Alakazam, M|item
|poke|p2|Garchomp, M|item
|poke|p2|Ferrothorn, M|item
|poke|p2|Landorus-Therian, M|item
|poke|p2|Jellicent, M|item
|poke|p2|Tyranitar, M|item
|rule|Sleep Clause Mod: Limit one foe put to sleep
|rule|Species Clause: Limit one of each Pokémon
|rule|OHKO Clause: OHKO moves are banned
|rule|Moody Clause: Moody is banned
|rule|Evasion Moves Clause: Evasion moves are banned
|rule|Endless Battle Clause: Forcing endless battles is banned
|rule|HP Percentage Mod: HP is shown in percentages
|teampreview
|choice||
|
|start
|switch|p1a: Swampert|Swampert, M|100/100
|switch|p2a: Landorus|Landorus-Therian, M|100/100
|-ability|p2a: Landorus|Intimidate|boost
|-unboost|p1a: Swampert|atk|1
|turn|1
|choice||
|
|move|p2a: Landorus|U-turn|p1a: Swampert
|-damage|p1a: Swampert|75/100
|choice||
|
|switch|p2a: Ferrothorn|Ferrothorn, M|100/100
|move|p1a: Swampert|Ice Punch|p2a: Ferrothorn
|-crit|p2a: Ferrothorn
|-damage|p2a: Ferrothorn|44/100
|-damage|p1a: Swampert|63/100|[from] ability: Iron Barbs|[of] p2a: Ferrothorn
|
|-heal|p2a: Ferrothorn|50/100|[from] item: Leftovers
|turn|2
|choice||
|
|switch|p1a: Heatran|Heatran, F|100/100
|move|p2a: Ferrothorn|Leech Seed|p1a: Heatran
|-start|p1a: Heatran|move: Leech Seed
|
|-heal|p2a: Ferrothorn|56/100|[from] item: Leftovers
|-damage|p1a: Heatran|88/100|[from] Leech Seed|[of] p2a: Ferrothorn
|-heal|p2a: Ferrothorn|69/100|[silent]
|turn|3
|choice||
|
|move|p2a: Ferrothorn|Protect|p2a: Ferrothorn
|-singleturn|p2a: Ferrothorn|Protect
|move|p1a: Heatran|Stealth Rock|p2a: Ferrothorn
|-sidestart|p2: Julieth ♣ Emerald|move: Stealth Rock
|
|-heal|p1a: Heatran|94/100|[from] item: Leftovers
|-heal|p2a: Ferrothorn|75/100|[from] item: Leftovers
|-damage|p1a: Heatran|82/100|[from] Leech Seed|[of] p2a: Ferrothorn
|-heal|p2a: Ferrothorn|89/100|[silent]
|turn|4
|choice||
|
|switch|p2a: Garchomp|Garchomp, M|100/100
|-damage|p2a: Garchomp|94/100|[from] Stealth Rock
|move|p1a: Heatran|Lava Plume|p2a: Garchomp
|-resisted|p2a: Garchomp
|-damage|p2a: Garchomp|77/100
|
|-heal|p1a: Heatran|88/100|[from] item: Leftovers
|-damage|p1a: Heatran|76/100|[from] Leech Seed|[of] p2a: Garchomp
|-heal|p2a: Garchomp|90/100|[silent]
|turn|5
|choice||
|
|switch|p1a: Gengar|Gengar, F|100/100
|move|p2a: Garchomp|Dual Chop|p1a: Gengar
|-damage|p1a: Gengar|27/100
|-damage|p1a: Gengar|0 fnt
|-hitcount|p1a: Gengar|2
|faint|p1a: Gengar
|
|choice||
|
|switch|p1a: Abomasnow|Abomasnow, M|100/100
|-weather|Hail|[from] ability: Snow Warning|[of] p1a: Abomasnow
|turn|6
|choice||
|
|switch|p2a: Ferrothorn|Ferrothorn, M|89/100
|-damage|p2a: Ferrothorn|83/100|[from] Stealth Rock
|move|p1a: Abomasnow|Wood Hammer|p2a: Ferrothorn
|-resisted|p2a: Ferrothorn
|-damage|p2a: Ferrothorn|74/100
|-damage|p1a: Abomasnow|88/100|[from] ability: Iron Barbs|[of] p2a: Ferrothorn
|-damage|p1a: Abomasnow|85/100|[from] recoil|[of] p2a: Ferrothorn
|
|-weather|Hail|[upkeep]
|-damage|p2a: Ferrothorn|68/100|[from] hail
|-heal|p1a: Abomasnow|91/100|[from] item: Leftovers
|-heal|p2a: Ferrothorn|74/100|[from] item: Leftovers
|turn|7
|choice||
|
|switch|p1a: Forretress|Forretress, M|100/100
|move|p2a: Ferrothorn|Spikes|p1a: Forretress
|-sidestart|p1: SchlieffenParty|Spikes
|
|-weather|Hail|[upkeep]
|-damage|p2a: Ferrothorn|68/100|[from] hail
|-heal|p2a: Ferrothorn|74/100|[from] item: Leftovers
|turn|8
|choice||
|
|switch|p2a: Jellicent|Jellicent, M|100/100
|-damage|p2a: Jellicent|88/100|[from] Stealth Rock
|move|p1a: Forretress|Spikes|p2a: Jellicent
|-sidestart|p2: Julieth ♣ Emerald|Spikes
|
|-weather|Hail|[upkeep]
|-damage|p2a: Jellicent|82/100|[from] hail
|-heal|p2a: Jellicent|88/100|[from] item: Leftovers
|turn|9
|choice||
|
|move|p2a: Jellicent|Taunt|p1a: Forretress
|-start|p1a: Forretress|move: Taunt
|move|p1a: Forretress|Volt Switch|p2a: Jellicent
|-supereffective|p2a: Jellicent
|-damage|p2a: Jellicent|70/100
|choice||
|
|switch|p1a: Thundurus|Thundurus-Therian, M|100/100
|
|-weather|Hail|[upkeep]
|-damage|p1a: Thundurus|94/100|[from] hail
|-damage|p2a: Jellicent|64/100|[from] hail
|-heal|p1a: Thundurus|100/100|[from] item: Leftovers
|-heal|p2a: Jellicent|70/100|[from] item: Leftovers
|turn|10
|choice||
|
|switch|p2a: Tyranitar|Tyranitar, M|100/100
|-damage|p2a: Tyranitar|88/100|[from] Stealth Rock
|-damage|p2a: Tyranitar|76/100|[from] Spikes
|-weather|Sandstorm|[from] ability: Sand Stream|[of] p2a: Tyranitar
|move|p1a: Thundurus|Agility|p1a: Thundurus
|-boost|p1a: Thundurus|spe|2
|
|-weather|Sandstorm|[upkeep]
|-damage|p1a: Thundurus|94/100|[from] sandstorm
|-heal|p1a: Thundurus|100/100|[from] item: Leftovers
|turn|11
|choice||
|
|switch|p1a: Forretress|Forretress, M|100/100
|-damage|p1a: Forretress|88/100|[from] Spikes
|move|p2a: Tyranitar|Crunch|p1a: Forretress
|-resisted|p1a: Forretress
|-damage|p1a: Forretress|75/100
|
|-weather|Sandstorm|[upkeep]
|-heal|p1a: Forretress|81/100|[from] item: Leftovers
|turn|12
|choice||
|
|move|p2a: Tyranitar|Fire Blast|p1a: Forretress
|-supereffective|p1a: Forretress
|-damage|p1a: Forretress|0 fnt
|faint|p1a: Forretress
|
|-weather|Sandstorm|[upkeep]
|choice||
|
|switch|p1a: Swampert|Swampert, M|63/100
|-damage|p1a: Swampert|50/100|[from] Spikes
|turn|13
|choice||
|
|switch|p2a: Ferrothorn|Ferrothorn, M|74/100
|-damage|p2a: Ferrothorn|61/100|[from] Spikes
|-damage|p2a: Ferrothorn|55/100|[from] Stealth Rock
|move|p1a: Swampert|Earthquake|p2a: Ferrothorn
|-damage|p2a: Ferrothorn|2/100
|
|-weather|Sandstorm|[upkeep]
|-heal|p2a: Ferrothorn|8/100|[from] item: Leftovers
|turn|14
|choice||
|
|move|p2a: Ferrothorn|Protect|p2a: Ferrothorn
|-singleturn|p2a: Ferrothorn|Protect
|move|p1a: Swampert|Earthquake|p2a: Ferrothorn
|-activate|p2a: Ferrothorn|Protect
|
|-weather|Sandstorm|[upkeep]
|-heal|p2a: Ferrothorn|14/100|[from] item: Leftovers
|turn|15
|choice||
|
|move|p1a: Swampert|Earthquake|p2a: Ferrothorn
|-damage|p2a: Ferrothorn|0 fnt
|faint|p2a: Ferrothorn
|
|-weather|Sandstorm|[upkeep]
|choice||
|
|switch|p2a: Landorus|Landorus-Therian, M|100/100
|-damage|p2a: Landorus|88/100|[from] Stealth Rock
|-ability|p2a: Landorus|Intimidate|boost
|-unboost|p1a: Swampert|atk|1
|turn|16
|choice||
|
|switch|p1a: Heatran|Heatran, F|76/100
|-damage|p1a: Heatran|63/100|[from] Spikes
|move|p2a: Landorus|U-turn|p1a: Heatran
|-resisted|p1a: Heatran
|-damage|p1a: Heatran|58/100
|choice||
|
|switch|p2a: Jellicent|Jellicent, M|70/100
|-damage|p2a: Jellicent|58/100|[from] Stealth Rock
|-damage|p2a: Jellicent|45/100|[from] Spikes
|
|-weather|Sandstorm|[upkeep]
|-damage|p2a: Jellicent|39/100|[from] sandstorm
|-heal|p1a: Heatran|64/100|[from] item: Leftovers
|-heal|p2a: Jellicent|45/100|[from] item: Leftovers
|turn|17
|choice||
|
|move|p1a: Heatran|Taunt|p2a: Jellicent
|-start|p2a: Jellicent|move: Taunt
|cant|p2a: Jellicent|move: Taunt|Recover
|
|-weather|Sandstorm|[upkeep]
|-damage|p2a: Jellicent|39/100|[from] sandstorm
|-heal|p1a: Heatran|70/100|[from] item: Leftovers
|-heal|p2a: Jellicent|45/100|[from] item: Leftovers
|turn|18
|choice||
|
|move|p1a: Heatran|Lava Plume|p2a: Jellicent
|-resisted|p2a: Jellicent
|-damage|p2a: Jellicent|33/100
|move|p2a: Jellicent|Scald|p1a: Heatran
|-supereffective|p1a: Heatran
|-damage|p1a: Heatran|42/100
|
|-weather|Sandstorm|[upkeep]
|-damage|p2a: Jellicent|27/100|[from] sandstorm
|-heal|p1a: Heatran|48/100|[from] item: Leftovers
|-heal|p2a: Jellicent|33/100|[from] item: Leftovers
|turn|19
|choice||
|
|move|p2a: Jellicent|Scald|p1a: Heatran
|-supereffective|p1a: Heatran
|-damage|p1a: Heatran|18/100
|move|p1a: Heatran|Roar|p2a: Jellicent
|drag|p2a: Landorus|Landorus-Therian, M|88/100
|-damage|p2a: Landorus|76/100|[from] Stealth Rock
|-ability|p2a: Landorus|Intimidate|boost
|-unboost|p1a: Heatran|atk|1
|
|-weather|Sandstorm|[upkeep]
|-heal|p1a: Heatran|24/100|[from] item: Leftovers
|turn|20
|choice||
|
|move|p2a: Landorus|Stone Edge|p1a: Heatran|[miss]
|-miss|p2a: Landorus|p1a: Heatran
|move|p1a: Heatran|Lava Plume|p2a: Landorus
|-damage|p2a: Landorus|25/100
|
|-weather|Sandstorm|[upkeep]
|-heal|p1a: Heatran|31/100|[from] item: Leftovers
|turn|21
|choice||
|
|move|p2a: Landorus|Stone Edge|p1a: Heatran
|-damage|p1a: Heatran|0 fnt
|faint|p1a: Heatran
|
|-weather|Sandstorm|[upkeep]
|choice||
|
|switch|p1a: Abomasnow|Abomasnow, M|91/100
|-damage|p1a: Abomasnow|79/100|[from] Spikes
|-weather|Hail|[from] ability: Snow Warning|[of] p1a: Abomasnow
|turn|22
|choice||
|
|switch|p2a: Tyranitar|Tyranitar, M|76/100
|-damage|p2a: Tyranitar|64/100|[from] Stealth Rock
|-damage|p2a: Tyranitar|51/100|[from] Spikes
|-weather|Sandstorm|[from] ability: Sand Stream|[of] p2a: Tyranitar
|move|p1a: Abomasnow|Ice Shard|p2a: Tyranitar
|-damage|p2a: Tyranitar|34/100
|
|-weather|Sandstorm|[upkeep]
|-damage|p1a: Abomasnow|73/100|[from] sandstorm
|-heal|p1a: Abomasnow|79/100|[from] item: Leftovers
|turn|23
|choice||
|
|move|p1a: Abomasnow|Protect|p1a: Abomasnow
|-singleturn|p1a: Abomasnow|Protect
|move|p2a: Tyranitar|Fire Blast|p1a: Abomasnow
|-activate|p1a: Abomasnow|Protect
|
|-weather|Sandstorm|[upkeep]
|-damage|p1a: Abomasnow|73/100|[from] sandstorm
|-heal|p1a: Abomasnow|79/100|[from] item: Leftovers
|turn|24
|choice||
|
|switch|p1a: Swampert|Swampert, M|50/100
|-damage|p1a: Swampert|38/100|[from] Spikes
|move|p2a: Tyranitar|Superpower|p1a: Swampert
|-damage|p1a: Swampert|0 fnt
|-unboost|p2a: Tyranitar|atk|1
|-unboost|p2a: Tyranitar|def|1
|faint|p1a: Swampert
|
|-weather|Sandstorm|[upkeep]
|choice||
|
|switch|p1a: Thundurus|Thundurus-Therian, M|100/100
|turn|25
|choice||
|
|move|p1a: Thundurus|Agility|p1a: Thundurus
|-boost|p1a: Thundurus|spe|2
|move|p2a: Tyranitar|Fire Blast|p1a: Thundurus
|-damage|p1a: Thundurus|64/100
|
|-weather|Sandstorm|[upkeep]
|-damage|p1a: Thundurus|58/100|[from] sandstorm
|-heal|p1a: Thundurus|64/100|[from] item: Leftovers
|turn|26
|choice||
|
|move|p1a: Thundurus|Nasty Plot|p1a: Thundurus
|-boost|p1a: Thundurus|spa|2
|move|p2a: Tyranitar|Fire Blast|p1a: Thundurus
|-damage|p1a: Thundurus|27/100
|
|-weather|Sandstorm|[upkeep]
|-damage|p1a: Thundurus|21/100|[from] sandstorm
|-heal|p1a: Thundurus|27/100|[from] item: Leftovers
|turn|27
|choice||
|
|move|p1a: Thundurus|Thunderbolt|p2a: Tyranitar
|-damage|p2a: Tyranitar|0 fnt
|faint|p2a: Tyranitar
|
|-weather|Sandstorm|[upkeep]
|-damage|p1a: Thundurus|21/100|[from] sandstorm
|-heal|p1a: Thundurus|27/100|[from] item: Leftovers
|c|★Julieth ♣ Emerald|gg
|choice||
|
|switch|p2a: Alakazam|Alakazam, M|100/100
|turn|28
|choice||
|
|move|p1a: Thundurus|Thunderbolt|p2a: Alakazam
|-enditem|p2a: Alakazam|Focus Sash
|-damage|p2a: Alakazam|1/100
|move|p2a: Alakazam|Psychic|p1a: Thundurus
|-damage|p1a: Thundurus|0 fnt
|faint|p1a: Thundurus
|
|-weather|Sandstorm|[upkeep]
|choice||
|
|switch|p1a: Abomasnow|Abomasnow, M|79/100
|-damage|p1a: Abomasnow|66/100|[from] Spikes
|-weather|Hail|[from] ability: Snow Warning|[of] p1a: Abomasnow
|turn|29
|choice||
|
|move|p1a: Abomasnow|Ice Shard|p2a: Alakazam
|-damage|p2a: Alakazam|0 fnt
|faint|p2a: Alakazam
|
|-weather|Hail|[upkeep]
|-heal|p1a: Abomasnow|72/100|[from] item: Leftovers
|choice||
|
|switch|p2a: Landorus|Landorus-Therian, M|25/100
|-damage|p2a: Landorus|13/100|[from] Stealth Rock
|-ability|p2a: Landorus|Intimidate|boost
|-unboost|p1a: Abomasnow|atk|1
|turn|30
|choice||
|
|switch|p2a: Jellicent|Jellicent, M|33/100
|-damage|p2a: Jellicent|20/100|[from] Stealth Rock
|-damage|p2a: Jellicent|8/100|[from] Spikes
|move|p1a: Abomasnow|Ice Shard|p2a: Jellicent
|-resisted|p2a: Jellicent
|-damage|p2a: Jellicent|3/100
|
|-weather|Hail|[upkeep]
|-damage|p2a: Jellicent|0 fnt|[from] hail
|-heal|p1a: Abomasnow|78/100|[from] item: Leftovers
|faint|p2a: Jellicent
|choice||
|
|switch|p2a: Landorus|Landorus-Therian, M|13/100
|-damage|p2a: Landorus|0 fnt|[from] Stealth Rock
|faint|p2a: Landorus
|choice||
|
|switch|p2a: Garchomp|Garchomp, M|90/100
|-damage|p2a: Garchomp|78/100|[from] Spikes
|-damage|p2a: Garchomp|72/100|[from] Stealth Rock
|turn|31
|choice||
|
|move|p1a: Abomasnow|Protect|p1a: Abomasnow
|-singleturn|p1a: Abomasnow|Protect
|move|p2a: Garchomp|Fire Fang|p1a: Abomasnow
|-activate|p1a: Abomasnow|Protect
|
|-weather|Hail|[upkeep]
|-damage|p2a: Garchomp|65/100|[from] hail
|-heal|p1a: Abomasnow|85/100|[from] item: Leftovers
|turn|32
|choice||
|
|move|p1a: Abomasnow|Ice Shard|p2a: Garchomp
|-supereffective|p2a: Garchomp
|-crit|p2a: Garchomp
|-damage|p2a: Garchomp|0 fnt
|faint|p2a: Garchomp
|
|win|SchlieffenParty
|player|p1
|player|p2
|raw|SchlieffenParty's rating: 1274 &rarr; <strong>1306</strong><br />(+32 for winning)
|raw|Julieth ♣ Emerald's rating: 1375 &rarr; <strong>1349</strong><br />(-26 for losing)
|c|★SchlieffenParty|gg
|c|★Julieth ♣ Emerald|ay lol
|c|★Julieth ♣ Emerald|what is your ev spread?
|c|★SchlieffenParty|max atk
|c|★SchlieffenParty|172 hp 252 atk rest spd
|c|★Julieth ♣ Emerald|-1 252+ Atk Abomasnow Ice Shard vs. 4 HP / 0 Def Garchomp: 160-192 (44.6 - 53.6%) -- 82.4% chance to 2HKO after hail damage
|c|★Julieth ♣ Emerald|lmao
|c|★Julieth ♣ Emerald|that hax
|c|★SchlieffenParty|plus crit
|c|★SchlieffenParty|ingore atk reduction
|c|★Julieth ♣ Emerald|haxor
|c|★Julieth ♣ Emerald|crit = hax
|c|★SchlieffenParty|i know
|c|★Julieth ♣ Emerald|well
|c|★SchlieffenParty|ice shard saved so many games
|c|★Julieth ♣ Emerald|ice shard crit
|c|★Julieth ♣ Emerald|gg
|c|★SchlieffenParty|gg
|l|Julieth ♣ Emerald