|j|☆erauogenkl
|j|☆BookofConke
|t:|1719941608
|gametype|singles
|player|p1|erauogenkl|serena-masters3|1320
|player|p2|BookofConke|silver|1466
|teamsize|p1|6
|teamsize|p2|6
|gen|5
|tier|[Gen 5] OU
|rated|
|rule|Species Clause: Limit one of each Pokémon
|rule|OHKO Clause: OHKO moves are banned
|rule|Moody Clause: Moody is banned
|rule|Evasion Items Clause: Evasion items are banned
|rule|Evasion Moves Clause: Evasion moves are banned
|rule|Endless Battle Clause: Forcing endless battles is banned
|rule|HP Percentage Mod: HP is shown in percentages
|rule|Evasion Abilities Clause: Evasion abilities are banned
|rule|Sleep Moves Clause: Sleep-inducing moves are banned
|rule|Swagger Clause: Swagger is banned
|rule|Baton Pass Stat Clause: No Baton Passer may have a way to boost its stats
|clearpoke
|poke|p1|Politoed, M|item
|poke|p1|Jirachi|item
|poke|p1|Breloom, M|item
|poke|p1|Latios, M|item
|poke|p1|Keldeo|item
|poke|p1|Tentacruel, M|item
|poke|p2|Abomasnow, M|item
|poke|p2|Kyurem-Black|item
|poke|p2|Latios, M|item
|poke|p2|Garchomp, F|item
|poke|p2|Starmie|item
|poke|p2|Jirachi|item
|teampreview
|
|t:|1719941628
|start
|switch|p1a: Jirachi|Jirachi|100/100
|switch|p2a: Kyurem|Kyurem-Black|100/100
|-ability|p2a: Kyurem|Teravolt
|turn|1
|
|t:|1719941641
|switch|p2a: Garchomp|Garchomp, F|100/100
|move|p1a: Jirachi|Stealth Rock|p2a: Garchomp
|-sidestart|p2: BookofConke|move: Stealth Rock
|
|upkeep
|turn|2
|
|t:|1719941656
|switch|p2a: Jirachi|Jirachi|100/100
|-damage|p2a: Jirachi|94/100|[from] Stealth Rock
|switch|p1a: Breloom|Breloom, M, shiny|100/100
|
|-heal|p2a: Jirachi|100/100|[from] item: Leftovers
|-status|p1a: Breloom|tox|[from] item: Toxic Orb
|upkeep
|turn|3
|
|t:|1719941678
|move|p2a: Jirachi|Iron Head|p1a: Breloom
|-damage|p1a: Breloom|67/100 tox
|cant|p1a: Breloom|flinch
|
|-heal|p1a: Breloom|79/100 tox|[from] ability: Poison Heal
|upkeep
|turn|4
|
|t:|1719941686
|move|p1a: Breloom|Protect|p1a: Breloom
|-singleturn|p1a: Breloom|Protect
|move|p2a: Jirachi|Iron Head|p1a: Breloom
|-activate|p1a: Breloom|move: Protect
|
|-heal|p1a: Breloom|92/100 tox|[from] ability: Poison Heal
|upkeep
|turn|5
|
|t:|1719941703
|switch|p1a: Jirachi|Jirachi|100/100
|move|p2a: Jirachi|Iron Head|p1a: Jirachi
|-resisted|p1a: Jirachi
|-damage|p1a: Jirachi|89/100
|
|-heal|p1a: Jirachi|95/100|[from] item: Leftovers
|upkeep
|turn|6
|
|t:|1719941720
|move|p2a: Jirachi|Stealth Rock|p1a: Jirachi
|-sidestart|p1: erauogenkl|move: Stealth Rock
|move|p1a: Jirachi|Thunder|p2a: Jirachi
|-damage|p2a: Jirachi|85/100
|-status|p2a: Jirachi|par
|
|-heal|p1a: Jirachi|100/100|[from] item: Leftovers
|-heal|p2a: Jirachi|91/100 par|[from] item: Leftovers
|upkeep
|turn|7
|
|t:|1719941738
|switch|p1a: Breloom|Breloom, M, shiny|92/100 tox
|-damage|p1a: Breloom|85/100 tox|[from] Stealth Rock
|switch|p2a: Garchomp|Garchomp, F|100/100
|-damage|p2a: Garchomp|94/100|[from] Stealth Rock
|
|-heal|p1a: Breloom|98/100 tox|[from] ability: Poison Heal
|upkeep
|turn|8
|
|t:|1719941756
|move|p1a: Breloom|Protect|p1a: Breloom
|-singleturn|p1a: Breloom|Protect
|move|p2a: Garchomp|Dual Chop|p1a: Breloom
|-activate|p1a: Breloom|move: Protect
|
|-heal|p1a: Breloom|100/100 tox|[from] ability: Poison Heal
|upkeep
|turn|9
|
|t:|1719941766
|switch|p1a: Jirachi|Jirachi|100/100
|-damage|p1a: Jirachi|94/100|[from] Stealth Rock
|move|p2a: Garchomp|Dual Chop|p1a: Jirachi
|-resisted|p1a: Jirachi
|-damage|p1a: Jirachi|85/100
|-resisted|p1a: Jirachi
|-damage|p1a: Jirachi|77/100
|-hitcount|p1a: Jirachi|2
|
|-heal|p1a: Jirachi|83/100|[from] item: Leftovers
|upkeep
|turn|10
|inactive|Battle timer is ON: inactive players will automatically lose when time's up. (requested by erauogenkl)
|
|t:|1719941790
|switch|p2a: Jirachi|Jirachi|91/100 par
|-damage|p2a: Jirachi|85/100 par|[from] Stealth Rock
|move|p1a: Jirachi|U-turn|p2a: Jirachi
|-damage|p2a: Jirachi|72/100 par
|
|t:|1719941794
|switch|p1a: Breloom|Breloom, M, shiny|100/100 tox|[from] U-turn
|-damage|p1a: Breloom|94/100 tox|[from] Stealth Rock
|
|-heal|p2a: Jirachi|78/100 par|[from] item: Leftovers
|-heal|p1a: Breloom|100/100 tox|[from] ability: Poison Heal
|upkeep
|turn|11
|
|t:|1719941814
|switch|p2a: Garchomp|Garchomp, F|94/100
|-damage|p2a: Garchomp|88/100|[from] Stealth Rock
|move|p1a: Breloom|Substitute|p1a: Breloom
|-start|p1a: Breloom|Substitute
|-damage|p1a: Breloom|75/100 tox
|
|-heal|p1a: Breloom|88/100 tox|[from] ability: Poison Heal
|upkeep
|turn|12
|
|t:|1719941824
|move|p1a: Breloom|Protect|p1a: Breloom
|-singleturn|p1a: Breloom|Protect
|move|p2a: Garchomp|Dual Chop|p1a: Breloom
|-activate|p1a: Breloom|move: Protect
|
|-heal|p1a: Breloom|100/100 tox|[from] ability: Poison Heal
|upkeep
|turn|13
|
|t:|1719941840
|-singleturn|p1a: Breloom|move: Focus Punch
|move|p2a: Garchomp|Dual Chop|p1a: Breloom
|-end|p1a: Breloom|Substitute
|-damage|p1a: Breloom|73/100 tox
|-hitcount|p1a: Breloom|2
|cant|p1a: Breloom|Focus Punch|Focus Punch
|
|-heal|p1a: Breloom|85/100 tox|[from] ability: Poison Heal
|upkeep
|turn|14
|
|t:|1719941851
|move|p1a: Breloom|Protect|p1a: Breloom
|-singleturn|p1a: Breloom|Protect
|move|p2a: Garchomp|Dual Chop|p1a: Breloom
|-activate|p1a: Breloom|move: Protect
|
|-heal|p1a: Breloom|98/100 tox|[from] ability: Poison Heal
|upkeep
|turn|15
|
|t:|1719941858
|switch|p1a: Jirachi|Jirachi|83/100
|-damage|p1a: Jirachi|77/100|[from] Stealth Rock
|move|p2a: Garchomp|Dual Chop|p1a: Jirachi
|-resisted|p1a: Jirachi
|-damage|p1a: Jirachi|69/100
|-resisted|p1a: Jirachi
|-damage|p1a: Jirachi|61/100
|-hitcount|p1a: Jirachi|2
|
|-heal|p1a: Jirachi|67/100|[from] item: Leftovers
|upkeep
|turn|16
|
|t:|1719941873
|move|p2a: Garchomp|Dual Chop|p1a: Jirachi
|-resisted|p1a: Jirachi
|-damage|p1a: Jirachi|58/100
|-resisted|p1a: Jirachi
|-damage|p1a: Jirachi|50/100
|-hitcount|p1a: Jirachi|2
|move|p1a: Jirachi|Wish|p1a: Jirachi
|
|-heal|p1a: Jirachi|56/100|[from] item: Leftovers
|upkeep
|turn|17
|inactive|BookofConke has 120 seconds left.
|
|t:|1719941903
|move|p2a: Garchomp|Dual Chop|p1a: Jirachi
|-resisted|p1a: Jirachi
|-damage|p1a: Jirachi|47/100
|-resisted|p1a: Jirachi
|-damage|p1a: Jirachi|39/100
|-hitcount|p1a: Jirachi|2
|move|p1a: Jirachi|Thunder|p2a: Garchomp
|-immune|p2a: Garchomp
|
|-heal|p1a: Jirachi|89/100|[from] move: Wish|[wisher] Jirachi
|-heal|p1a: Jirachi|95/100|[from] item: Leftovers
|upkeep
|turn|18
|inactive|BookofConke has 120 seconds left.
|
|t:|1719941919
|move|p2a: Garchomp|Dual Chop|p1a: Jirachi
|-resisted|p1a: Jirachi
|-damage|p1a: Jirachi|86/100
|-resisted|p1a: Jirachi
|-damage|p1a: Jirachi|77/100
|-hitcount|p1a: Jirachi|2
|move|p1a: Jirachi|Wish|p1a: Jirachi
|
|-heal|p1a: Jirachi|84/100|[from] item: Leftovers
|upkeep
|turn|19
|inactive|BookofConke has 120 seconds left.
|
|t:|1719941935
|switch|p2a: Starmie|Starmie|100/100
|-damage|p2a: Starmie|88/100|[from] Stealth Rock
|-item|p2a: Starmie|Air Balloon
|switch|p1a: Politoed|Politoed, M|100/100
|-damage|p1a: Politoed|88/100|[from] Stealth Rock
|-weather|RainDance|[from] ability: Drizzle|[of] p1a: Politoed
|
|-weather|RainDance|[upkeep]
|-heal|p1a: Politoed|100/100|[from] move: Wish|[wisher] Jirachi
|upkeep
|turn|20
|
|t:|1719941950
|switch|p1a: Jirachi|Jirachi|84/100
|-damage|p1a: Jirachi|77/100|[from] Stealth Rock
|move|p2a: Starmie|Rapid Spin|p1a: Jirachi
|-resisted|p1a: Jirachi
|-damage|p1a: Jirachi|76/100
|-sideend|p2: BookofConke|Stealth Rock|[from] move: Rapid Spin|[of] p2a: Starmie
|
|-weather|RainDance|[upkeep]
|-heal|p1a: Jirachi|82/100|[from] item: Leftovers
|upkeep
|turn|21
|
|t:|1719941970
|move|p2a: Starmie|Hydro Pump|p1a: Jirachi
|-damage|p1a: Jirachi|30/100
|move|p1a: Jirachi|Wish|p1a: Jirachi
|
|-weather|RainDance|[upkeep]
|-heal|p1a: Jirachi|36/100|[from] item: Leftovers
|upkeep
|turn|22
|
|t:|1719941984
|move|p2a: Starmie|Hydro Pump|p1a: Jirachi
|-damage|p1a: Jirachi|0 fnt
|faint|p1a: Jirachi
|
|-weather|RainDance|[upkeep]
|upkeep
|
|t:|1719942000
|switch|p1a: Breloom|Breloom, M, shiny|98/100 tox
|-damage|p1a: Breloom|92/100 tox|[from] Stealth Rock
|turn|23
|
|t:|1719942013
|move|p1a: Breloom|Protect|p1a: Breloom
|-singleturn|p1a: Breloom|Protect
|move|p2a: Starmie|Ice Beam|p1a: Breloom
|-activate|p1a: Breloom|move: Protect
|
|-weather|RainDance|[upkeep]
|-heal|p1a: Breloom|100/100 tox|[from] ability: Poison Heal
|upkeep
|turn|24
|
|t:|1719942023
|move|p2a: Starmie|Ice Beam|p1a: Breloom
|-supereffective|p1a: Breloom
|-damage|p1a: Breloom|14/100 tox
|move|p1a: Breloom|Seed Bomb|p2a: Starmie
|-supereffective|p2a: Starmie
|-damage|p2a: Starmie|0 fnt
|-enditem|p2a: Starmie|Air Balloon
|faint|p2a: Starmie
|
|-weather|RainDance|[upkeep]
|-heal|p1a: Breloom|26/100 tox|[from] ability: Poison Heal
|upkeep
|inactive|BookofConke has 90 seconds left.
|
|t:|1719942049
|switch|p2a: Abomasnow|Abomasnow, M|100/100
|-weather|Hail|[from] ability: Snow Warning|[of] p2a: Abomasnow
|turn|25
|inactive|BookofConke has 90 seconds left.
|
|t:|1719942062
|move|p1a: Breloom|Protect|p1a: Breloom
|-singleturn|p1a: Breloom|Protect
|move|p2a: Abomasnow|Blizzard|p1a: Breloom
|-activate|p1a: Breloom|move: Protect
|
|-weather|Hail|[upkeep]
|-damage|p1a: Breloom|20/100 tox|[from] Hail
|-heal|p1a: Breloom|32/100 tox|[from] ability: Poison Heal
|upkeep
|turn|26
|inactive|BookofConke has 90 seconds left.
|
|t:|1719942074
|switch|p1a: Tentacruel|Tentacruel, M|100/100
|-damage|p1a: Tentacruel|88/100|[from] Stealth Rock
|move|p2a: Abomasnow|Wood Hammer|p1a: Tentacruel
|-damage|p1a: Tentacruel|38/100
|-damage|p2a: Abomasnow|81/100|[from] Recoil
|
|-weather|Hail|[upkeep]
|-damage|p1a: Tentacruel|32/100|[from] Hail
|-heal|p1a: Tentacruel|38/100|[from] item: Black Sludge
|upkeep
|turn|27
|inactive|BookofConke has 90 seconds left.
|
|t:|1719942092
|move|p1a: Tentacruel|Rapid Spin|p2a: Abomasnow
|-damage|p2a: Abomasnow|77/100
|-sideend|p1: erauogenkl|Stealth Rock|[from] move: Rapid Spin|[of] p1a: Tentacruel
|move|p2a: Abomasnow|Wood Hammer|p1a: Tentacruel
|-damage|p1a: Tentacruel|0 fnt
|faint|p1a: Tentacruel
|-damage|p2a: Abomasnow|63/100|[from] Recoil
|
|-weather|Hail|[upkeep]
|upkeep
|
|t:|1719942105
|switch|p1a: Politoed|Politoed, M|100/100
|-weather|RainDance|[from] ability: Drizzle|[of] p1a: Politoed
|turn|28
|
|t:|1719942113
|switch|p2a: Jirachi|Jirachi|78/100 par
|move|p1a: Politoed|Protect||[still]
|-fail|p1a: Politoed
|
|-weather|RainDance|[upkeep]
|-heal|p2a: Jirachi|84/100 par|[from] item: Leftovers
|upkeep
|turn|29
|
|t:|1719942136
|switch|p1a: Breloom|Breloom, M, shiny|32/100 tox
|cant|p2a: Jirachi|par
|
|-weather|RainDance|[upkeep]
|-heal|p2a: Jirachi|91/100 par|[from] item: Leftovers
|-heal|p1a: Breloom|45/100 tox|[from] ability: Poison Heal
|upkeep
|turn|30
|
|t:|1719942145
|move|p1a: Breloom|Substitute|p1a: Breloom
|-start|p1a: Breloom|Substitute
|-damage|p1a: Breloom|20/100 tox
|move|p2a: Jirachi|Iron Head|p1a: Breloom
|-end|p1a: Breloom|Substitute
|
|-weather|RainDance|[upkeep]
|-heal|p2a: Jirachi|97/100 par|[from] item: Leftovers
|-heal|p1a: Breloom|32/100 tox|[from] ability: Poison Heal
|upkeep
|turn|31
|
|t:|1719942156
|switch|p2a: Garchomp|Garchomp, F|88/100
|move|p1a: Breloom|Protect||[still]
|-fail|p1a: Breloom
|
|-weather|RainDance|[upkeep]
|-heal|p1a: Breloom|45/100 tox|[from] ability: Poison Heal
|upkeep
|turn|32
|
|t:|1719942167
|move|p1a: Breloom|Protect|p1a: Breloom
|-singleturn|p1a: Breloom|Protect
|move|p2a: Garchomp|Outrage|p1a: Breloom
|-activate|p1a: Breloom|move: Protect
|
|-weather|RainDance|[upkeep]
|-heal|p1a: Breloom|57/100 tox|[from] ability: Poison Heal
|upkeep
|turn|33
|
|t:|1719942178
|switch|p1a: Keldeo|Keldeo|100/100
|move|p2a: Garchomp|Outrage|p1a: Keldeo
|-damage|p1a: Keldeo|23/100
|
|-weather|RainDance|[upkeep]
|upkeep
|turn|34
|
|t:|1719942184
|move|p1a: Keldeo|Hidden Power|p2a: Garchomp
|-supereffective|p2a: Garchomp
|-damage|p2a: Garchomp|0 fnt
|faint|p2a: Garchomp
|
|-weather|RainDance|[upkeep]
|upkeep
|
|t:|1719942200
|switch|p2a: Kyurem|Kyurem-Black|100/100
|-ability|p2a: Kyurem|Teravolt
|turn|35
|
|t:|1719942222
|switch|p1a: Politoed|Politoed, M|100/100
|move|p2a: Kyurem|Substitute|p2a: Kyurem
|-start|p2a: Kyurem|Substitute
|-damage|p2a: Kyurem|76/100
|
|-weather|RainDance|[upkeep]
|upkeep
|turn|36
|
|t:|1719942228
|move|p2a: Kyurem|Fusion Bolt|p1a: Politoed
|-supereffective|p1a: Politoed
|-crit|p1a: Politoed
|-damage|p1a: Politoed|0 fnt
|faint|p1a: Politoed
|
|-weather|RainDance|[upkeep]
|upkeep
|inactive|erauogenkl has 120 seconds left.
|
|t:|1719942253
|switch|p1a: Latios|Latios, M|100/100
|turn|37
|
|t:|1719942260
|move|p1a: Latios|Dragon Pulse|p2a: Kyurem
|-supereffective|p2a: Kyurem
|-end|p2a: Kyurem|Substitute
|move|p2a: Kyurem|Freeze Shock||[still]
|-prepare|p2a: Kyurem|Freeze Shock
|-enditem|p2a: Kyurem|Power Herb
|-anim|p2a: Kyurem|Freeze Shock|p1a: Latios
|-supereffective|p1a: Latios
|-damage|p1a: Latios|0 fnt
|faint|p1a: Latios
|
|-weather|RainDance|[upkeep]
|upkeep
|inactive|erauogenkl has 120 seconds left.
|
|t:|1719942293
|switch|p1a: Keldeo|Keldeo|23/100
|turn|38
|inactive|BookofConke has 120 seconds left.
|
|t:|1719942315
|switch|p2a: Latios|Latios, M|100/100
|move|p1a: Keldeo|Secret Sword|p2a: Latios
|-resisted|p2a: Latios
|-damage|p2a: Latios|68/100
|
|-weather|RainDance|[upkeep]
|upkeep
|turn|39
|inactive|BookofConke has 120 seconds left.
|
|t:|1719942328
|move|p1a: Keldeo|Secret Sword|p2a: Latios
|-resisted|p2a: Latios
|-damage|p2a: Latios|36/100
|move|p2a: Latios|Draco Meteor|p1a: Keldeo
|-damage|p1a: Keldeo|0 fnt
|-unboost|p2a: Latios|spa|2
|-enditem|p2a: Latios|White Herb
|-clearnegativeboost|p2a: Latios|[silent]
|faint|p1a: Keldeo
|
|-weather|RainDance|[upkeep]
|upkeep
|inactive|erauogenkl has 120 seconds left.
|
|t:|1719942343
|switch|p1a: Breloom|Breloom, M, shiny|57/100 tox
|turn|40
|
|t:|1719942347
|move|p1a: Breloom|Protect|p1a: Breloom
|-singleturn|p1a: Breloom|Protect
|move|p2a: Latios|Draco Meteor|p1a: Breloom
|-activate|p1a: Breloom|move: Protect
|
|-weather|RainDance|[upkeep]
|-heal|p1a: Breloom|70/100 tox|[from] ability: Poison Heal
|upkeep
|turn|41
|inactive|erauogenkl has 120 seconds left.
|
|t:|1719942368
|move|p2a: Latios|Draco Meteor|p1a: Breloom
|-damage|p1a: Breloom|0 fnt
|-unboost|p2a: Latios|spa|2
|faint|p1a: Breloom
|
|win|BookofConke
|raw|erauogenkl's rating: 1337 &rarr; <strong>1324</strong><br />(-13 for losing)
|raw|BookofConke's rating: 1466 &rarr; <strong>1479</strong><br />(+13 for winning)
