|j|☆yaboyreen
|j|☆BookofConke
|t:|1708591604
|gametype|singles
|player|p1|yaboyreen|101|1388
|player|p2|BookofConke|silver-masters|1570
|teamsize|p1|6
|teamsize|p2|6
|gen|5
|tier|[Gen 5] OU
|rated|
|rule|Species Clause: Limit one of each Pokémon
|rule|OHKO Clause: OHKO moves are banned
|rule|Moody Clause: Moody is banned
|rule|Evasion Items Clause: Evasion items are banned
|rule|Evasion Moves Clause: Evasion moves are banned
|rule|Endless Battle Clause: Forcing endless battles is banned
|rule|HP Percentage Mod: HP is shown in percentages
|rule|Evasion Abilities Clause: Evasion abilities are banned
|rule|Sleep Moves Clause: Sleep-inducing moves are banned
|rule|Swagger Clause: Swagger is banned
|rule|Baton Pass Stat Clause: No Baton Passer may have a way to boost its stats
|clearpoke
|poke|p1|Breloom, F|item
|poke|p1|Landorus-Therian, M|item
|poke|p1|Scizor, F|item
|poke|p1|Keldeo|item
|poke|p1|Heatran, F|item
|poke|p1|Espeon, M|item
|poke|p2|Politoed, F|item
|poke|p2|Scizor, M|item
|poke|p2|Starmie|item
|poke|p2|Garchomp, F|item
|poke|p2|Kyurem-Black|item
|poke|p2|Tornadus, M|item
|teampreview
|
|t:|1708591681
|start
|switch|p1a: Landorus|Landorus-Therian, M|100/100
|switch|p2a: Garchomp|Garchomp, F|100/100
|-ability|p1a: Landorus|Intimidate|boost
|-unboost|p2a: Garchomp|atk|1
|turn|1
|
|t:|1708591694
|switch|p2a: Scizor|Scizor, M|100/100
|move|p1a: Landorus|Hidden Power|p2a: Scizor
|-resisted|p2a: Scizor
|-damage|p2a: Scizor|92/100
|
|upkeep
|turn|2
|
|t:|1708591703
|move|p1a: Landorus|Stealth Rock|p2a: Scizor
|-sidestart|p2: BookofConke|move: Stealth Rock
|move|p2a: Scizor|U-turn|p1a: Landorus
|-resisted|p1a: Landorus
|-damage|p1a: Landorus|63/100
|
|t:|1708591707
|switch|p2a: Starmie|Starmie|100/100|[from] U-turn
|-damage|p2a: Starmie|88/100|[from] Stealth Rock
|-item|p2a: Starmie|Air Balloon
|
|upkeep
|turn|3
|
|t:|1708591717
|move|p2a: Starmie|Rapid Spin|p1a: Landorus
|-damage|p1a: Landorus|60/100
|-sideend|p2: BookofConke|Stealth Rock|[from] move: Rapid Spin|[of] p2a: Starmie
|move|p1a: Landorus|Smack Down|p2a: Starmie
|-damage|p2a: Starmie|59/100
|-enditem|p2a: Starmie|Air Balloon
|
|upkeep
|turn|4
|
|t:|1708591728
|switch|p1a: Scizor|Scizor, F|100/100
|move|p2a: Starmie|Hydro Pump|p1a: Scizor|[miss]
|-miss|p2a: Starmie|p1a: Scizor
|
|upkeep
|turn|5
|
|t:|1708591735
|move|p2a: Starmie|Hydro Pump|p1a: Scizor
|-crit|p1a: Scizor
|-damage|p1a: Scizor|0 fnt
|faint|p1a: Scizor
|
|upkeep
|
|t:|1708591749
|switch|p1a: Espeon|Espeon, M|100/100
|turn|6
|
|t:|1708591765
|move|p2a: Starmie|Hydro Pump|p1a: Espeon|[miss]
|-miss|p2a: Starmie|p1a: Espeon
|move|p1a: Espeon|Shadow Ball|p2a: Starmie
|-supereffective|p2a: Starmie
|-damage|p2a: Starmie|0 fnt
|faint|p2a: Starmie
|
|upkeep
|
|t:|1708591774
|switch|p2a: Scizor|Scizor, M|92/100
|turn|7
|
|t:|1708591777
|move|p1a: Espeon|Shadow Ball|p2a: Scizor
|-resisted|p2a: Scizor
|-damage|p2a: Scizor|69/100
|move|p2a: Scizor|U-turn|p1a: Espeon
|-supereffective|p1a: Espeon
|-damage|p1a: Espeon|0 fnt
|faint|p1a: Espeon
|
|t:|1708591792
|switch|p2a: Politoed|Politoed, F|100/100|[from] U-turn
|-weather|RainDance|[from] ability: Drizzle|[of] p2a: Politoed
|
|-weather|RainDance|[upkeep]
|upkeep
|
|t:|1708591798
|switch|p1a: Landorus|Landorus-Therian, M|60/100
|-ability|p1a: Landorus|Intimidate|boost
|-unboost|p2a: Politoed|atk|1
|turn|8
|
|t:|1708591807
|move|p2a: Politoed|Scald|p1a: Landorus
|-supereffective|p1a: Landorus
|-damage|p1a: Landorus|0 fnt
|faint|p1a: Landorus
|
|-weather|RainDance|[upkeep]
|upkeep
|
|t:|1708591812
|switch|p1a: Keldeo|Keldeo|100/100
|turn|9
|
|t:|1708591824
|move|p2a: Politoed|Scald|p1a: Keldeo
|-resisted|p1a: Keldeo
|-damage|p1a: Keldeo|83/100
|move|p1a: Keldeo|Substitute|p1a: Keldeo
|-start|p1a: Keldeo|Substitute
|-damage|p1a: Keldeo|58/100
|
|-weather|RainDance|[upkeep]
|-heal|p1a: Keldeo|64/100|[from] item: Leftovers
|upkeep
|turn|10
|
|t:|1708591832
|move|p2a: Politoed|Scald|p1a: Keldeo
|-resisted|p1a: Keldeo
|-activate|p1a: Keldeo|Substitute|[damage]
|move|p1a: Keldeo|Calm Mind|p1a: Keldeo
|-boost|p1a: Keldeo|spa|1
|-boost|p1a: Keldeo|spd|1
|
|-weather|RainDance|[upkeep]
|-heal|p1a: Keldeo|70/100|[from] item: Leftovers
|upkeep
|turn|11
|
|t:|1708591841
|move|p2a: Politoed|Scald|p1a: Keldeo
|-resisted|p1a: Keldeo
|-end|p1a: Keldeo|Substitute
|move|p1a: Keldeo|Calm Mind|p1a: Keldeo
|-boost|p1a: Keldeo|spa|1
|-boost|p1a: Keldeo|spd|1
|
|-weather|RainDance|[upkeep]
|-heal|p1a: Keldeo|76/100|[from] item: Leftovers
|upkeep
|turn|12
|
|t:|1708591875
|switch|p2a: Tornadus|Tornadus, M|100/100
|move|p1a: Keldeo|Substitute|p1a: Keldeo
|-start|p1a: Keldeo|Substitute
|-damage|p1a: Keldeo|52/100
|
|-weather|RainDance|[upkeep]
|-heal|p1a: Keldeo|58/100|[from] item: Leftovers
|upkeep
|turn|13
|
|t:|1708591883
|move|p2a: Tornadus|Hurricane|p1a: Keldeo
|-supereffective|p1a: Keldeo
|-end|p1a: Keldeo|Substitute
|move|p1a: Keldeo|Hidden Power|p2a: Tornadus
|-supereffective|p2a: Tornadus
|-damage|p2a: Tornadus|0 fnt
|faint|p2a: Tornadus
|
|-weather|RainDance|[upkeep]
|-heal|p1a: Keldeo|64/100|[from] item: Leftovers
|upkeep
|
|t:|1708591902
|switch|p2a: Garchomp|Garchomp, F|100/100
|turn|14
|
|t:|1708591961
|move|p1a: Keldeo|Secret Sword|p2a: Garchomp
|-damage|p2a: Garchomp|22/100
|move|p2a: Garchomp|Earthquake|p1a: Keldeo
|-damage|p1a: Keldeo|11/100
|
|-weather|RainDance|[upkeep]
|-heal|p1a: Keldeo|17/100|[from] item: Leftovers
|upkeep
|turn|15
|
|t:|1708591983
|move|p1a: Keldeo|Secret Sword|p2a: Garchomp
|-damage|p2a: Garchomp|0 fnt
|faint|p2a: Garchomp
|
|-weather|RainDance|[upkeep]
|-heal|p1a: Keldeo|24/100|[from] item: Leftovers
|upkeep
|
|t:|1708591995
|switch|p2a: Scizor|Scizor, M|69/100
|turn|16
|
|t:|1708591997
|move|p2a: Scizor|Bullet Punch|p1a: Keldeo
|-resisted|p1a: Keldeo
|-damage|p1a: Keldeo|0 fnt
|faint|p1a: Keldeo
|
|-weather|RainDance|[upkeep]
|upkeep
|
|t:|1708592002
|switch|p1a: Breloom|Breloom, F, shiny|100/100
|turn|17
|
|t:|1708592008
|move|p1a: Breloom|Mach Punch|p2a: Scizor
|-damage|p2a: Scizor|16/100
|move|p2a: Scizor|Bullet Punch|p1a: Breloom
|-damage|p1a: Breloom|17/100
|
|-weather|RainDance|[upkeep]
|upkeep
|turn|18
|
|t:|1708592018
|move|p1a: Breloom|Mach Punch|p2a: Scizor
|-damage|p2a: Scizor|0 fnt
|faint|p2a: Scizor
|
|-weather|RainDance|[upkeep]
|upkeep
|
|t:|1708592026
|switch|p2a: Politoed|Politoed, F|100/100
|turn|19
|
|t:|1708592030
|move|p1a: Breloom|Mach Punch|p2a: Politoed
|-damage|p2a: Politoed|43/100
|move|p2a: Politoed|Scald|p1a: Breloom
|-resisted|p1a: Breloom
|-crit|p1a: Breloom
|-damage|p1a: Breloom|0 fnt
|faint|p1a: Breloom
|
|-weather|RainDance|[upkeep]
|upkeep
|
|t:|1708592037
|switch|p1a: Heatran|Heatran, F, shiny|100/100
|-item|p1a: Heatran|Air Balloon
|turn|20
|
|t:|1708592047
|move|p2a: Politoed|Scald|p1a: Heatran
|-supereffective|p1a: Heatran
|-damage|p1a: Heatran|37/100
|-enditem|p1a: Heatran|Air Balloon
|move|p1a: Heatran|Flame Charge|p2a: Politoed
|-resisted|p2a: Politoed
|-damage|p2a: Politoed|39/100
|-boost|p1a: Heatran|spe|1
|
|-weather|RainDance|[upkeep]
|upkeep
|turn|21
|
|t:|1708592057
|move|p1a: Heatran|Earth Power|p2a: Politoed
|-damage|p2a: Politoed|15/100
|move|p2a: Politoed|Scald|p1a: Heatran
|-supereffective|p1a: Heatran
|-damage|p1a: Heatran|0 fnt
|faint|p1a: Heatran
|
|win|BookofConke
|raw|yaboyreen's rating: 1388 &rarr; <strong>1378</strong><br />(-10 for losing)
|raw|BookofConke's rating: 1570 &rarr; <strong>1580</strong><br />(+10 for winning)
|l|☆yaboyreen
|player|p1|
