|j|☆SkillfullBeing
|j|☆257m
|t:|1728955737
|gametype|singles
|player|p1|SkillfullBeing|nate|1395
|player|p2|257m|juggler|1362
|teamsize|p1|6
|teamsize|p2|6
|gen|5
|tier|[Gen 5] OU
|rated|
|rule|Species Clause: Limit one of each Pokémon
|rule|OHKO Clause: OHKO moves are banned
|rule|Moody Clause: Moody is banned
|rule|Evasion Items Clause: Evasion items are banned
|rule|Evasion Moves Clause: Evasion moves are banned
|rule|Endless Battle Clause: Forcing endless battles is banned
|rule|HP Percentage Mod: HP is shown in percentages
|rule|Evasion Abilities Clause: Evasion abilities are banned
|rule|Sleep Moves Clause: Sleep-inducing moves are banned
|rule|Swagger Clause: Swagger is banned
|rule|Baton Pass Stat Clause: No Baton Passer may have a way to boost its stats
|clearpoke
|poke|p1|Tyranitar, M|item
|poke|p1|Alakazam, F|item
|poke|p1|Rotom-Wash|item
|poke|p1|Keldeo|item
|poke|p1|Excadrill, M|item
|poke|p1|Garchomp, M|item
|poke|p2|Forretress, M|item
|poke|p2|Volcarona, F|item
|poke|p2|Latios, M|item
|poke|p2|Keldeo|item
|poke|p2|Excadrill, F|item
|poke|p2|Scizor, M|item
|teampreview
|inactive|Battle timer is ON: inactive players will automatically lose when time's up. (requested by 257m)
|inactive|SkillfullBeing also wants the timer to be on.
|inactive|257m has 120 seconds left.
|
|t:|1728955769
|start
|switch|p1a: Keldeo|Keldeo|100/100
|switch|p2a: Scizor|Scizor, M|100/100
|turn|1
|
|t:|1728955773
|move|p1a: Keldeo|Scald|p2a: Scizor
|-damage|p2a: Scizor|40/100
|-status|p2a: Scizor|brn
|move|p2a: Scizor|U-turn|p1a: Keldeo
|-resisted|p1a: Keldeo
|-damage|p1a: Keldeo|82/100
|
|t:|1728955783
|switch|p2a: Latios|Latios, M|100/100|[from] U-turn
|
|-heal|p1a: Keldeo|88/100|[from] item: Leftovers
|upkeep
|turn|2
|
|t:|1728955786
|switch|p1a: Tyranitar|Tyranitar, M|100/100
|-weather|Sandstorm|[from] ability: Sand Stream|[of] p1a: Tyranitar
|move|p2a: Latios|Draco Meteor|p1a: Tyranitar
|-damage|p1a: Tyranitar|68/100
|-unboost|p2a: Latios|spa|2
|
|-weather|Sandstorm|[upkeep]
|-damage|p2a: Latios|95/100|[from] Sandstorm
|upkeep
|turn|3
|
|t:|1728955788
|move|p2a: Latios|Draco Meteor|p1a: Tyranitar
|-damage|p1a: Tyranitar|52/100
|-unboost|p2a: Latios|spa|2
|move|p1a: Tyranitar|Pursuit|p2a: Latios
|-supereffective|p2a: Latios
|-damage|p2a: Latios|41/100
|
|-weather|Sandstorm|[upkeep]
|-damage|p2a: Latios|35/100|[from] Sandstorm
|upkeep
|turn|4
|
|t:|1728955791
|move|p2a: Latios|Draco Meteor|p1a: Tyranitar
|-damage|p1a: Tyranitar|41/100
|-unboost|p2a: Latios|spa|2
|move|p1a: Tyranitar|Pursuit|p2a: Latios
|-supereffective|p2a: Latios
|-damage|p2a: Latios|0 fnt
|faint|p2a: Latios
|
|-weather|Sandstorm|[upkeep]
|upkeep
|
|t:|1728955795
|switch|p2a: Volcarona|Volcarona, F|100/100
|turn|5
|
|t:|1728955798
|move|p2a: Volcarona|Quiver Dance|p2a: Volcarona
|-boost|p2a: Volcarona|spa|1
|-boost|p2a: Volcarona|spd|1
|-boost|p2a: Volcarona|spe|1
|move|p1a: Tyranitar|Stone Edge|p2a: Volcarona
|-supereffective|p2a: Volcarona
|-damage|p2a: Volcarona|0 fnt
|faint|p2a: Volcarona
|
|-weather|Sandstorm|[upkeep]
|upkeep
|
|t:|1728955805
|switch|p2a: Forretress|Forretress, M|100/100
|turn|6
|
|t:|1728955808
|move|p1a: Tyranitar|Thunder Wave|p2a: Forretress
|-status|p2a: Forretress|par
|cant|p2a: Forretress|par
|
|-weather|Sandstorm|[upkeep]
|upkeep
|turn|7
|
|t:|1728955811
|move|p1a: Tyranitar|Stone Edge|p2a: Forretress
|-damage|p2a: Forretress|73/100 par
|move|p2a: Forretress|Stealth Rock|p1a: Tyranitar
|-sidestart|p1: SkillfullBeing|move: Stealth Rock
|
|-weather|Sandstorm|[upkeep]
|upkeep
|turn|8
|
|t:|1728955830
|move|p1a: Tyranitar|Stone Edge|p2a: Forretress
|-damage|p2a: Forretress|47/100 par
|move|p2a: Forretress|Spikes|p1a: Tyranitar
|-sidestart|p1: SkillfullBeing|Spikes
|
|-weather|Sandstorm|[upkeep]
|upkeep
|turn|9
|
|t:|1728955834
|move|p1a: Tyranitar|Stone Edge|p2a: Forretress
|-damage|p2a: Forretress|23/100 par
|move|p2a: Forretress|Spikes|p1a: Tyranitar
|-sidestart|p1: SkillfullBeing|Spikes
|
|-weather|Sandstorm|[upkeep]
|upkeep
|turn|10
|-enditem|p2a: Forretress|Custap Berry|[eat]
|-activate|p2a: Forretress|item: Custap Berry|[consumed]
|
|t:|1728955838
|move|p2a: Forretress|Spikes|p1a: Tyranitar
|-sidestart|p1: SkillfullBeing|Spikes
|move|p1a: Tyranitar|Stone Edge|p2a: Forretress
|-damage|p2a: Forretress|0 fnt
|faint|p2a: Forretress
|
|-weather|Sandstorm|[upkeep]
|upkeep
|
|t:|1728955841
|switch|p2a: Scizor|Scizor, M|40/100 brn
|turn|11
|
|t:|1728955845
|move|p2a: Scizor|U-turn|p1a: Tyranitar
|-supereffective|p1a: Tyranitar
|-damage|p1a: Tyranitar|0 fnt
|faint|p1a: Tyranitar
|
|t:|1728955849
|switch|p2a: Excadrill|Excadrill, F|100/100|[from] U-turn
|
|-weather|Sandstorm|[upkeep]
|upkeep
|
|t:|1728955854
|switch|p1a: Excadrill|Excadrill, M|100/100
|-damage|p1a: Excadrill|98/100|[from] Stealth Rock
|-item|p1a: Excadrill|Air Balloon
|turn|12
|
|t:|1728955859
|move|p2a: Excadrill|Iron Head|p1a: Excadrill
|-resisted|p1a: Excadrill
|-damage|p1a: Excadrill|58/100
|-enditem|p1a: Excadrill|Air Balloon
|move|p1a: Excadrill|Earthquake|p2a: Excadrill
|-supereffective|p2a: Excadrill
|-damage|p2a: Excadrill|0 fnt
|faint|p2a: Excadrill
|
|-weather|Sandstorm|[upkeep]
|upkeep
|
|t:|1728955864
|switch|p2a: Scizor|Scizor, M|40/100 brn
|turn|13
|
|t:|1728955867
|switch|p1a: Rotom|Rotom-Wash|100/100
|-damage|p1a: Rotom|88/100|[from] Stealth Rock
|move|p2a: Scizor|Superpower|p1a: Rotom
|-damage|p1a: Rotom|57/100
|-unboost|p2a: Scizor|atk|1
|-unboost|p2a: Scizor|def|1
|
|-weather|Sandstorm|[upkeep]
|-damage|p1a: Rotom|51/100|[from] Sandstorm
|-heal|p1a: Rotom|57/100|[from] item: Leftovers
|-damage|p2a: Scizor|28/100 brn|[from] brn
|upkeep
|turn|14
|
|t:|1728955871
|move|p2a: Scizor|Superpower|p1a: Rotom
|-damage|p1a: Rotom|34/100
|-unboost|p2a: Scizor|atk|1
|-unboost|p2a: Scizor|def|1
|move|p1a: Rotom|Hydro Pump|p2a: Scizor
|-damage|p2a: Scizor|0 fnt
|faint|p2a: Scizor
|
|-weather|Sandstorm|[upkeep]
|-damage|p1a: Rotom|28/100|[from] Sandstorm
|-heal|p1a: Rotom|34/100|[from] item: Leftovers
|upkeep
|
|t:|1728955873
|switch|p2a: Keldeo|Keldeo|100/100
|turn|15
|
|t:|1728955881
|move|p2a: Keldeo|Surf|p1a: Rotom
|-resisted|p1a: Rotom
|-damage|p1a: Rotom|3/100
|move|p1a: Rotom|Volt Switch|p2a: Keldeo
|-supereffective|p2a: Keldeo
|-damage|p2a: Keldeo|42/100
|
|t:|1728955884
|switch|p1a: Alakazam|Alakazam, F|100/100|[from] Volt Switch
|
|-weather|Sandstorm|[upkeep]
|-damage|p2a: Keldeo|36/100|[from] Sandstorm
|upkeep
|turn|16
|
|t:|1728955887
|move|p1a: Alakazam|Psychic|p2a: Keldeo
|-supereffective|p2a: Keldeo
|-damage|p2a: Keldeo|0 fnt
|faint|p2a: Keldeo
|
|win|SkillfullBeing
|raw|SkillfullBeing's rating: 1409 &rarr; <strong>1426</strong><br />(+17 for winning)
|raw|257m's rating: 1362 &rarr; <strong>1345</strong><br />(-17 for losing)
|l|☆257m
|player|p2|
|l|☆SkillfullBeing
|player|p1|
