|j|☆Titanium Golem
|j|☆Oltanisaterrorist
|player|p1|Titanium Golem|266
|player|p2|Oltanisaterrorist|92
|teamsize|p1|6
|teamsize|p2|6
|gametype|singles
|gen|5
|tier|[Gen 5] OU
|rated|
|rule|Sleep Clause Mod: Limit one foe put to sleep
|rule|Species Clause: Limit one of each Pokémon
|rule|OHKO Clause: OHKO moves are banned
|rule|Moody Clause: Moody is banned
|rule|Evasion Moves Clause: Evasion moves are banned
|rule|Endless Battle Clause: Forcing endless battles is banned
|rule|HP Percentage Mod: HP is shown in percentages
|rule|Evasion Abilities Clause: Evasion abilities are banned
|rule|Baton Pass Clause: Limit one Baton Passer, can't pass Spe and other stats simultaneously
|rule|Swagger Clause: Swagger is banned
|clearpoke
|poke|p1|Staraptor, M|item
|poke|p1|Dragonite, F|item
|poke|p1|Excadrill, F|item
|poke|p1|Tornadus, M|item
|poke|p1|Kyurem-Black|item
|poke|p1|Jirachi|item
|poke|p2|Politoed, M|item
|poke|p2|Garchomp, F|item
|poke|p2|Gyarados, M|item
|poke|p2|Latios, M|item
|poke|p2|Starmie|item
|poke|p2|Ferrothorn, F|item
|teampreview
|c|☆Titanium Golem|gl
|
|start
|switch|p1a: Jirachi|Jirachi|100/100
|switch|p2a: Politoed|Politoed, M|100/100
|-weather|RainDance|[from] ability: Drizzle|[of] p2a: Politoed
|turn|1
|c|☆Oltanisaterrorist|u2
|
|move|p2a: Politoed|Scald|p1a: Jirachi
|-damage|p1a: Jirachi|48/100
|move|p1a: Jirachi|Thunder|p2a: Politoed
|-supereffective|p2a: Politoed
|-damage|p2a: Politoed|26/100
|
|-weather|RainDance|[upkeep]
|upkeep
|turn|2
|
|switch|p1a: Kyurem|Kyurem-Black, shiny|100/100
|-ability|p1a: Kyurem|Teravolt
|move|p2a: Politoed|Scald|p1a: Kyurem
|-resisted|p1a: Kyurem
|-damage|p1a: Kyurem|78/100
|
|-weather|RainDance|[upkeep]
|upkeep
|turn|3
|inactive|Battle timer is ON: inactive players will automatically lose when time's up. (requested by Oltanisaterrorist)
|
|switch|p2a: Ferrothorn|Ferrothorn, F|100/100
|switch|p1a: Jirachi|Jirachi|48/100
|
|-weather|RainDance|[upkeep]
|upkeep
|turn|4
|
|move|p1a: Jirachi|Sandstorm|p1a: Jirachi
|-weather|Sandstorm
|move|p2a: Ferrothorn|Leech Seed|p1a: Jirachi
|-start|p1a: Jirachi|move: Leech Seed
|
|-weather|Sandstorm|[upkeep]
|-damage|p1a: Jirachi|35/100|[from] Leech Seed|[of] p2a: Ferrothorn
|upkeep
|turn|5
|
|move|p1a: Jirachi|Stealth Rock|p2a: Ferrothorn
|-sidestart|p2: Oltanisaterrorist|move: Stealth Rock
|move|p2a: Ferrothorn|Stealth Rock|p1a: Jirachi
|-sidestart|p1: Titanium Golem|move: Stealth Rock
|
|-weather|Sandstorm|[upkeep]
|-damage|p1a: Jirachi|23/100|[from] Leech Seed|[of] p2a: Ferrothorn
|upkeep
|turn|6
|
|switch|p1a: Excadrill|Excadrill, F|100/100
|-damage|p1a: Excadrill|97/100|[from] Stealth Rock
|-item|p1a: Excadrill|Air Balloon
|move|p2a: Ferrothorn|Spikes|p1a: Excadrill
|-sidestart|p1: Titanium Golem|Spikes
|
|-weather|Sandstorm|[upkeep]
|upkeep
|turn|7
|
|move|p1a: Excadrill|Rapid Spin|p2a: Ferrothorn
|-resisted|p2a: Ferrothorn
|-damage|p2a: Ferrothorn|98/100
|-damage|p1a: Excadrill|85/100|[from] ability: Iron Barbs|[of] p2a: Ferrothorn
|-sideend|p1: Titanium Golem|Spikes|[from] move: Rapid Spin|[of] p1a: Excadrill
|-sideend|p1: Titanium Golem|Stealth Rock|[from] move: Rapid Spin|[of] p1a: Excadrill
|move|p2a: Ferrothorn|Power Whip|p1a: Excadrill|[miss]
|-miss|p2a: Ferrothorn|p1a: Excadrill
|
|-weather|Sandstorm|[upkeep]
|-heal|p2a: Ferrothorn|100/100|[from] item: Leftovers
|upkeep
|turn|8
|
|move|p1a: Excadrill|Earthquake|p2a: Ferrothorn
|-damage|p2a: Ferrothorn|60/100
|move|p2a: Ferrothorn|Stealth Rock|p1a: Excadrill
|-sidestart|p1: Titanium Golem|move: Stealth Rock
|
|-weather|Sandstorm|[upkeep]
|-heal|p2a: Ferrothorn|67/100|[from] item: Leftovers
|upkeep
|turn|9
|
|move|p1a: Excadrill|Rapid Spin|p2a: Ferrothorn
|-resisted|p2a: Ferrothorn
|-damage|p2a: Ferrothorn|64/100
|-damage|p1a: Excadrill|73/100|[from] ability: Iron Barbs|[of] p2a: Ferrothorn
|-sideend|p1: Titanium Golem|Stealth Rock|[from] move: Rapid Spin|[of] p1a: Excadrill
|move|p2a: Ferrothorn|Leech Seed|p1a: Excadrill
|-start|p1a: Excadrill|move: Leech Seed
|
|-weather|Sandstorm|[upkeep]
|-heal|p2a: Ferrothorn|70/100|[from] item: Leftovers
|-damage|p1a: Excadrill|60/100|[from] Leech Seed|[of] p2a: Ferrothorn
|-heal|p2a: Ferrothorn|83/100|[silent]
|upkeep
|turn|10
|
|move|p1a: Excadrill|Swords Dance|p1a: Excadrill
|-boost|p1a: Excadrill|atk|2
|move|p2a: Ferrothorn|Stealth Rock|p1a: Excadrill
|-sidestart|p1: Titanium Golem|move: Stealth Rock
|
|-weather|Sandstorm|[upkeep]
|-heal|p2a: Ferrothorn|89/100|[from] item: Leftovers
|-damage|p1a: Excadrill|48/100|[from] Leech Seed|[of] p2a: Ferrothorn
|-heal|p2a: Ferrothorn|100/100|[silent]
|upkeep
|turn|11
|
|move|p1a: Excadrill|Rapid Spin|p2a: Ferrothorn
|-resisted|p2a: Ferrothorn
|-damage|p2a: Ferrothorn|95/100
|-damage|p1a: Excadrill|35/100|[from] ability: Iron Barbs|[of] p2a: Ferrothorn
|-end|p1a: Excadrill|Leech Seed|[from] move: Rapid Spin|[of] p1a: Excadrill
|-sideend|p1: Titanium Golem|Stealth Rock|[from] move: Rapid Spin|[of] p1a: Excadrill
|move|p2a: Ferrothorn|Power Whip|p1a: Excadrill
|-damage|p1a: Excadrill|0 fnt
|-enditem|p1a: Excadrill|Air Balloon
|faint|p1a: Excadrill
|
|-weather|none
|-heal|p2a: Ferrothorn|100/100|[from] item: Leftovers
|upkeep
|
|switch|p1a: Dragonite|Dragonite, F, shiny|100/100
|turn|12
|
|move|p1a: Dragonite|Fire Blast|p2a: Ferrothorn
|-supereffective|p2a: Ferrothorn
|-damage|p2a: Ferrothorn|3/100
|move|p2a: Ferrothorn|Stealth Rock|p1a: Dragonite
|-sidestart|p1: Titanium Golem|move: Stealth Rock
|
|-heal|p2a: Ferrothorn|9/100|[from] item: Leftovers
|upkeep
|turn|13
|
|move|p1a: Dragonite|Earthquake|p2a: Ferrothorn
|-damage|p2a: Ferrothorn|0 fnt
|faint|p2a: Ferrothorn
|
|upkeep
|
|switch|p2a: Starmie|Starmie|100/100
|-damage|p2a: Starmie|88/100|[from] Stealth Rock
|turn|14
|
|move|p2a: Starmie|Ice Beam|p1a: Dragonite
|-supereffective|p1a: Dragonite
|-damage|p1a: Dragonite|17/100
|-status|p1a: Dragonite|frz
|-damage|p2a: Starmie|78/100|[from] item: Life Orb
|cant|p1a: Dragonite|frz
|
|upkeep
|turn|15
|
|move|p2a: Starmie|Ice Beam|p1a: Dragonite
|-supereffective|p1a: Dragonite
|-damage|p1a: Dragonite|0 fnt
|-damage|p2a: Starmie|68/100|[from] item: Life Orb
|faint|p1a: Dragonite
|
|upkeep
|
|switch|p1a: Staraptor|Staraptor, M, shiny|100/100
|-damage|p1a: Staraptor|76/100|[from] Stealth Rock
|turn|16
|
|switch|p2a: Garchomp|Garchomp, F|100/100
|-damage|p2a: Garchomp|94/100|[from] Stealth Rock
|move|p1a: Staraptor|Brave Bird|p2a: Garchomp
|-damage|p2a: Garchomp|20/100
|-damage|p1a: Staraptor|63/100|[from] ability: Rough Skin|[of] p2a: Garchomp
|-damage|p1a: Staraptor|37/100|[from] Recoil
|
|upkeep
|turn|17
|
|move|p1a: Staraptor|Brave Bird|p2a: Garchomp
|-damage|p2a: Garchomp|0 fnt
|-damage|p1a: Staraptor|25/100|[from] ability: Rough Skin|[of] p2a: Garchomp
|-damage|p1a: Staraptor|18/100|[from] Recoil
|faint|p2a: Garchomp
|
|upkeep
|
|switch|p2a: Gyarados|Gyarados, M|100/100
|-damage|p2a: Gyarados|76/100|[from] Stealth Rock
|-ability|p2a: Gyarados|Intimidate|boost
|-unboost|p1a: Staraptor|atk|1
|turn|18
|
|move|p1a: Staraptor|Brave Bird|p2a: Gyarados
|-damage|p2a: Gyarados|17/100
|-damage|p1a: Staraptor|0 fnt|[from] Recoil
|faint|p1a: Staraptor
|move|p2a: Gyarados|Dragon Dance|p2a: Gyarados
|-boost|p2a: Gyarados|atk|1
|-boost|p2a: Gyarados|spe|1
|
|-heal|p2a: Gyarados|23/100|[from] item: Leftovers
|upkeep
|
|switch|p1a: Tornadus|Tornadus, M, shiny|100/100
|-damage|p1a: Tornadus|76/100|[from] Stealth Rock
|turn|19
|
|move|p1a: Tornadus|Tailwind|p1a: Tornadus
|-sidestart|p1: Titanium Golem|move: Tailwind
|move|p2a: Gyarados|Waterfall|p1a: Tornadus
|-damage|p1a: Tornadus|0 fnt
|faint|p1a: Tornadus
|
|-heal|p2a: Gyarados|29/100|[from] item: Leftovers
|upkeep
|
|switch|p1a: Kyurem|Kyurem-Black, shiny|78/100
|-damage|p1a: Kyurem|53/100|[from] Stealth Rock
|-ability|p1a: Kyurem|Teravolt
|turn|20
|
|move|p1a: Kyurem|Outrage|p2a: Gyarados
|-damage|p2a: Gyarados|0 fnt
|faint|p2a: Gyarados
|
|upkeep
|inactive|Oltanisaterrorist has 135 seconds left.
|inactive|Oltanisaterrorist has 120 seconds left.
|
|switch|p2a: Politoed|Politoed, M|26/100
|-damage|p2a: Politoed|13/100|[from] Stealth Rock
|-weather|RainDance|[from] ability: Drizzle|[of] p2a: Politoed
|turn|21
|
|move|p1a: Kyurem|Outrage|p2a: Politoed|[from]lockedmove
|-damage|p2a: Politoed|0 fnt
|-start|p1a: Kyurem|confusion|[fatigue]
|faint|p2a: Politoed
|
|-weather|RainDance|[upkeep]
|upkeep
|inactive|Oltanisaterrorist has 135 seconds left.
|
|switch|p2a: Latios|Latios, M|100/100
|-damage|p2a: Latios|88/100|[from] Stealth Rock
|turn|22
|
|-activate|p1a: Kyurem|confusion
|-damage|p1a: Kyurem|29/100|[from] confusion
|move|p2a: Latios|Surf|p1a: Kyurem
|-resisted|p1a: Kyurem
|-damage|p1a: Kyurem|0 fnt
|faint|p1a: Kyurem
|
|-weather|RainDance|[upkeep]
|-sideend|p1: Titanium Golem|move: Tailwind
|upkeep
|
|switch|p1a: Jirachi|Jirachi|23/100
|-damage|p1a: Jirachi|17/100|[from] Stealth Rock
|turn|23
|-message|Titanium Golem forfeited.
|
|win|Oltanisaterrorist
|l|☆Titanium Golem
|raw|Titanium Golem's rating: 1472 &rarr; <strong>1441</strong><br />(-31 for losing)
|raw|Oltanisaterrorist's rating: 1262 &rarr; <strong>1300</strong><br />(+38 for winning)
