|j|☆Testo junkie
|j|☆Nalorium ⧳
|t:|1730658729
|gametype|singles
|player|p1|Testo junkie|baker|1625
|player|p2|Nalorium ⧳|#nalorium|1715
|teamsize|p1|6
|teamsize|p2|6
|gen|5
|tier|[Gen 5] OU
|rated|
|rule|Species Clause: Limit one of each Pokémon
|rule|OHKO Clause: OHKO moves are banned
|rule|Moody Clause: Moody is banned
|rule|Evasion Items Clause: Evasion items are banned
|rule|Evasion Moves Clause: Evasion moves are banned
|rule|Endless Battle Clause: Forcing endless battles is banned
|rule|HP Percentage Mod: HP is shown in percentages
|rule|Evasion Abilities Clause: Evasion abilities are banned
|rule|Sleep Moves Clause: Sleep-inducing moves are banned
|rule|Swagger Clause: Swagger is banned
|rule|Baton Pass Stat Clause: No Baton Passer may have a way to boost its stats
|clearpoke
|poke|p1|Abomasnow, M|item
|poke|p1|Starmie|item
|poke|p1|Heatran, F|item
|poke|p1|Kyurem|item
|poke|p1|Landorus-Therian, M|item
|poke|p1|Reuniclus, M|item
|poke|p2|Chansey, F|item
|poke|p2|Cresselia, F|item
|poke|p2|Donphan, F|item
|poke|p2|Heatran, F|item
|poke|p2|Ninetales, F|item
|poke|p2|Volcarona, F|item
|teampreview
|inactive|Battle timer is ON: inactive players will automatically lose when time's up. (requested by Nalorium ⧳)
|inactive|Testo junkie has 120 seconds left.
|inactive|Testo junkie has 90 seconds left.
|
|t:|1730658845
|start
|switch|p1a: Valyria|Heatran, F|100/100
|switch|p2a: Ninetales|Ninetales, F|100/100
|-weather|SunnyDay|[from] ability: Drought|[of] p2a: Ninetales
|turn|1
|
|t:|1730658849
|switch|p2a: Chansey|Chansey, F, shiny|100/100
|move|p1a: Valyria|Stealth Rock|p2a: Chansey
|-sidestart|p2: Nalorium ⧳|move: Stealth Rock
|
|-weather|SunnyDay|[upkeep]
|upkeep
|turn|2
|
|t:|1730658851
|switch|p1a: Perseide|Starmie|100/100
|move|p2a: Chansey|Stealth Rock|p1a: Perseide
|-sidestart|p1: Testo junkie|move: Stealth Rock
|
|-weather|SunnyDay|[upkeep]
|upkeep
|turn|3
|
|t:|1730658854
|move|p1a: Perseide|Rapid Spin|p2a: Chansey
|-damage|p2a: Chansey|99/100
|-sideend|p1: Testo junkie|Stealth Rock|[from] move: Rapid Spin|[of] p1a: Perseide
|move|p2a: Chansey|Seismic Toss|p1a: Perseide
|-damage|p1a: Perseide|70/100
|
|-weather|SunnyDay|[upkeep]
|-heal|p1a: Perseide|76/100|[from] item: Leftovers
|upkeep
|turn|4
|
|t:|1730658857
|move|p1a: Perseide|Scald|p2a: Chansey
|-damage|p2a: Chansey|94/100
|move|p2a: Chansey|Seismic Toss|p1a: Perseide
|-damage|p1a: Perseide|45/100
|
|-weather|SunnyDay|[upkeep]
|-heal|p1a: Perseide|51/100|[from] item: Leftovers
|upkeep
|turn|5
|
|t:|1730658859
|move|p1a: Perseide|Recover|p1a: Perseide
|-heal|p1a: Perseide|100/100
|move|p2a: Chansey|Stealth Rock|p1a: Perseide
|-sidestart|p1: Testo junkie|move: Stealth Rock
|
|-weather|SunnyDay|[upkeep]
|upkeep
|turn|6
|
|t:|1730658861
|move|p1a: Perseide|Rapid Spin|p2a: Chansey
|-crit|p2a: Chansey
|-damage|p2a: Chansey|91/100
|-sideend|p1: Testo junkie|Stealth Rock|[from] move: Rapid Spin|[of] p1a: Perseide
|move|p2a: Chansey|Seismic Toss|p1a: Perseide
|-damage|p1a: Perseide|70/100
|
|-weather|SunnyDay|[upkeep]
|-heal|p1a: Perseide|76/100|[from] item: Leftovers
|upkeep
|turn|7
|
|t:|1730658864
|move|p1a: Perseide|Scald|p2a: Chansey
|-crit|p2a: Chansey
|-damage|p2a: Chansey|82/100
|move|p2a: Chansey|Seismic Toss|p1a: Perseide
|-damage|p1a: Perseide|45/100
|
|-weather|SunnyDay|[upkeep]
|-heal|p1a: Perseide|51/100|[from] item: Leftovers
|upkeep
|turn|8
|
|t:|1730658866
|move|p1a: Perseide|Recover|p1a: Perseide
|-heal|p1a: Perseide|100/100
|move|p2a: Chansey|Stealth Rock|p1a: Perseide
|-sidestart|p1: Testo junkie|move: Stealth Rock
|
|-weather|SunnyDay|[upkeep]
|upkeep
|turn|9
|
|t:|1730658868
|move|p1a: Perseide|Rapid Spin|p2a: Chansey
|-damage|p2a: Chansey|80/100
|-sideend|p1: Testo junkie|Stealth Rock|[from] move: Rapid Spin|[of] p1a: Perseide
|move|p2a: Chansey|Seismic Toss|p1a: Perseide
|-damage|p1a: Perseide|70/100
|
|-weather|SunnyDay|[upkeep]
|-heal|p1a: Perseide|76/100|[from] item: Leftovers
|upkeep
|turn|10
|
|t:|1730658873
|move|p1a: Perseide|Scald|p2a: Chansey
|-damage|p2a: Chansey|76/100
|move|p2a: Chansey|Seismic Toss|p1a: Perseide
|-damage|p1a: Perseide|45/100
|
|-weather|SunnyDay|[upkeep]
|-heal|p1a: Perseide|51/100|[from] item: Leftovers
|upkeep
|turn|11
|
|t:|1730658875
|move|p1a: Perseide|Scald|p2a: Chansey
|-damage|p2a: Chansey|72/100
|move|p2a: Chansey|Stealth Rock|p1a: Perseide
|-sidestart|p1: Testo junkie|move: Stealth Rock
|
|-weather|SunnyDay|[upkeep]
|-heal|p1a: Perseide|57/100|[from] item: Leftovers
|upkeep
|turn|12
|
|t:|1730658877
|switch|p2a: Heatran|Heatran, F, shiny|100/100
|-damage|p2a: Heatran|88/100|[from] Stealth Rock
|move|p1a: Perseide|Rapid Spin|p2a: Heatran
|-resisted|p2a: Heatran
|-damage|p2a: Heatran|87/100
|-sideend|p1: Testo junkie|Stealth Rock|[from] move: Rapid Spin|[of] p1a: Perseide
|
|-weather|SunnyDay|[upkeep]
|-heal|p1a: Perseide|63/100|[from] item: Leftovers
|-heal|p2a: Heatran|93/100|[from] item: Leftovers
|upkeep
|turn|13
|
|t:|1730658881
|switch|p1a: Valyria|Heatran, F|100/100
|switch|p2a: Chansey|Chansey, F, shiny|72/100
|-damage|p2a: Chansey|59/100|[from] Stealth Rock
|
|-weather|SunnyDay|[upkeep]
|upkeep
|turn|14
|
|t:|1730658883
|switch|p1a: Perseide|Starmie|63/100
|move|p2a: Chansey|Soft-Boiled|p2a: Chansey
|-heal|p2a: Chansey|100/100
|
|-weather|SunnyDay|[upkeep]
|-heal|p1a: Perseide|70/100|[from] item: Leftovers
|upkeep
|turn|15
|
|t:|1730658885
|move|p1a: Perseide|Scald|p2a: Chansey
|-damage|p2a: Chansey|97/100
|move|p2a: Chansey|Seismic Toss|p1a: Perseide
|-damage|p1a: Perseide|39/100
|
|-weather|SunnyDay|[upkeep]
|-heal|p1a: Perseide|45/100|[from] item: Leftovers
|upkeep
|turn|16
|
|t:|1730658889
|move|p1a: Perseide|Recover|p1a: Perseide
|-heal|p1a: Perseide|95/100
|move|p2a: Chansey|Stealth Rock|p1a: Perseide
|-sidestart|p1: Testo junkie|move: Stealth Rock
|
|-weather|SunnyDay|[upkeep]
|-heal|p1a: Perseide|100/100|[from] item: Leftovers
|upkeep
|turn|17
|
|t:|1730658894
|move|p1a: Perseide|Rapid Spin|p2a: Chansey
|-damage|p2a: Chansey|95/100
|-sideend|p1: Testo junkie|Stealth Rock|[from] move: Rapid Spin|[of] p1a: Perseide
|move|p2a: Chansey|Seismic Toss|p1a: Perseide
|-damage|p1a: Perseide|70/100
|
|-weather|SunnyDay|[upkeep]
|-heal|p1a: Perseide|76/100|[from] item: Leftovers
|upkeep
|turn|18
|
|t:|1730658895
|move|p1a: Perseide|Scald|p2a: Chansey
|-damage|p2a: Chansey|90/100
|move|p2a: Chansey|Seismic Toss|p1a: Perseide
|-damage|p1a: Perseide|45/100
|
|-weather|SunnyDay|[upkeep]
|-heal|p1a: Perseide|51/100|[from] item: Leftovers
|upkeep
|turn|19
|
|t:|1730658897
|move|p1a: Perseide|Scald|p2a: Chansey
|-damage|p2a: Chansey|86/100
|move|p2a: Chansey|Stealth Rock|p1a: Perseide
|-sidestart|p1: Testo junkie|move: Stealth Rock
|
|-weather|SunnyDay|[upkeep]
|-heal|p1a: Perseide|57/100|[from] item: Leftovers
|upkeep
|turn|20
|
|t:|1730658904
|switch|p2a: Heatran|Heatran, F, shiny|93/100
|-damage|p2a: Heatran|80/100|[from] Stealth Rock
|move|p1a: Perseide|Rapid Spin|p2a: Heatran
|-resisted|p2a: Heatran
|-damage|p2a: Heatran|79/100
|-sideend|p1: Testo junkie|Stealth Rock|[from] move: Rapid Spin|[of] p1a: Perseide
|
|-weather|SunnyDay|[upkeep]
|-heal|p1a: Perseide|63/100|[from] item: Leftovers
|-heal|p2a: Heatran|85/100|[from] item: Leftovers
|upkeep
|turn|21
|
|t:|1730658908
|switch|p1a: Cichol|Landorus-Therian, M|100/100
|-ability|p1a: Cichol|Intimidate|boost
|-unboost|p2a: Heatran|atk|1
|switch|p2a: Chansey|Chansey, F, shiny|86/100
|-damage|p2a: Chansey|74/100|[from] Stealth Rock
|
|-weather|SunnyDay|[upkeep]
|upkeep
|turn|22
|
|t:|1730658912
|move|p1a: Cichol|U-turn|p2a: Chansey
|-damage|p2a: Chansey|55/100
|
|t:|1730658916
|switch|p1a: Perseide|Starmie|63/100|[from] U-turn
|move|p2a: Chansey|Soft-Boiled|p2a: Chansey
|-heal|p2a: Chansey|100/100
|
|-weather|SunnyDay|[upkeep]
|-heal|p1a: Perseide|70/100|[from] item: Leftovers
|upkeep
|turn|23
|
|t:|1730658919
|move|p1a: Perseide|Scald|p2a: Chansey
|-damage|p2a: Chansey|97/100
|-status|p2a: Chansey|brn
|move|p2a: Chansey|Stealth Rock|p1a: Perseide
|-sidestart|p1: Testo junkie|move: Stealth Rock
|
|-weather|SunnyDay|[upkeep]
|-heal|p1a: Perseide|76/100|[from] item: Leftovers
|-damage|p2a: Chansey|84/100 brn|[from] brn
|upkeep
|turn|24
|inactive|Nalorium ⧳ has 120 seconds left.
|
|t:|1730658968
|move|p1a: Perseide|Rapid Spin|p2a: Chansey
|-damage|p2a: Chansey|82/100 brn
|-sideend|p1: Testo junkie|Stealth Rock|[from] move: Rapid Spin|[of] p1a: Perseide
|move|p2a: Chansey|Heal Bell|p2a: Chansey
|-activate|p2a: Chansey|move: Heal Bell
|-curestatus|p2a: Chansey|brn|[msg]
|
|-weather|SunnyDay|[upkeep]
|-heal|p1a: Perseide|82/100|[from] item: Leftovers
|upkeep
|turn|25
|
|t:|1730658973
|move|p1a: Perseide|Scald|p2a: Chansey
|-damage|p2a: Chansey|78/100
|move|p2a: Chansey|Seismic Toss|p1a: Perseide
|-damage|p1a: Perseide|51/100
|
|-weather|SunnyDay|[upkeep]
|-heal|p1a: Perseide|57/100|[from] item: Leftovers
|upkeep
|turn|26
|
|t:|1730658977
|move|p1a: Perseide|Recover|p1a: Perseide
|-heal|p1a: Perseide|100/100
|move|p2a: Chansey|Stealth Rock|p1a: Perseide
|-sidestart|p1: Testo junkie|move: Stealth Rock
|
|-weather|SunnyDay|[upkeep]
|upkeep
|turn|27
|
|t:|1730658988
|switch|p2a: Volcarona|Volcarona, F, shiny|100/100
|-damage|p2a: Volcarona|51/100|[from] Stealth Rock
|move|p1a: Perseide|Rapid Spin|p2a: Volcarona
|-damage|p2a: Volcarona|48/100
|-status|p1a: Perseide|brn|[from] ability: Flame Body|[of] p2a: Volcarona
|-sideend|p1: Testo junkie|Stealth Rock|[from] move: Rapid Spin|[of] p1a: Perseide
|
|-weather|SunnyDay|[upkeep]
|-heal|p2a: Volcarona|54/100|[from] item: Leftovers
|-damage|p1a: Perseide|88/100 brn|[from] brn
|upkeep
|turn|28
|
|t:|1730658993
|move|p1a: Perseide|Thunder Wave|p2a: Volcarona
|-status|p2a: Volcarona|par
|move|p2a: Volcarona|Roost|p2a: Volcarona
|-heal|p2a: Volcarona|100/100 par
|-singleturn|p2a: Volcarona|move: Roost
|
|-weather|SunnyDay|[upkeep]
|-heal|p1a: Perseide|94/100 brn|[from] item: Leftovers
|-damage|p1a: Perseide|82/100 brn|[from] brn
|upkeep
|turn|29
|
|t:|1730658999
|-curestatus|p1a: Perseide|brn|[from] ability: Natural Cure
|switch|p1a: Viserion|Kyurem|100/100
|-ability|p1a: Viserion|Pressure
|switch|p2a: Chansey|Chansey, F, shiny|78/100
|-damage|p2a: Chansey|66/100|[from] Stealth Rock
|
|-weather|SunnyDay|[upkeep]
|upkeep
|turn|30
|
|t:|1730659004
|move|p1a: Viserion|Focus Blast|p2a: Chansey|[miss]
|-miss|p1a: Viserion|p2a: Chansey
|move|p2a: Chansey|Soft-Boiled|p2a: Chansey
|-heal|p2a: Chansey|100/100
|
|-weather|SunnyDay|[upkeep]
|upkeep
|turn|31
|
|t:|1730659012
|switch|p1a: Solomon|Reuniclus, M|100/100
|move|p2a: Chansey|Seismic Toss|p1a: Solomon
|-damage|p1a: Solomon|77/100
|
|-weather|SunnyDay|[upkeep]
|-status|p1a: Solomon|brn|[from] item: Flame Orb
|upkeep
|turn|32
|
|t:|1730659020
|switch|p2a: Heatran|Heatran, F, shiny|85/100
|-damage|p2a: Heatran|73/100|[from] Stealth Rock
|move|p1a: Solomon|Calm Mind|p1a: Solomon
|-boost|p1a: Solomon|spa|1
|-boost|p1a: Solomon|spd|1
|
|-weather|SunnyDay|[upkeep]
|-heal|p2a: Heatran|79/100|[from] item: Leftovers
|upkeep
|turn|33
|
|t:|1730659023
|move|p2a: Heatran|Magma Storm|p1a: Solomon
|-crit|p1a: Solomon
|-damage|p1a: Solomon|0 fnt
|faint|p1a: Solomon
|
|-weather|SunnyDay|[upkeep]
|-heal|p2a: Heatran|85/100|[from] item: Leftovers
|upkeep
|c|☆Testo junkie|exquisite
|
|t:|1730659033
|switch|p1a: Viserion|Kyurem|100/100
|-ability|p1a: Viserion|Pressure
|turn|34
|
|t:|1730659041
|switch|p1a: Fimbulvetr|Abomasnow, M|100/100
|-weather|Hail|[from] ability: Snow Warning|[of] p1a: Fimbulvetr
|switch|p2a: Chansey|Chansey, F, shiny|100/100
|-damage|p2a: Chansey|88/100|[from] Stealth Rock
|
|-weather|Hail|[upkeep]
|-damage|p2a: Chansey|82/100|[from] Hail
|upkeep
|turn|35
|
|t:|1730659052
|switch|p1a: Perseide|Starmie|82/100
|move|p2a: Chansey|Soft-Boiled|p2a: Chansey
|-heal|p2a: Chansey|100/100
|
|-weather|Hail|[upkeep]
|-damage|p1a: Perseide|76/100|[from] Hail
|-damage|p2a: Chansey|94/100|[from] Hail
|-heal|p1a: Perseide|82/100|[from] item: Leftovers
|upkeep
|turn|36
|
|t:|1730659055
|move|p1a: Perseide|Scald|p2a: Chansey
|-damage|p2a: Chansey|86/100
|move|p2a: Chansey|Stealth Rock|p1a: Perseide
|-sidestart|p1: Testo junkie|move: Stealth Rock
|
|-weather|Hail|[upkeep]
|-damage|p1a: Perseide|76/100|[from] Hail
|-damage|p2a: Chansey|80/100|[from] Hail
|-heal|p1a: Perseide|82/100|[from] item: Leftovers
|upkeep
|turn|37
|
|t:|1730659057
|move|p1a: Perseide|Rapid Spin|p2a: Chansey
|-damage|p2a: Chansey|78/100
|-sideend|p1: Testo junkie|Stealth Rock|[from] move: Rapid Spin|[of] p1a: Perseide
|move|p2a: Chansey|Seismic Toss|p1a: Perseide
|-damage|p1a: Perseide|51/100
|
|-weather|Hail|[upkeep]
|-damage|p1a: Perseide|45/100|[from] Hail
|-damage|p2a: Chansey|72/100|[from] Hail
|-heal|p1a: Perseide|51/100|[from] item: Leftovers
|upkeep
|turn|38
|
|t:|1730659060
|move|p1a: Perseide|Recover|p1a: Perseide
|-heal|p1a: Perseide|100/100
|move|p2a: Chansey|Seismic Toss|p1a: Perseide
|-damage|p1a: Perseide|70/100
|
|-weather|Hail|[upkeep]
|-damage|p1a: Perseide|63/100|[from] Hail
|-damage|p2a: Chansey|66/100|[from] Hail
|-heal|p1a: Perseide|70/100|[from] item: Leftovers
|upkeep
|turn|39
|
|t:|1730659062
|move|p1a: Perseide|Scald|p2a: Chansey
|-damage|p2a: Chansey|58/100
|-status|p2a: Chansey|brn
|move|p2a: Chansey|Stealth Rock|p1a: Perseide
|-sidestart|p1: Testo junkie|move: Stealth Rock
|
|-weather|Hail|[upkeep]
|-damage|p1a: Perseide|63/100|[from] Hail
|-damage|p2a: Chansey|52/100 brn|[from] Hail
|-heal|p1a: Perseide|70/100|[from] item: Leftovers
|-damage|p2a: Chansey|39/100 brn|[from] brn
|upkeep
|turn|40
|
|t:|1730659063
|move|p1a: Perseide|Rapid Spin|p2a: Chansey
|-damage|p2a: Chansey|37/100 brn
|-sideend|p1: Testo junkie|Stealth Rock|[from] move: Rapid Spin|[of] p1a: Perseide
|move|p2a: Chansey|Soft-Boiled|p2a: Chansey
|-heal|p2a: Chansey|87/100 brn
|
|-weather|Hail|[upkeep]
|-damage|p1a: Perseide|63/100|[from] Hail
|-damage|p2a: Chansey|81/100 brn|[from] Hail
|-heal|p1a: Perseide|70/100|[from] item: Leftovers
|-damage|p2a: Chansey|69/100 brn|[from] brn
|upkeep
|turn|41
|
|t:|1730659067
|move|p1a: Perseide|Rapid Spin|p2a: Chansey
|-damage|p2a: Chansey|67/100 brn
|move|p2a: Chansey|Heal Bell|p2a: Chansey
|-activate|p2a: Chansey|move: Heal Bell
|-curestatus|p2a: Chansey|brn|[msg]
|-curestatus|p2: Volcarona|par|[msg]
|
|-weather|Hail|[upkeep]
|-damage|p1a: Perseide|63/100|[from] Hail
|-damage|p2a: Chansey|61/100|[from] Hail
|-heal|p1a: Perseide|70/100|[from] item: Leftovers
|upkeep
|turn|42
|
|t:|1730659071
|move|p1a: Perseide|Scald|p2a: Chansey
|-damage|p2a: Chansey|52/100
|-status|p2a: Chansey|brn
|move|p2a: Chansey|Soft-Boiled|p2a: Chansey
|-heal|p2a: Chansey|100/100 brn
|
|-weather|Hail|[upkeep]
|-damage|p1a: Perseide|63/100|[from] Hail
|-damage|p2a: Chansey|94/100 brn|[from] Hail
|-heal|p1a: Perseide|70/100|[from] item: Leftovers
|-damage|p2a: Chansey|82/100 brn|[from] brn
|upkeep
|turn|43
|
|t:|1730659075
|switch|p1a: Cichol|Landorus-Therian, M|100/100
|-ability|p1a: Cichol|Intimidate|boost
|-unboost|p2a: Chansey|atk|1
|move|p2a: Chansey|Heal Bell|p2a: Chansey
|-activate|p2a: Chansey|move: Heal Bell
|-curestatus|p2a: Chansey|brn|[msg]
|
|-weather|Hail|[upkeep]
|-damage|p1a: Cichol|95/100|[from] Hail
|-damage|p2a: Chansey|76/100|[from] Hail
|upkeep
|turn|44
|
|t:|1730659077
|move|p1a: Cichol|U-turn|p2a: Chansey
|-damage|p2a: Chansey|60/100
|
|t:|1730659079
|switch|p1a: Perseide|Starmie|70/100|[from] U-turn
|move|p2a: Chansey|Soft-Boiled|p2a: Chansey
|-heal|p2a: Chansey|100/100
|
|-weather|Hail|[upkeep]
|-damage|p1a: Perseide|63/100|[from] Hail
|-damage|p2a: Chansey|94/100|[from] Hail
|-heal|p1a: Perseide|70/100|[from] item: Leftovers
|upkeep
|turn|45
|
|t:|1730659081
|move|p1a: Perseide|Scald|p2a: Chansey
|-damage|p2a: Chansey|85/100
|move|p2a: Chansey|Seismic Toss|p1a: Perseide
|-damage|p1a: Perseide|39/100
|
|-weather|Hail|[upkeep]
|-damage|p1a: Perseide|32/100|[from] Hail
|-damage|p2a: Chansey|79/100|[from] Hail
|-heal|p1a: Perseide|39/100|[from] item: Leftovers
|upkeep
|turn|46
|
|t:|1730659084
|move|p1a: Perseide|Recover|p1a: Perseide
|-heal|p1a: Perseide|89/100
|move|p2a: Chansey|Seismic Toss|p1a: Perseide
|-damage|p1a: Perseide|58/100
|
|-weather|Hail|[upkeep]
|-damage|p1a: Perseide|52/100|[from] Hail
|-damage|p2a: Chansey|73/100|[from] Hail
|-heal|p1a: Perseide|58/100|[from] item: Leftovers
|upkeep
|turn|47
|
|t:|1730659088
|move|p1a: Perseide|Scald|p2a: Chansey
|-damage|p2a: Chansey|64/100
|move|p2a: Chansey|Soft-Boiled|p2a: Chansey
|-heal|p2a: Chansey|100/100
|
|-weather|Hail|[upkeep]
|-damage|p1a: Perseide|52/100|[from] Hail
|-damage|p2a: Chansey|94/100|[from] Hail
|-heal|p1a: Perseide|58/100|[from] item: Leftovers
|upkeep
|turn|48
|
|t:|1730659093
|move|p1a: Perseide|Scald|p2a: Chansey
|-damage|p2a: Chansey|86/100
|-status|p2a: Chansey|brn
|move|p2a: Chansey|Seismic Toss|p1a: Perseide
|-damage|p1a: Perseide|27/100
|
|-weather|Hail|[upkeep]
|-damage|p1a: Perseide|21/100|[from] Hail
|-damage|p2a: Chansey|80/100 brn|[from] Hail
|-heal|p1a: Perseide|27/100|[from] item: Leftovers
|-damage|p2a: Chansey|67/100 brn|[from] brn
|upkeep
|turn|49
|
|t:|1730659095
|move|p1a: Perseide|Recover|p1a: Perseide
|-heal|p1a: Perseide|77/100
|move|p2a: Chansey|Heal Bell|p2a: Chansey
|-activate|p2a: Chansey|move: Heal Bell
|-curestatus|p2a: Chansey|brn|[msg]
|
|-weather|Hail|[upkeep]
|-damage|p1a: Perseide|71/100|[from] Hail
|-damage|p2a: Chansey|61/100|[from] Hail
|-heal|p1a: Perseide|77/100|[from] item: Leftovers
|upkeep
|turn|50
|
|t:|1730659099
|switch|p1a: Cichol|Landorus-Therian, M|95/100
|-ability|p1a: Cichol|Intimidate|boost
|-unboost|p2a: Chansey|atk|1
|move|p2a: Chansey|Soft-Boiled|p2a: Chansey
|-heal|p2a: Chansey|100/100
|
|-weather|Hail|[upkeep]
|-damage|p1a: Cichol|89/100|[from] Hail
|-damage|p2a: Chansey|94/100|[from] Hail
|upkeep
|turn|51
|inactive|Nalorium ⧳ has 120 seconds left.
|
|t:|1730659139
|switch|p2a: Donphan|Donphan, F, shiny|100/100
|-damage|p2a: Donphan|94/100|[from] Stealth Rock
|move|p1a: Cichol|U-turn|p2a: Donphan
|-crit|p2a: Donphan
|-damage|p2a: Donphan|63/100
|
|t:|1730659142
|switch|p1a: Viserion|Kyurem|100/100|[from] U-turn
|-ability|p1a: Viserion|Pressure
|
|-weather|Hail|[upkeep]
|-damage|p2a: Donphan|57/100|[from] Hail
|-heal|p2a: Donphan|63/100|[from] item: Leftovers
|upkeep
|turn|52
|
|t:|1730659148
|move|p2a: Donphan|Protect|p2a: Donphan
|-singleturn|p2a: Donphan|Protect
|move|p1a: Viserion|Blizzard|p2a: Donphan
|-activate|p2a: Donphan|move: Protect
|
|-weather|Hail|[upkeep]
|-damage|p2a: Donphan|57/100|[from] Hail
|-heal|p2a: Donphan|63/100|[from] item: Leftovers
|upkeep
|turn|53
|
|t:|1730659151
|switch|p1a: Valyria|Heatran, F|100/100
|switch|p2a: Heatran|Heatran, F, shiny|85/100
|-damage|p2a: Heatran|73/100|[from] Stealth Rock
|
|-weather|Hail|[upkeep]
|-damage|p1a: Valyria|94/100|[from] Hail
|-damage|p2a: Heatran|66/100|[from] Hail
|-heal|p1a: Valyria|100/100|[from] item: Leftovers
|-heal|p2a: Heatran|73/100|[from] item: Leftovers
|upkeep
|turn|54
|
|t:|1730659159
|switch|p2a: Chansey|Chansey, F, shiny|94/100
|-damage|p2a: Chansey|82/100|[from] Stealth Rock
|move|p1a: Valyria|Will-O-Wisp|p2a: Chansey
|-status|p2a: Chansey|brn
|
|-weather|Hail|[upkeep]
|-damage|p1a: Valyria|94/100|[from] Hail
|-damage|p2a: Chansey|76/100 brn|[from] Hail
|-heal|p1a: Valyria|100/100|[from] item: Leftovers
|-damage|p2a: Chansey|63/100 brn|[from] brn
|upkeep
|turn|55
|
|t:|1730659170
|switch|p1a: Cichol|Landorus-Therian, M|89/100
|-ability|p1a: Cichol|Intimidate|boost
|-unboost|p2a: Chansey|atk|1
|move|p2a: Chansey|Soft-Boiled|p2a: Chansey
|-heal|p2a: Chansey|100/100 brn
|
|-weather|Hail|[upkeep]
|-damage|p1a: Cichol|83/100|[from] Hail
|-damage|p2a: Chansey|94/100 brn|[from] Hail
|-damage|p2a: Chansey|82/100 brn|[from] brn
|upkeep
|turn|56
|
|t:|1730659175
|-curestatus|p2a: Chansey|brn|[from] ability: Natural Cure
|switch|p2a: Donphan|Donphan, F, shiny|63/100
|-damage|p2a: Donphan|57/100|[from] Stealth Rock
|move|p1a: Cichol|U-turn|p2a: Donphan
|-crit|p2a: Donphan
|-damage|p2a: Donphan|27/100
|
|t:|1730659181
|switch|p1a: Valyria|Heatran, F|100/100|[from] U-turn
|
|-weather|Hail|[upkeep]
|-damage|p1a: Valyria|94/100|[from] Hail
|-damage|p2a: Donphan|21/100|[from] Hail
|-heal|p1a: Valyria|100/100|[from] item: Leftovers
|-heal|p2a: Donphan|27/100|[from] item: Leftovers
|upkeep
|turn|57
|
|t:|1730659188
|move|p2a: Donphan|Protect|p2a: Donphan
|-singleturn|p2a: Donphan|Protect
|move|p1a: Valyria|Lava Plume|p2a: Donphan
|-activate|p2a: Donphan|move: Protect
|
|-weather|Hail|[upkeep]
|-damage|p1a: Valyria|94/100|[from] Hail
|-damage|p2a: Donphan|21/100|[from] Hail
|-heal|p1a: Valyria|100/100|[from] item: Leftovers
|-heal|p2a: Donphan|27/100|[from] item: Leftovers
|upkeep
|turn|58
|
|t:|1730659196
|switch|p2a: Heatran|Heatran, F, shiny|73/100
|-damage|p2a: Heatran|60/100|[from] Stealth Rock
|move|p1a: Valyria|Lava Plume|p2a: Heatran
|-start|p2a: Heatran|ability: Flash Fire
|
|-weather|Hail|[upkeep]
|-damage|p1a: Valyria|94/100|[from] Hail
|-damage|p2a: Heatran|54/100|[from] Hail
|-heal|p1a: Valyria|100/100|[from] item: Leftovers
|-heal|p2a: Heatran|60/100|[from] item: Leftovers
|upkeep
|turn|59
|
|t:|1730659199
|move|p1a: Valyria|Earth Power|p2a: Heatran
|-supereffective|p2a: Heatran
|-damage|p2a: Heatran|0 fnt
|faint|p2a: Heatran
|
|-weather|Hail|[upkeep]
|-damage|p1a: Valyria|94/100|[from] Hail
|-heal|p1a: Valyria|100/100|[from] item: Leftovers
|upkeep
|
|t:|1730659209
|switch|p2a: Chansey|Chansey, F, shiny|82/100
|-damage|p2a: Chansey|70/100|[from] Stealth Rock
|turn|60
|
|t:|1730659214
|move|p1a: Valyria|Will-O-Wisp|p2a: Chansey
|-status|p2a: Chansey|brn
|move|p2a: Chansey|Seismic Toss|p1a: Valyria
|-damage|p1a: Valyria|75/100
|
|-weather|Hail|[upkeep]
|-damage|p1a: Valyria|68/100|[from] Hail
|-damage|p2a: Chansey|63/100 brn|[from] Hail
|-heal|p1a: Valyria|75/100|[from] item: Leftovers
|-damage|p2a: Chansey|51/100 brn|[from] brn
|upkeep
|turn|61
|
|t:|1730659217
|switch|p1a: Cichol|Landorus-Therian, M|83/100
|-ability|p1a: Cichol|Intimidate|boost
|-unboost|p2a: Chansey|atk|1
|move|p2a: Chansey|Soft-Boiled|p2a: Chansey
|-heal|p2a: Chansey|100/100 brn
|
|-weather|Hail|[upkeep]
|-damage|p1a: Cichol|77/100|[from] Hail
|-damage|p2a: Chansey|94/100 brn|[from] Hail
|-damage|p2a: Chansey|82/100 brn|[from] brn
|upkeep
|turn|62
|
|t:|1730659221
|move|p1a: Cichol|U-turn|p2a: Chansey
|-crit|p2a: Chansey
|-damage|p2a: Chansey|48/100 brn
|
|t:|1730659223
|switch|p1a: Viserion|Kyurem|100/100|[from] U-turn
|-ability|p1a: Viserion|Pressure
|move|p2a: Chansey|Heal Bell|p2a: Chansey
|-activate|p2a: Chansey|move: Heal Bell
|-curestatus|p2a: Chansey|brn|[msg]
|
|-weather|Hail|[upkeep]
|-damage|p2a: Chansey|42/100|[from] Hail
|upkeep
|turn|63
|inactive|Testo junkie has 120 seconds left.
|inactive|Nalorium ⧳ has 120 seconds left.
|
|t:|1730659273
|switch|p2a: Cresselia|Cresselia, F, shiny|100/100
|-damage|p2a: Cresselia|88/100|[from] Stealth Rock
|move|p1a: Viserion|Focus Blast|p2a: Cresselia|[miss]
|-miss|p1a: Viserion|p2a: Cresselia
|
|-weather|Hail|[upkeep]
|-damage|p2a: Cresselia|82/100|[from] Hail
|-heal|p2a: Cresselia|88/100|[from] item: Leftovers
|upkeep
|turn|64
|
|t:|1730659279
|switch|p1a: Valyria|Heatran, F|75/100
|move|p2a: Cresselia|Thunder Wave|p1a: Valyria
|-status|p1a: Valyria|par
|
|-weather|Hail|[upkeep]
|-damage|p2a: Cresselia|82/100|[from] Hail
|-damage|p1a: Valyria|68/100 par|[from] Hail
|-heal|p2a: Cresselia|88/100|[from] item: Leftovers
|-heal|p1a: Valyria|75/100 par|[from] item: Leftovers
|upkeep
|turn|65
|
|t:|1730659287
|switch|p2a: Ninetales|Ninetales, F|100/100
|-damage|p2a: Ninetales|76/100|[from] Stealth Rock
|-weather|SunnyDay|[from] ability: Drought|[of] p2a: Ninetales
|switch|p1a: Viserion|Kyurem|100/100
|-ability|p1a: Viserion|Pressure
|
|-weather|SunnyDay|[upkeep]
|-heal|p2a: Ninetales|82/100|[from] item: Leftovers
|upkeep
|turn|66
|
|t:|1730659291
|move|p2a: Ninetales|Protect|p2a: Ninetales
|-singleturn|p2a: Ninetales|Protect
|move|p1a: Viserion|Draco Meteor|p2a: Ninetales
|-activate|p2a: Ninetales|move: Protect
|
|-weather|SunnyDay|[upkeep]
|-heal|p2a: Ninetales|88/100|[from] item: Leftovers
|upkeep
|turn|67
|inactive|Nalorium ⧳ has 120 seconds left.
|
|t:|1730659321
|switch|p2a: Donphan|Donphan, F, shiny|27/100
|-damage|p2a: Donphan|21/100|[from] Stealth Rock
|move|p1a: Viserion|Draco Meteor|p2a: Donphan
|-damage|p2a: Donphan|0 fnt
|-unboost|p1a: Viserion|spa|2
|faint|p2a: Donphan
|
|-weather|SunnyDay|[upkeep]
|upkeep
|
|t:|1730659323
|switch|p2a: Chansey|Chansey, F, shiny|42/100
|-damage|p2a: Chansey|29/100|[from] Stealth Rock
|turn|68
|
|t:|1730659329
|switch|p1a: Valyria|Heatran, F|75/100 par
|move|p2a: Chansey|Soft-Boiled|p2a: Chansey
|-heal|p2a: Chansey|79/100
|
|-weather|SunnyDay|[upkeep]
|-heal|p1a: Valyria|81/100 par|[from] item: Leftovers
|upkeep
|turn|69
|
|t:|1730659335
|move|p2a: Chansey|Stealth Rock|p1a: Valyria
|-sidestart|p1: Testo junkie|move: Stealth Rock
|cant|p1a: Valyria|par
|
|-weather|SunnyDay|[upkeep]
|-heal|p1a: Valyria|87/100 par|[from] item: Leftovers
|upkeep
|turn|70
|
|t:|1730659339
|move|p2a: Chansey|Seismic Toss|p1a: Valyria
|-damage|p1a: Valyria|61/100 par
|cant|p1a: Valyria|par
|
|-weather|SunnyDay|[upkeep]
|-heal|p1a: Valyria|67/100 par|[from] item: Leftovers
|upkeep
|turn|71
|
|t:|1730659341
|move|p2a: Chansey|Seismic Toss|p1a: Valyria
|-damage|p1a: Valyria|41/100 par
|move|p1a: Valyria|Will-O-Wisp|p2a: Chansey|[miss]
|-miss|p1a: Valyria|p2a: Chansey
|
|-weather|SunnyDay|[upkeep]
|-heal|p1a: Valyria|48/100 par|[from] item: Leftovers
|upkeep
|turn|72
|
|t:|1730659343
|switch|p1a: Perseide|Starmie|77/100
|-damage|p1a: Perseide|65/100|[from] Stealth Rock
|move|p2a: Chansey|Seismic Toss|p1a: Perseide
|-damage|p1a: Perseide|34/100
|
|-weather|SunnyDay|[upkeep]
|-heal|p1a: Perseide|40/100|[from] item: Leftovers
|upkeep
|turn|73
|
|t:|1730659348
|switch|p2a: Volcarona|Volcarona, F, shiny|100/100
|-damage|p2a: Volcarona|51/100|[from] Stealth Rock
|move|p1a: Perseide|Recover|p1a: Perseide
|-heal|p1a: Perseide|90/100
|
|-weather|SunnyDay|[upkeep]
|-heal|p1a: Perseide|96/100|[from] item: Leftovers
|-heal|p2a: Volcarona|57/100|[from] item: Leftovers
|upkeep
|turn|74
|
|t:|1730659358
|move|p1a: Perseide|Thunder Wave|p2a: Volcarona
|-status|p2a: Volcarona|par
|move|p2a: Volcarona|Bug Buzz|p1a: Perseide
|-supereffective|p1a: Perseide
|-crit|p1a: Perseide
|-damage|p1a: Perseide|0 fnt
|faint|p1a: Perseide
|
|-weather|SunnyDay|[upkeep]
|-heal|p2a: Volcarona|63/100 par|[from] item: Leftovers
|upkeep
|inactive|Testo junkie has 120 seconds left.
|c|☆Testo junkie|dreamless sleep
|
|t:|1730659401
|switch|p1a: Viserion|Kyurem|100/100
|-damage|p1a: Viserion|76/100|[from] Stealth Rock
|-ability|p1a: Viserion|Pressure
|turn|75
|
|t:|1730659421
|switch|p2a: Chansey|Chansey, F, shiny|79/100
|-damage|p2a: Chansey|67/100|[from] Stealth Rock
|move|p1a: Viserion|Draco Meteor|p2a: Chansey
|-damage|p2a: Chansey|36/100
|-unboost|p1a: Viserion|spa|2
|
|-weather|SunnyDay|[upkeep]
|upkeep
|turn|76
|
|t:|1730659424
|switch|p1a: Fimbulvetr|Abomasnow, M|100/100
|-damage|p1a: Fimbulvetr|75/100|[from] Stealth Rock
|-weather|Hail|[from] ability: Snow Warning|[of] p1a: Fimbulvetr
|move|p2a: Chansey|Soft-Boiled|p2a: Chansey
|-heal|p2a: Chansey|86/100
|
|-weather|Hail|[upkeep]
|-damage|p2a: Chansey|80/100|[from] Hail
|-heal|p1a: Fimbulvetr|82/100|[from] item: Leftovers
|upkeep
|turn|77
|
|t:|1730659429
|switch|p2a: Ninetales|Ninetales, F|88/100
|-damage|p2a: Ninetales|63/100|[from] Stealth Rock
|-weather|SunnyDay|[from] ability: Drought|[of] p2a: Ninetales
|move|p1a: Fimbulvetr|Leech Seed|p2a: Ninetales
|-start|p2a: Ninetales|move: Leech Seed
|
|-weather|SunnyDay|[upkeep]
|-heal|p2a: Ninetales|69/100|[from] item: Leftovers
|-heal|p1a: Fimbulvetr|88/100|[from] item: Leftovers
|-damage|p2a: Ninetales|57/100|[from] Leech Seed|[of] p1a: Fimbulvetr
|-heal|p1a: Fimbulvetr|99/100|[silent]
|upkeep
|turn|78
|
|t:|1730659435
|switch|p2a: Chansey|Chansey, F, shiny|80/100
|-damage|p2a: Chansey|67/100|[from] Stealth Rock
|switch|p1a: Valyria|Heatran, F|48/100 par
|-damage|p1a: Valyria|35/100 par|[from] Stealth Rock
|
|-weather|SunnyDay|[upkeep]
|-heal|p1a: Valyria|41/100 par|[from] item: Leftovers
|upkeep
|turn|79
|
|t:|1730659438
|switch|p1a: Fimbulvetr|Abomasnow, M|99/100
|-damage|p1a: Fimbulvetr|74/100|[from] Stealth Rock
|-weather|Hail|[from] ability: Snow Warning|[of] p1a: Fimbulvetr
|move|p2a: Chansey|Seismic Toss|p1a: Fimbulvetr
|-damage|p1a: Fimbulvetr|47/100
|
|-weather|Hail|[upkeep]
|-damage|p2a: Chansey|61/100|[from] Hail
|-heal|p1a: Fimbulvetr|53/100|[from] item: Leftovers
|upkeep
|turn|80
|
|t:|1730659440
|move|p1a: Fimbulvetr|Leech Seed|p2a: Chansey
|-start|p2a: Chansey|move: Leech Seed
|move|p2a: Chansey|Heal Bell|p2a: Chansey
|-activate|p2a: Chansey|move: Heal Bell
|-curestatus|p2: Volcarona|par|[msg]
|
|-weather|Hail|[upkeep]
|-damage|p2a: Chansey|55/100|[from] Hail
|-heal|p1a: Fimbulvetr|59/100|[from] item: Leftovers
|-damage|p2a: Chansey|43/100|[from] Leech Seed|[of] p1a: Fimbulvetr
|-heal|p1a: Fimbulvetr|83/100|[silent]
|upkeep
|turn|81
|
|t:|1730659445
|switch|p2a: Ninetales|Ninetales, F|57/100
|-damage|p2a: Ninetales|32/100|[from] Stealth Rock
|-weather|SunnyDay|[from] ability: Drought|[of] p2a: Ninetales
|move|p1a: Fimbulvetr|Wood Hammer|p2a: Ninetales
|-resisted|p2a: Ninetales
|-crit|p2a: Ninetales
|-damage|p2a: Ninetales|0 fnt
|faint|p2a: Ninetales
|-damage|p1a: Fimbulvetr|73/100|[from] Recoil
|
|-weather|SunnyDay|[upkeep]
|-heal|p1a: Fimbulvetr|79/100|[from] item: Leftovers
|upkeep
|
|t:|1730659450
|switch|p2a: Volcarona|Volcarona, F, shiny|63/100
|-damage|p2a: Volcarona|13/100|[from] Stealth Rock
|turn|82
|inactive|Testo junkie has 120 seconds left.
|
|t:|1730659507
|switch|p1a: Cichol|Landorus-Therian, M|77/100
|-damage|p1a: Cichol|64/100|[from] Stealth Rock
|-ability|p1a: Cichol|Intimidate|boost
|-unboost|p2a: Volcarona|atk|1
|move|p2a: Volcarona|Roost|p2a: Volcarona
|-heal|p2a: Volcarona|63/100
|-singleturn|p2a: Volcarona|move: Roost
|
|-weather|SunnyDay|[upkeep]
|-heal|p2a: Volcarona|70/100|[from] item: Leftovers
|upkeep
|turn|83
|inactive|Nalorium ⧳ has 120 seconds left.
|
|t:|1730659540
|switch|p2a: Cresselia|Cresselia, F, shiny|88/100
|-damage|p2a: Cresselia|76/100|[from] Stealth Rock
|move|p1a: Cichol|Earthquake|p2a: Cresselia
|-immune|p2a: Cresselia|[from] ability: Levitate
|
|-weather|SunnyDay|[upkeep]
|-heal|p2a: Cresselia|82/100|[from] item: Leftovers
|upkeep
|turn|84
|
|t:|1730659555
|switch|p1a: Valyria|Heatran, F|41/100 par
|-damage|p1a: Valyria|29/100 par|[from] Stealth Rock
|switch|p2a: Chansey|Chansey, F, shiny|43/100
|-damage|p2a: Chansey|30/100|[from] Stealth Rock
|
|-weather|SunnyDay|[upkeep]
|-heal|p1a: Valyria|35/100 par|[from] item: Leftovers
|upkeep
|turn|85
|
|t:|1730659559
|switch|p1a: Fimbulvetr|Abomasnow, M|79/100
|-damage|p1a: Fimbulvetr|54/100|[from] Stealth Rock
|-weather|Hail|[from] ability: Snow Warning|[of] p1a: Fimbulvetr
|move|p2a: Chansey|Seismic Toss|p1a: Fimbulvetr
|-damage|p1a: Fimbulvetr|27/100
|
|-weather|Hail|[upkeep]
|-damage|p2a: Chansey|24/100|[from] Hail
|-heal|p1a: Fimbulvetr|33/100|[from] item: Leftovers
|upkeep
|turn|86
|inactive|Nalorium ⧳ has 120 seconds left.
|
|t:|1730659568
|move|p1a: Fimbulvetr|Leech Seed|p2a: Chansey
|-start|p2a: Chansey|move: Leech Seed
|move|p2a: Chansey|Soft-Boiled|p2a: Chansey
|-heal|p2a: Chansey|74/100
|
|-weather|Hail|[upkeep]
|-damage|p2a: Chansey|68/100|[from] Hail
|-heal|p1a: Fimbulvetr|39/100|[from] item: Leftovers
|-damage|p2a: Chansey|56/100|[from] Leech Seed|[of] p1a: Fimbulvetr
|-heal|p1a: Fimbulvetr|63/100|[silent]
|upkeep
|turn|87
|j| HungryJef
|
|t:|1730659573
|move|p1a: Fimbulvetr|Leech Seed||[still]
|-fail|p1a: Fimbulvetr
|move|p2a: Chansey|Soft-Boiled|p2a: Chansey
|-heal|p2a: Chansey|100/100
|
|-weather|Hail|[upkeep]
|-damage|p2a: Chansey|94/100|[from] Hail
|-heal|p1a: Fimbulvetr|69/100|[from] item: Leftovers
|-damage|p2a: Chansey|82/100|[from] Leech Seed|[of] p1a: Fimbulvetr
|-heal|p1a: Fimbulvetr|93/100|[silent]
|upkeep
|turn|88
|
|t:|1730659576
|switch|p2a: Cresselia|Cresselia, F, shiny|82/100
|-damage|p2a: Cresselia|69/100|[from] Stealth Rock
|move|p1a: Fimbulvetr|Leech Seed|p2a: Cresselia
|-start|p2a: Cresselia|move: Leech Seed
|
|-weather|Hail|[upkeep]
|-damage|p2a: Cresselia|63/100|[from] Hail
|-heal|p2a: Cresselia|69/100|[from] item: Leftovers
|-heal|p1a: Fimbulvetr|99/100|[from] item: Leftovers
|-damage|p2a: Cresselia|57/100|[from] Leech Seed|[of] p1a: Fimbulvetr
|-heal|p1a: Fimbulvetr|100/100|[silent]
|upkeep
|turn|89
|
|t:|1730659582
|switch|p1a: Valyria|Heatran, F|35/100 par
|-damage|p1a: Valyria|23/100 par|[from] Stealth Rock
|move|p2a: Cresselia|Thunder Wave|p1a: Valyria
|-fail|p1a: Valyria|par
|
|-weather|Hail|[upkeep]
|-damage|p2a: Cresselia|51/100|[from] Hail
|-damage|p1a: Valyria|16/100 par|[from] Hail
|-heal|p2a: Cresselia|57/100|[from] item: Leftovers
|-heal|p1a: Valyria|23/100 par|[from] item: Leftovers
|-damage|p2a: Cresselia|45/100|[from] Leech Seed|[of] p1a: Valyria
|-heal|p1a: Valyria|37/100 par|[silent]
|upkeep
|turn|90
|
|t:|1730659587
|move|p2a: Cresselia|Thunder Wave|p1a: Valyria
|-fail|p1a: Valyria|par
|cant|p1a: Valyria|par
|
|-weather|Hail|[upkeep]
|-damage|p2a: Cresselia|38/100|[from] Hail
|-damage|p1a: Valyria|31/100 par|[from] Hail
|-heal|p2a: Cresselia|45/100|[from] item: Leftovers
|-heal|p1a: Valyria|37/100 par|[from] item: Leftovers
|-damage|p2a: Cresselia|32/100|[from] Leech Seed|[of] p1a: Valyria
|-heal|p1a: Valyria|51/100 par|[silent]
|upkeep
|turn|91
|
|t:|1730659592
|move|p2a: Cresselia|Thunder Wave|p1a: Valyria
|-fail|p1a: Valyria|par
|move|p1a: Valyria|Lava Plume|p2a: Cresselia
|-crit|p2a: Cresselia
|-damage|p2a: Cresselia|0 fnt
|faint|p2a: Cresselia
|
|-weather|Hail|[upkeep]
|-damage|p1a: Valyria|45/100 par|[from] Hail
|-heal|p1a: Valyria|51/100 par|[from] item: Leftovers
|upkeep
|
|t:|1730659595
|switch|p2a: Volcarona|Volcarona, F, shiny|70/100
|-damage|p2a: Volcarona|20/100|[from] Stealth Rock
|turn|92
|l| HungryJef
|
|t:|1730659598
|switch|p1a: Cichol|Landorus-Therian, M|64/100
|-damage|p1a: Cichol|52/100|[from] Stealth Rock
|-ability|p1a: Cichol|Intimidate|boost
|-unboost|p2a: Volcarona|atk|1
|move|p2a: Volcarona|Roost|p2a: Volcarona
|-heal|p2a: Volcarona|70/100
|-singleturn|p2a: Volcarona|move: Roost
|
|-weather|Hail|[upkeep]
|-damage|p1a: Cichol|46/100|[from] Hail
|-damage|p2a: Volcarona|64/100|[from] Hail
|-heal|p2a: Volcarona|70/100|[from] item: Leftovers
|upkeep
|turn|93
|
|t:|1730659601
|move|p1a: Cichol|Earthquake|p2a: Volcarona
|-crit|p2a: Volcarona
|-damage|p2a: Volcarona|0 fnt
|faint|p2a: Volcarona
|
|-weather|Hail|[upkeep]
|-damage|p1a: Cichol|40/100|[from] Hail
|upkeep
|
|t:|1730659604
|switch|p2a: Chansey|Chansey, F, shiny|82/100
|-damage|p2a: Chansey|70/100|[from] Stealth Rock
|turn|94
|
|t:|1730659608
|move|p1a: Cichol|Earthquake|p2a: Chansey
|-damage|p2a: Chansey|36/100
|move|p2a: Chansey|Seismic Toss|p1a: Cichol
|-damage|p1a: Cichol|9/100
|
|-weather|Hail|[upkeep]
|-damage|p1a: Cichol|3/100|[from] Hail
|-damage|p2a: Chansey|29/100|[from] Hail
|upkeep
|turn|95
|
|t:|1730659611
|move|p1a: Cichol|Earthquake|p2a: Chansey
|-crit|p2a: Chansey
|-damage|p2a: Chansey|0 fnt
|faint|p2a: Chansey
|
|win|Testo junkie
|raw|Testo junkie's rating: 1625 &rarr; <strong>1650</strong><br />(+25 for winning)
|raw|Nalorium ⧳'s rating: 1715 &rarr; <strong>1690</strong><br />(-25 for losing)
