|j|☆Wally
|j|☆alenpa
|player|p1|Wally|25
|player|p2|alenpa|262
|teamsize|p1|6
|teamsize|p2|6
|gametype|singles
|gen|5
|tier|[Gen 5] OU
|rated|
|rule|Sleep Clause Mod: Limit one foe put to sleep
|rule|Species Clause: Limit one of each Pokémon
|rule|OHKO Clause: OHKO moves are banned
|rule|Moody Clause: Moody is banned
|rule|Evasion Moves Clause: Evasion moves are banned
|rule|Endless Battle Clause: Forcing endless battles is banned
|rule|HP Percentage Mod: HP is shown in percentages
|rule|Evasion Abilities Clause: Evasion abilities are banned
|rule|Baton Pass Clause: Limit one Baton Passer, can't pass Spe and other stats simultaneously
|rule|Swagger Clause: Swagger is banned
|clearpoke
|poke|p1|Scizor, M|item
|poke|p1|Jirachi|item
|poke|p1|Landorus-Therian, M|item
|poke|p1|Latios, M|item
|poke|p1|Starmie|item
|poke|p1|Breloom, F|item
|poke|p2|Magnezone|item
|poke|p2|Dragonite, M|item
|poke|p2|Starmie|item
|poke|p2|Amoonguss, M|item
|poke|p2|Tyranitar, M|item
|poke|p2|Landorus-Therian, M|item
|teampreview
|c|☆Wally|llion
|j| Lionyx
|
|start
|switch|p1a: Breloom|Breloom, F|100/100
|switch|p2a: Landorus|Landorus-Therian, M|100/100
|-ability|p2a: Landorus|Intimidate|boost
|-unboost|p1a: Breloom|atk|1
|turn|1
|c| Lionyx|omg its WALLY BULLY the famous youtuber???????
|c|☆alenpa|?
|c|☆Wally|hi are you a subscriber?
|c| Lionyx|YES!!!
|c| Lionyx|i saw your last video i'm a big fan omg
|c|☆Wally|nice to meet you dude :)
|j| TPhi
|c| Lionyx|:D ur the best
|c|☆alenpa|wow
|c| Lionyx|i rly liked when u killed NINJA during ur last fortnite live
|
|move|p2a: Landorus|U-turn|p1a: Breloom
|-damage|p1a: Breloom|60/100
|c|☆Wally|haha dude I really appreciate it
|c|☆Wally|hit me up with that like button then
|c|☆Wally|:]
|c| Lionyx|are you recording?
|j| Kabil'CduF4N
|c|☆Wally|nah ima record in a few hours
|c|☆Wally|just chillin'
|
|switch|p2a: Amoonguss|Amoonguss, M|100/100
|move|p1a: Breloom|Spore|p2a: Amoonguss
|-status|p2a: Amoonguss|slp
|
|upkeep
|turn|2
|
|switch|p1a: Landorus|Landorus-Therian, M|100/100
|-ability|p1a: Landorus|Intimidate|boost
|-unboost|p2a: Amoonguss|atk|1
|cant|p2a: Amoonguss|slp
|
|upkeep
|turn|3
|
|move|p1a: Landorus|Stealth Rock|p2a: Amoonguss
|-sidestart|p2: alenpa|move: Stealth Rock
|cant|p2a: Amoonguss|slp
|
|upkeep
|turn|4
|
|move|p1a: Landorus|U-turn|p2a: Amoonguss
|-damage|p2a: Amoonguss|85/100 slp
|
|switch|p1a: Latios|Latios, M|100/100
|cant|p2a: Amoonguss|slp
|
|-heal|p2a: Amoonguss|91/100 slp|[from] item: Black Sludge
|upkeep
|turn|5
|
|switch|p2a: Starmie|Starmie|100/100
|-damage|p2a: Starmie|88/100|[from] Stealth Rock
|move|p1a: Latios|Surf|p2a: Starmie
|-resisted|p2a: Starmie
|-damage|p2a: Starmie|60/100
|-damage|p1a: Latios|91/100|[from] item: Life Orb
|
|-heal|p2a: Starmie|66/100|[from] item: Leftovers
|upkeep
|turn|6
|
|move|p2a: Starmie|Rapid Spin|p1a: Latios
|-damage|p1a: Latios|86/100
|-sideend|p2: alenpa|Stealth Rock|[from] move: Rapid Spin|[of] p2a: Starmie
|move|p1a: Latios|Draco Meteor|p2a: Starmie
|-damage|p2a: Starmie|0 fnt
|-unboost|p1a: Latios|spa|2
|-damage|p1a: Latios|76/100|[from] item: Life Orb
|faint|p2a: Starmie
|
|upkeep
|
|switch|p2a: Tyranitar|Tyranitar, M|100/100
|-weather|Sandstorm|[from] ability: Sand Stream|[of] p2a: Tyranitar
|turn|7
|
|-activate|p1a: Latios|move: Pursuit
|move|p2a: Tyranitar|Pursuit|p1a: Latios|[from]Pursuit
|-supereffective|p1a: Latios
|-damage|p1a: Latios|0 fnt
|faint|p1a: Latios
|
|-weather|Sandstorm|[upkeep]
|upkeep
|
|switch|p1a: Landorus|Landorus-Therian, M|100/100
|-ability|p1a: Landorus|Intimidate|boost
|-unboost|p2a: Tyranitar|atk|1
|turn|8
|
|switch|p2a: Amoonguss|Amoonguss, M|100/100 slp
|move|p1a: Landorus|Stealth Rock|p2a: Amoonguss
|-sidestart|p2: alenpa|move: Stealth Rock
|
|-weather|Sandstorm|[upkeep]
|-damage|p2a: Amoonguss|94/100 slp|[from] Sandstorm
|-heal|p2a: Amoonguss|100/100 slp|[from] item: Black Sludge
|upkeep
|turn|9
|
|move|p1a: Landorus|Earthquake|p2a: Amoonguss
|-damage|p2a: Amoonguss|66/100 slp
|cant|p2a: Amoonguss|slp
|
|-weather|Sandstorm|[upkeep]
|-damage|p2a: Amoonguss|60/100 slp|[from] Sandstorm
|-heal|p2a: Amoonguss|66/100 slp|[from] item: Black Sludge
|upkeep
|turn|10
|
|switch|p2a: Landorus|Landorus-Therian, M|100/100
|-damage|p2a: Landorus|88/100|[from] Stealth Rock
|-ability|p2a: Landorus|Intimidate|boost
|-unboost|p1a: Landorus|atk|1
|move|p1a: Landorus|Earthquake|p2a: Landorus
|-immune|p2a: Landorus|[msg]
|
|-weather|Sandstorm|[upkeep]
|upkeep
|turn|11
|
|move|p2a: Landorus|Toxic|p1a: Landorus
|-status|p1a: Landorus|tox
|move|p1a: Landorus|Hidden Power|p2a: Landorus
|-supereffective|p2a: Landorus
|-damage|p2a: Landorus|3/100
|
|-weather|Sandstorm|[upkeep]
|-damage|p1a: Landorus|94/100 tox|[from] psn
|upkeep
|turn|12
|
|move|p2a: Landorus|Toxic|p1a: Landorus
|-fail|p1a: Landorus|tox
|move|p1a: Landorus|U-turn|p2a: Landorus
|-resisted|p2a: Landorus
|-damage|p2a: Landorus|0 fnt
|faint|p2a: Landorus
|
|switch|p1a: Scizor|Scizor, M|100/100
|
|-weather|Sandstorm|[upkeep]
|upkeep
|j| lui20
|
|switch|p2a: Magnezone|Magnezone|100/100
|-damage|p2a: Magnezone|94/100|[from] Stealth Rock
|turn|13
|
|move|p2a: Magnezone|Hidden Power|p1a: Scizor
|-supereffective|p1a: Scizor
|-damage|p1a: Scizor|0 fnt
|faint|p1a: Scizor
|
|-weather|Sandstorm|[upkeep]
|-heal|p2a: Magnezone|100/100|[from] item: Leftovers
|upkeep
|
|switch|p1a: Breloom|Breloom, F|60/100
|turn|14
|
|move|p1a: Breloom|Mach Punch|p2a: Magnezone
|-enditem|p1a: Breloom|Fighting Gem|[from] gem|[move] Mach Punch
|-supereffective|p2a: Magnezone
|-damage|p2a: Magnezone|0 fnt
|faint|p2a: Magnezone
|
|-weather|Sandstorm|[upkeep]
|-damage|p1a: Breloom|53/100|[from] Sandstorm
|upkeep
|
|switch|p2a: Dragonite|Dragonite, M|100/100
|-damage|p2a: Dragonite|76/100|[from] Stealth Rock
|turn|15
|
|-singleturn|p1a: Breloom|move: Focus Punch
|move|p2a: Dragonite|Substitute|p2a: Dragonite
|-start|p2a: Dragonite|Substitute
|-damage|p2a: Dragonite|51/100
|move|p1a: Breloom|Focus Punch|p2a: Dragonite
|-resisted|p2a: Dragonite
|-end|p2a: Dragonite|Substitute
|
|-weather|Sandstorm|[upkeep]
|-damage|p2a: Dragonite|45/100|[from] Sandstorm
|-damage|p1a: Breloom|47/100|[from] Sandstorm
|-heal|p2a: Dragonite|51/100|[from] item: Leftovers
|upkeep
|turn|16
|
|switch|p1a: Landorus|Landorus-Therian, M|94/100 tox
|-ability|p1a: Landorus|Intimidate|boost
|-unboost|p2a: Dragonite|atk|1
|move|p2a: Dragonite|Dragon Claw|p1a: Landorus
|-damage|p1a: Landorus|77/100 tox
|
|-weather|Sandstorm|[upkeep]
|-damage|p2a: Dragonite|45/100|[from] Sandstorm
|-heal|p2a: Dragonite|51/100|[from] item: Leftovers
|-heal|p1a: Landorus|83/100 tox|[from] item: Leftovers
|-damage|p1a: Landorus|77/100 tox|[from] psn
|upkeep
|turn|17
|
|move|p1a: Landorus|Hidden Power|p2a: Dragonite
|-supereffective|p2a: Dragonite
|-damage|p2a: Dragonite|0 fnt
|faint|p2a: Dragonite
|
|-weather|Sandstorm|[upkeep]
|-heal|p1a: Landorus|83/100 tox|[from] item: Leftovers
|-damage|p1a: Landorus|71/100 tox|[from] psn
|upkeep
|
|switch|p2a: Amoonguss|Amoonguss, M|99/100 slp
|-damage|p2a: Amoonguss|87/100 slp|[from] Stealth Rock
|turn|18
|
|move|p1a: Landorus|U-turn|p2a: Amoonguss
|-damage|p2a: Amoonguss|70/100 slp
|
|switch|p1a: Starmie|Starmie|100/100
|cant|p2a: Amoonguss|slp
|
|-weather|Sandstorm|[upkeep]
|-damage|p1a: Starmie|94/100|[from] Sandstorm
|-damage|p2a: Amoonguss|64/100 slp|[from] Sandstorm
|-heal|p2a: Amoonguss|70/100 slp|[from] item: Black Sludge
|upkeep
|turn|19
|c|☆alenpa|gg
|c|☆Wally|gg wp
|
|move|p1a: Starmie|Hydro Pump|p2a: Amoonguss
|-resisted|p2a: Amoonguss
|-damage|p2a: Amoonguss|37/100 slp
|-damage|p1a: Starmie|84/100|[from] item: Life Orb
|cant|p2a: Amoonguss|slp
|
|-weather|Sandstorm|[upkeep]
|-damage|p1a: Starmie|78/100|[from] Sandstorm
|-damage|p2a: Amoonguss|31/100 slp|[from] Sandstorm
|-heal|p2a: Amoonguss|37/100 slp|[from] item: Black Sludge
|upkeep
|turn|20
|
|move|p1a: Starmie|Ice Beam|p2a: Amoonguss
|-supereffective|p2a: Amoonguss
|-damage|p2a: Amoonguss|0 fnt
|-damage|p1a: Starmie|68/100|[from] item: Life Orb
|faint|p2a: Amoonguss
|
|-weather|Sandstorm|[upkeep]
|-damage|p1a: Starmie|62/100|[from] Sandstorm
|upkeep
|
|switch|p2a: Tyranitar|Tyranitar, M|100/100
|-damage|p2a: Tyranitar|88/100|[from] Stealth Rock
|turn|21
|
|move|p1a: Starmie|Hydro Pump|p2a: Tyranitar|[miss]
|-miss|p1a: Starmie|p2a: Tyranitar
|move|p2a: Tyranitar|Crunch|p1a: Starmie
|-supereffective|p1a: Starmie
|-damage|p1a: Starmie|0 fnt
|faint|p1a: Starmie
|
|-weather|Sandstorm|[upkeep]
|upkeep
|
|switch|p1a: Jirachi|Jirachi|100/100
|turn|22
|c| Lionyx|hohohotaga
|
|move|p1a: Jirachi|Iron Head|p2a: Tyranitar
|-supereffective|p2a: Tyranitar
|-damage|p2a: Tyranitar|34/100
|cant|p2a: Tyranitar|flinch
|
|-weather|Sandstorm|[upkeep]
|upkeep
|turn|23
|c|☆Wally|cya Lionyx
|c| Lionyx|cya bro
|
|move|p1a: Jirachi|Iron Head|p2a: Tyranitar
|-supereffective|p2a: Tyranitar
|-damage|p2a: Tyranitar|0 fnt
|faint|p2a: Tyranitar
|
|win|Wally
|raw|Wally's rating: 1332 &rarr; <strong>1355</strong><br />(+23 for winning)
|raw|alenpa's rating: 1382 &rarr; <strong>1359</strong><br />(-23 for losing)
|l|☆Wally
