|j|☆WeR#4Hay!
|j|☆Lsc29
|t:|1708221476
|gametype|singles
|player|p1|WeR#4Hay!|101|1582
|player|p2|Lsc29|brock|1536
|teamsize|p1|6
|teamsize|p2|6
|gen|5
|tier|[Gen 5] OU
|rated|
|rule|Species Clause: Limit one of each Pokémon
|rule|OHKO Clause: OHKO moves are banned
|rule|Moody Clause: Moody is banned
|rule|Evasion Items Clause: Evasion items are banned
|rule|Evasion Moves Clause: Evasion moves are banned
|rule|Endless Battle Clause: Forcing endless battles is banned
|rule|HP Percentage Mod: HP is shown in percentages
|rule|Evasion Abilities Clause: Evasion abilities are banned
|rule|Sleep Moves Clause: Sleep-inducing moves are banned
|rule|Swagger Clause: Swagger is banned
|rule|Baton Pass Stat Clause: No Baton Passer may have a way to boost its stats
|clearpoke
|poke|p1|Tyranitar, M|item
|poke|p1|Alakazam, F|item
|poke|p1|Latios, M|item
|poke|p1|Ferrothorn, M|item
|poke|p1|Landorus-Therian, M|item
|poke|p1|Rotom-Wash|item
|poke|p2|Garchomp, M|item
|poke|p2|Terrakion|item
|poke|p2|Starmie|item
|poke|p2|Dragonite, M|item
|poke|p2|Scizor, M|item
|poke|p2|Breloom, F|item
|teampreview
|
|t:|1708221502
|start
|switch|p1a: Helga|Landorus-Therian, M|100/100
|switch|p2a: Terrakion|Terrakion|100/100
|-ability|p1a: Helga|Intimidate|boost
|-unboost|p2a: Terrakion|atk|1
|turn|1
|
|t:|1708221506
|move|p2a: Terrakion|Stealth Rock|p1a: Helga
|-sidestart|p1: WeR#4Hay!|move: Stealth Rock
|move|p1a: Helga|Earthquake|p2a: Terrakion
|-supereffective|p2a: Terrakion
|-enditem|p2a: Terrakion|Focus Sash
|-damage|p2a: Terrakion|1/100
|
|upkeep
|turn|2
|
|t:|1708221521
|move|p2a: Terrakion|Stone Edge|p1a: Helga|[miss]
|-miss|p2a: Terrakion|p1a: Helga
|move|p1a: Helga|Hidden Power|p2a: Terrakion
|-crit|p2a: Terrakion
|-damage|p2a: Terrakion|0 fnt
|faint|p2a: Terrakion
|
|upkeep
|
|t:|1708221534
|switch|p2a: Starmie|Starmie|100/100
|-item|p2a: Starmie|Air Balloon
|turn|3
|inactive|Battle timer is ON: inactive players will automatically lose when time's up. (requested by Lsc29)
|
|t:|1708221574
|switch|p2a: Breloom|Breloom, F|100/100
|switch|p1a: Paul Giamatti|Ferrothorn, M|100/100
|-damage|p1a: Paul Giamatti|94/100|[from] Stealth Rock
|
|-heal|p1a: Paul Giamatti|100/100|[from] item: Leftovers
|upkeep
|turn|4
|
|t:|1708221578
|switch|p1a: Helga|Landorus-Therian, M|100/100
|-damage|p1a: Helga|88/100|[from] Stealth Rock
|-ability|p1a: Helga|Intimidate|boost
|-unboost|p2a: Breloom|atk|1
|move|p2a: Breloom|Low Sweep|p1a: Helga
|-resisted|p1a: Helga
|-damage|p1a: Helga|66/100
|-unboost|p1a: Helga|spe|1
|-damage|p2a: Breloom|91/100|[from] item: Life Orb
|
|-heal|p1a: Helga|72/100|[from] item: Leftovers
|upkeep
|turn|5
|
|t:|1708221590
|move|p2a: Breloom|Swords Dance|p2a: Breloom
|-boost|p2a: Breloom|atk|2
|move|p1a: Helga|U-turn|p2a: Breloom
|-damage|p2a: Breloom|56/100
|
|t:|1708221593
|switch|p1a: Paul Giamatti|Ferrothorn, M|100/100|[from] U-turn
|-damage|p1a: Paul Giamatti|94/100|[from] Stealth Rock
|
|-heal|p1a: Paul Giamatti|100/100|[from] item: Leftovers
|upkeep
|turn|6
|
|t:|1708221596
|switch|p1a: Helga|Landorus-Therian, M|72/100
|-damage|p1a: Helga|60/100|[from] Stealth Rock
|-ability|p1a: Helga|Intimidate|boost
|-unboost|p2a: Breloom|atk|1
|move|p2a: Breloom|Low Sweep|p1a: Helga
|-resisted|p1a: Helga
|-damage|p1a: Helga|27/100
|-unboost|p1a: Helga|spe|1
|-damage|p2a: Breloom|46/100|[from] item: Life Orb
|
|-heal|p1a: Helga|33/100|[from] item: Leftovers
|upkeep
|turn|7
|
|t:|1708221614
|switch|p1a: Terrence Fletcher|Latios, M|100/100
|-damage|p1a: Terrence Fletcher|88/100|[from] Stealth Rock
|move|p2a: Breloom|Bullet Seed|p1a: Terrence Fletcher
|-resisted|p1a: Terrence Fletcher
|-damage|p1a: Terrence Fletcher|70/100
|-resisted|p1a: Terrence Fletcher
|-damage|p1a: Terrence Fletcher|51/100
|-resisted|p1a: Terrence Fletcher
|-damage|p1a: Terrence Fletcher|34/100
|-hitcount|p1a: Terrence Fletcher|3
|-damage|p2a: Breloom|36/100|[from] item: Life Orb
|
|upkeep
|turn|8
|
|t:|1708221617
|move|p2a: Breloom|Mach Punch|p1a: Terrence Fletcher
|-resisted|p1a: Terrence Fletcher
|-damage|p1a: Terrence Fletcher|0 fnt
|faint|p1a: Terrence Fletcher
|-damage|p2a: Breloom|26/100|[from] item: Life Orb
|
|upkeep
|
|t:|1708221621
|switch|p1a: Helga|Landorus-Therian, M|33/100
|-damage|p1a: Helga|20/100|[from] Stealth Rock
|-ability|p1a: Helga|Intimidate|boost
|-unboost|p2a: Breloom|atk|1
|turn|9
|
|t:|1708221642
|move|p1a: Helga|Protect|p1a: Helga
|-singleturn|p1a: Helga|Protect
|move|p2a: Breloom|Low Sweep|p1a: Helga
|-activate|p1a: Helga|move: Protect
|
|-heal|p1a: Helga|26/100|[from] item: Leftovers
|upkeep
|turn|10
|
|t:|1708221648
|move|p2a: Breloom|Mach Punch|p1a: Helga
|-resisted|p1a: Helga
|-damage|p1a: Helga|11/100
|-damage|p2a: Breloom|16/100|[from] item: Life Orb
|move|p1a: Helga|Hidden Power|p2a: Breloom
|-supereffective|p2a: Breloom
|-crit|p2a: Breloom
|-damage|p2a: Breloom|0 fnt
|faint|p2a: Breloom
|
|-heal|p1a: Helga|17/100|[from] item: Leftovers
|upkeep
|inactive|Lsc29 has 120 seconds left.
|
|t:|1708221680
|switch|p2a: Dragonite|Dragonite, M|100/100
|turn|11
|j| im noob dont worry
|
|t:|1708221703
|switch|p1a: Phillip Wittebane|Tyranitar, M|100/100
|-damage|p1a: Phillip Wittebane|88/100|[from] Stealth Rock
|-weather|Sandstorm|[from] ability: Sand Stream|[of] p1a: Phillip Wittebane
|move|p2a: Dragonite|Extreme Speed|p1a: Phillip Wittebane
|-resisted|p1a: Phillip Wittebane
|-damage|p1a: Phillip Wittebane|76/100
|
|-weather|Sandstorm|[upkeep]
|-damage|p2a: Dragonite|94/100|[from] Sandstorm
|upkeep
|turn|12
|inactive|Lsc29 has 120 seconds left.
|
|t:|1708221730
|switch|p2a: Garchomp|Garchomp, M|100/100
|move|p1a: Phillip Wittebane|Rock Slide|p2a: Garchomp
|-resisted|p2a: Garchomp
|-damage|p2a: Garchomp|83/100
|
|-weather|Sandstorm|[upkeep]
|upkeep
|turn|13
|
|t:|1708221753
|switch|p1a: Helga|Landorus-Therian, M|17/100
|-damage|p1a: Helga|4/100|[from] Stealth Rock
|-ability|p1a: Helga|Intimidate|boost
|-unboost|p2a: Garchomp|atk|1
|move|p2a: Garchomp|Fire Fang|p1a: Helga
|-damage|p1a: Helga|0 fnt
|faint|p1a: Helga
|
|-weather|Sandstorm|[upkeep]
|upkeep
|
|t:|1708221772
|switch|p1a: Ice Cream Man|Alakazam, F|100/100
|turn|14
|
|t:|1708221782
|switch|p2a: Scizor|Scizor, M|100/100
|move|p1a: Ice Cream Man|Hidden Power|p2a: Scizor
|-resisted|p2a: Scizor
|-damage|p2a: Scizor|82/100
|
|-weather|Sandstorm|[upkeep]
|upkeep
|turn|15
|
|t:|1708221787
|-activate|p1a: Ice Cream Man|move: Pursuit
|move|p2a: Scizor|Pursuit|p1a: Ice Cream Man|[from]Pursuit
|-supereffective|p1a: Ice Cream Man
|-enditem|p1a: Ice Cream Man|Focus Sash
|-damage|p1a: Ice Cream Man|1/100
|-damage|p2a: Scizor|72/100|[from] item: Life Orb
|switch|p1a: Stephen Stills|Rotom-Wash|100/100
|-damage|p1a: Stephen Stills|88/100|[from] Stealth Rock
|
|-weather|Sandstorm|[upkeep]
|-damage|p1a: Stephen Stills|82/100|[from] Sandstorm
|-heal|p1a: Stephen Stills|88/100|[from] item: Leftovers
|upkeep
|turn|16
|
|t:|1708221808
|switch|p2a: Garchomp|Garchomp, M|83/100
|move|p1a: Stephen Stills|Hydro Pump|p2a: Garchomp
|-damage|p2a: Garchomp|34/100
|
|-weather|Sandstorm|[upkeep]
|-damage|p1a: Stephen Stills|82/100|[from] Sandstorm
|-heal|p1a: Stephen Stills|88/100|[from] item: Leftovers
|upkeep
|turn|17
|
|t:|1708221818
|switch|p1a: Paul Giamatti|Ferrothorn, M|100/100
|-damage|p1a: Paul Giamatti|94/100|[from] Stealth Rock
|move|p2a: Garchomp|Outrage|p1a: Paul Giamatti
|-resisted|p1a: Paul Giamatti
|-damage|p1a: Paul Giamatti|73/100
|-damage|p2a: Garchomp|21/100|[from] ability: Iron Barbs|[of] p1a: Paul Giamatti
|
|-weather|Sandstorm|[upkeep]
|-heal|p1a: Paul Giamatti|79/100|[from] item: Leftovers
|upkeep
|turn|18
|
|t:|1708221822
|move|p2a: Garchomp|Outrage|p1a: Paul Giamatti|[from]lockedmove
|-resisted|p1a: Paul Giamatti
|-damage|p1a: Paul Giamatti|54/100
|-damage|p2a: Garchomp|9/100|[from] ability: Iron Barbs|[of] p1a: Paul Giamatti
|move|p1a: Paul Giamatti|Stealth Rock|p2a: Garchomp
|-sidestart|p2: Lsc29|move: Stealth Rock
|
|-weather|Sandstorm|[upkeep]
|-heal|p1a: Paul Giamatti|60/100|[from] item: Leftovers
|upkeep
|turn|19
|
|t:|1708221826
|move|p2a: Garchomp|Outrage|p1a: Paul Giamatti|[from]lockedmove
|-resisted|p1a: Paul Giamatti
|-damage|p1a: Paul Giamatti|38/100
|-damage|p2a: Garchomp|0 fnt|[from] ability: Iron Barbs|[of] p1a: Paul Giamatti
|faint|p2a: Garchomp
|move|p1a: Paul Giamatti|Spikes|p2: Garchomp
|-sidestart|p2: Lsc29|Spikes
|
|-weather|Sandstorm|[upkeep]
|-heal|p1a: Paul Giamatti|44/100|[from] item: Leftovers
|upkeep
|inactive|Lsc29 has 120 seconds left.
|
|t:|1708221864
|switch|p2a: Dragonite|Dragonite, M|94/100
|-damage|p2a: Dragonite|70/100|[from] Stealth Rock
|turn|20
|
|t:|1708221878
|move|p2a: Dragonite|Dragon Dance|p2a: Dragonite
|-boost|p2a: Dragonite|atk|1
|-boost|p2a: Dragonite|spe|1
|move|p1a: Paul Giamatti|Knock Off|p2a: Dragonite
|-damage|p2a: Dragonite|65/100
|-enditem|p2a: Dragonite|Lum Berry|[from] move: Knock Off|[of] p1a: Paul Giamatti
|
|-weather|Sandstorm|[upkeep]
|-damage|p2a: Dragonite|58/100|[from] Sandstorm
|-heal|p1a: Paul Giamatti|50/100|[from] item: Leftovers
|upkeep
|turn|21
|
|t:|1708221881
|switch|p1a: Stephen Stills|Rotom-Wash|88/100
|-damage|p1a: Stephen Stills|75/100|[from] Stealth Rock
|move|p2a: Dragonite|Fire Punch|p1a: Stephen Stills
|-resisted|p1a: Stephen Stills
|-damage|p1a: Stephen Stills|57/100
|
|-weather|Sandstorm|[upkeep]
|-damage|p2a: Dragonite|52/100|[from] Sandstorm
|-damage|p1a: Stephen Stills|51/100|[from] Sandstorm
|-heal|p1a: Stephen Stills|57/100|[from] item: Leftovers
|upkeep
|turn|22
|
|t:|1708221889
|switch|p1a: Paul Giamatti|Ferrothorn, M|50/100
|-damage|p1a: Paul Giamatti|44/100|[from] Stealth Rock
|move|p2a: Dragonite|Outrage|p1a: Paul Giamatti
|-resisted|p1a: Paul Giamatti
|-damage|p1a: Paul Giamatti|9/100
|-damage|p2a: Dragonite|40/100|[from] ability: Iron Barbs|[of] p1a: Paul Giamatti
|
|-weather|Sandstorm|[upkeep]
|-damage|p2a: Dragonite|34/100|[from] Sandstorm
|-heal|p1a: Paul Giamatti|15/100|[from] item: Leftovers
|upkeep
|turn|23
|j| ReallyFunTeams
|
|t:|1708221899
|move|p2a: Dragonite|Outrage|p1a: Paul Giamatti|[from]lockedmove
|-resisted|p1a: Paul Giamatti
|-damage|p1a: Paul Giamatti|0 fnt
|-damage|p2a: Dragonite|21/100|[from] ability: Iron Barbs|[of] p1a: Paul Giamatti
|faint|p1a: Paul Giamatti
|-start|p2a: Dragonite|confusion|[fatigue]
|
|-weather|Sandstorm|[upkeep]
|-damage|p2a: Dragonite|15/100|[from] Sandstorm
|upkeep
|
|t:|1708221904
|switch|p1a: Phillip Wittebane|Tyranitar, M|76/100
|-damage|p1a: Phillip Wittebane|63/100|[from] Stealth Rock
|turn|24
|
|t:|1708221907
|-activate|p2a: Dragonite|confusion
|-damage|p2a: Dragonite|0 fnt|[from] confusion
|faint|p2a: Dragonite
|move|p1a: Phillip Wittebane|Pursuit|p2: Dragonite|[notarget]
|-fail|p1a: Phillip Wittebane
|
|-weather|Sandstorm|[upkeep]
|upkeep
|inactive|Lsc29 has 120 seconds left.
|
|t:|1708221929
|switch|p2a: Scizor|Scizor, M|72/100
|-damage|p2a: Scizor|60/100|[from] Stealth Rock
|-damage|p2a: Scizor|47/100|[from] Spikes
|turn|25
|
|t:|1708221935
|move|p2a: Scizor|Bullet Punch|p1a: Phillip Wittebane
|-supereffective|p1a: Phillip Wittebane
|-damage|p1a: Phillip Wittebane|3/100
|-damage|p2a: Scizor|38/100|[from] item: Life Orb
|move|p1a: Phillip Wittebane|Fire Blast|p2a: Scizor|[miss]
|-miss|p1a: Phillip Wittebane|p2a: Scizor
|
|-weather|Sandstorm|[upkeep]
|upkeep
|turn|26
|
|t:|1708221940
|move|p2a: Scizor|Bullet Punch|p1a: Phillip Wittebane
|-supereffective|p1a: Phillip Wittebane
|-damage|p1a: Phillip Wittebane|0 fnt
|faint|p1a: Phillip Wittebane
|-damage|p2a: Scizor|28/100|[from] item: Life Orb
|
|-weather|Sandstorm|[upkeep]
|upkeep
|
|t:|1708221943
|switch|p1a: Stephen Stills|Rotom-Wash|57/100
|-damage|p1a: Stephen Stills|45/100|[from] Stealth Rock
|turn|27
|
|t:|1708221946
|move|p2a: Scizor|Superpower|p1a: Stephen Stills
|-damage|p1a: Stephen Stills|0 fnt
|-unboost|p2a: Scizor|atk|1
|-unboost|p2a: Scizor|def|1
|faint|p1a: Stephen Stills
|-damage|p2a: Scizor|18/100|[from] item: Life Orb
|
|-weather|Sandstorm|[upkeep]
|upkeep
|
|t:|1708221948
|switch|p1a: Ice Cream Man|Alakazam, F|1/100
|turn|28
|c|☆WeR#4Hay!|gg
|-message|WeR#4Hay! forfeited.
|
|win|Lsc29
|raw|WeR#4Hay!'s rating: 1582 &rarr; <strong>1559</strong><br />(-23 for losing)
|raw|Lsc29's rating: 1536 &rarr; <strong>1559</strong><br />(+23 for winning)
|l|☆WeR#4Hay!
|player|p1|
