|j|☆mudbathingl
|j|☆Cinema Staff Fan
|t:|1742337376
|gametype|singles
|player|p1|mudbathingl|richboy-gen4|1564
|player|p2|Cinema Staff Fan|iris|1494
|teamsize|p1|6
|teamsize|p2|6
|gen|5
|tier|[Gen 5] OU
|rated|
|rule|Species Clause: Limit one of each Pokémon
|rule|OHKO Clause: OHKO moves are banned
|rule|Moody Clause: Moody is banned
|rule|Evasion Items Clause: Evasion items are banned
|rule|Evasion Moves Clause: Evasion moves are banned
|rule|Endless Battle Clause: Forcing endless battles is banned
|rule|HP Percentage Mod: HP is shown in percentages
|rule|Evasion Abilities Clause: Evasion abilities are banned
|rule|Sleep Moves Clause: Sleep-inducing moves are banned
|rule|Swagger Clause: Swagger is banned
|rule|Baton Pass Stat Clause: No Baton Passer may have a way to boost its stats
|clearpoke
|poke|p1|Tyranitar, M|item
|poke|p1|Celebi|item
|poke|p1|Latios, M|item
|poke|p1|Excadrill, M|item
|poke|p1|Garchomp, M|item
|poke|p1|Rotom-Wash|item
|poke|p2|Landorus-Therian, M|item
|poke|p2|Conkeldurr, M|item
|poke|p2|Tyranitar, F|item
|poke|p2|Gastrodon-East, M|item
|poke|p2|Alakazam, M|item
|poke|p2|Starmie|item
|teampreview
|c|☆mudbathingl|ur bsad
|inactive|Battle timer is ON: inactive players will automatically lose when time's up. (requested by mudbathingl)
|c|☆Cinema Staff Fan|boomerang
|
|t:|1742337393
|start
|switch|p1a: Tyranitar|Tyranitar, M|100/100
|switch|p2a: Landorus|Landorus-Therian, M|100/100
|-ability|p2a: Landorus|Intimidate|boost
|-unboost|p1a: Tyranitar|atk|1
|-weather|Sandstorm|[from] ability: Sand Stream|[of] p1a: Tyranitar
|turn|1
|
|t:|1742337398
|move|p2a: Landorus|Earthquake|p1a: Tyranitar
|-supereffective|p1a: Tyranitar
|-damage|p1a: Tyranitar|8/100
|move|p1a: Tyranitar|Stealth Rock|p2a: Landorus
|-sidestart|p2: Cinema Staff Fan|move: Stealth Rock
|
|-weather|Sandstorm|[upkeep]
|upkeep
|turn|2
|
|t:|1742337403
|switch|p1a: Rotom|Rotom-Wash|100/100
|move|p2a: Landorus|Stealth Rock|p1a: Rotom
|-sidestart|p1: mudbathingl|move: Stealth Rock
|
|-weather|Sandstorm|[upkeep]
|-damage|p1a: Rotom|94/100|[from] Sandstorm
|-heal|p1a: Rotom|100/100|[from] item: Leftovers
|upkeep
|turn|3
|
|t:|1742337405
|move|p2a: Landorus|Explosion|p1a: Rotom
|-damage|p1a: Rotom|25/100
|faint|p2a: Landorus
|move|p1a: Rotom|Volt Switch|p2: Landorus|[notarget]
|-fail|p1a: Rotom
|
|-weather|Sandstorm|[upkeep]
|-damage|p1a: Rotom|19/100|[from] Sandstorm
|-heal|p1a: Rotom|25/100|[from] item: Leftovers
|upkeep
|
|t:|1742337426
|switch|p2a: Alakazam|Alakazam, M|100/100
|turn|4
|c|☆mudbathingl|ur momma is nic
|
|t:|1742337436
|switch|p1a: Excadrill|Excadrill, M|100/100
|-damage|p1a: Excadrill|97/100|[from] Stealth Rock
|move|p2a: Alakazam|Psychic|p1a: Excadrill
|-resisted|p1a: Excadrill
|-crit|p1a: Excadrill
|-damage|p1a: Excadrill|29/100
|
|-weather|Sandstorm|[upkeep]
|upkeep
|turn|5
|
|t:|1742337442
|move|p1a: Excadrill|Rapid Spin|p2a: Alakazam
|-damage|p2a: Alakazam|79/100
|-sideend|p1: mudbathingl|Stealth Rock|[from] move: Rapid Spin|[of] p1a: Excadrill
|move|p2a: Alakazam|Energy Ball|p1a: Excadrill
|-damage|p1a: Excadrill|0 fnt
|faint|p1a: Excadrill
|
|-weather|Sandstorm|[upkeep]
|upkeep
|
|t:|1742337458
|switch|p1a: Latios|Latios, M|100/100
|turn|6
|
|t:|1742337468
|move|p2a: Alakazam|Hidden Power|p1a: Latios
|-supereffective|p1a: Latios
|-damage|p1a: Latios|46/100
|move|p1a: Latios|Surf|p2a: Alakazam
|-damage|p2a: Alakazam|6/100
|
|-weather|Sandstorm|[upkeep]
|-damage|p1a: Latios|40/100|[from] Sandstorm
|upkeep
|turn|7
|
|t:|1742337481
|switch|p1a: Celebi|Celebi|100/100
|move|p2a: Alakazam|Focus Blast|p1a: Celebi
|-resisted|p1a: Celebi
|-damage|p1a: Celebi|79/100
|
|-weather|Sandstorm|[upkeep]
|-damage|p1a: Celebi|73/100|[from] Sandstorm
|-heal|p1a: Celebi|79/100|[from] item: Leftovers
|upkeep
|turn|8
|
|t:|1742337489
|switch|p2a: Tyranitar|Tyranitar, F|100/100
|-damage|p2a: Tyranitar|88/100|[from] Stealth Rock
|move|p1a: Celebi|Recover|p1a: Celebi
|-heal|p1a: Celebi|100/100
|
|-weather|Sandstorm|[upkeep]
|-damage|p1a: Celebi|94/100|[from] Sandstorm
|-heal|p1a: Celebi|100/100|[from] item: Leftovers
|upkeep
|turn|9
|
|t:|1742337496
|move|p1a: Celebi|Leaf Storm|p2a: Tyranitar
|-supereffective|p2a: Tyranitar
|-damage|p2a: Tyranitar|36/100
|-unboost|p1a: Celebi|spa|2
|move|p2a: Tyranitar|Crunch|p1a: Celebi
|-supereffective|p1a: Celebi
|-damage|p1a: Celebi|26/100
|
|-weather|Sandstorm|[upkeep]
|-damage|p1a: Celebi|20/100|[from] Sandstorm
|-heal|p1a: Celebi|26/100|[from] item: Leftovers
|upkeep
|turn|10
|
|t:|1742337499
|move|p1a: Celebi|Leaf Storm|p2a: Tyranitar
|-supereffective|p2a: Tyranitar
|-damage|p2a: Tyranitar|9/100
|-unboost|p1a: Celebi|spa|2
|move|p2a: Tyranitar|Pursuit|p1a: Celebi
|-supereffective|p1a: Celebi
|-damage|p1a: Celebi|0 fnt
|faint|p1a: Celebi
|
|-weather|Sandstorm|[upkeep]
|upkeep
|
|t:|1742337503
|switch|p1a: Rotom|Rotom-Wash|25/100
|turn|11
|
|t:|1742337509
|move|p1a: Rotom|Volt Switch|p2a: Tyranitar
|-damage|p2a: Tyranitar|0 fnt
|faint|p2a: Tyranitar
|
|t:|1742337522
|switch|p1a: Garchomp|Garchomp, M|100/100|[from] Volt Switch
|
|-weather|Sandstorm|[upkeep]
|upkeep
|
|t:|1742337533
|switch|p2a: Conkeldurr|Conkeldurr, M|100/100
|-damage|p2a: Conkeldurr|94/100|[from] Stealth Rock
|turn|12
|
|t:|1742337539
|move|p1a: Garchomp|Outrage|p2a: Conkeldurr
|-damage|p2a: Conkeldurr|18/100
|-damage|p1a: Garchomp|91/100|[from] item: Life Orb
|move|p2a: Conkeldurr|Ice Punch|p1a: Garchomp
|-supereffective|p1a: Garchomp
|-damage|p1a: Garchomp|0 fnt
|-damage|p2a: Conkeldurr|6/100|[from] ability: Rough Skin|[of] p1a: Garchomp
|faint|p1a: Garchomp
|-damage|p2a: Conkeldurr|0 fnt|[from] item: Life Orb
|faint|p2a: Conkeldurr
|
|-weather|Sandstorm|[upkeep]
|upkeep
|-message|mudbathingl forfeited.
|
|win|Cinema Staff Fan
|raw|mudbathingl's rating: 1564 &rarr; <strong>1540</strong><br />(-24 for losing)
|raw|Cinema Staff Fan's rating: 1494 &rarr; <strong>1518</strong><br />(+24 for winning)
|l|☆mudbathingl
|player|p1|
|c|☆Cinema Staff Fan|:)
