|j|☆esiariesiari
|j|☆ryusen696969
|t:|1729114665
|gametype|singles
|player|p1|esiariesiari|cynthia-gen4|1293
|player|p2|ryusen696969|265|1370
|teamsize|p1|6
|teamsize|p2|6
|gen|5
|tier|[Gen 5] OU
|rated|
|rule|Species Clause: Limit one of each Pokémon
|rule|OHKO Clause: OHKO moves are banned
|rule|Moody Clause: Moody is banned
|rule|Evasion Items Clause: Evasion items are banned
|rule|Evasion Moves Clause: Evasion moves are banned
|rule|Endless Battle Clause: Forcing endless battles is banned
|rule|HP Percentage Mod: HP is shown in percentages
|rule|Evasion Abilities Clause: Evasion abilities are banned
|rule|Sleep Moves Clause: Sleep-inducing moves are banned
|rule|Swagger Clause: Swagger is banned
|rule|Baton Pass Stat Clause: No Baton Passer may have a way to boost its stats
|clearpoke
|poke|p1|Magnezone|item
|poke|p1|Jirachi|item
|poke|p1|Latios, M|item
|poke|p1|Kyurem-Black|item
|poke|p1|Dragonite, M|item
|poke|p1|Reuniclus, M|item
|poke|p2|Garchomp, F|item
|poke|p2|Blissey, F|item
|poke|p2|Suicune|item
|poke|p2|Scizor, M|item
|poke|p2|Zoroark, F|item
|poke|p2|Alakazam, F|item
|teampreview
|inactive|Battle timer is ON: inactive players will automatically lose when time's up. (requested by ryusen696969)
|
|t:|1729114682
|start
|switch|p1a: F35|Latios, M|100/100
|switch|p2a: Garchomp|Garchomp, F|100/100
|turn|1
|
|t:|1729114685
|switch|p2a: Blissey|Blissey, F|100/100
|move|p1a: F35|Trick|p2a: Blissey
|-activate|p1a: F35|move: Trick|[of] p2a: Blissey
|-item|p2a: Blissey|Choice Scarf|[from] move: Trick
|-item|p1a: F35|Focus Sash|[from] move: Trick
|
|upkeep
|turn|2
|
|t:|1729114695
|move|p1a: F35|Draco Meteor|p2a: Blissey
|-damage|p2a: Blissey|75/100
|-unboost|p1a: F35|spa|2
|move|p2a: Blissey|Ice Beam|p1a: F35
|-supereffective|p1a: F35
|-damage|p1a: F35|49/100
|
|upkeep
|turn|3
|
|t:|1729114701
|switch|p1a: Make A Wish|Jirachi|100/100
|move|p2a: Blissey|Ice Beam|p1a: Make A Wish
|-resisted|p1a: Make A Wish
|-crit|p1a: Make A Wish
|-damage|p1a: Make A Wish|84/100
|-status|p1a: Make A Wish|frz
|
|-heal|p1a: Make A Wish|90/100 frz|[from] item: Leftovers
|upkeep
|turn|4
|
|t:|1729114703
|switch|p2a: Garchomp|Garchomp, F|100/100
|cant|p1a: Make A Wish|frz
|
|-heal|p1a: Make A Wish|96/100 frz|[from] item: Leftovers
|upkeep
|turn|5
|
|t:|1729114709
|switch|p1a: F35|Latios, M|49/100
|move|p2a: Garchomp|Earthquake|p1a: F35
|-immune|p1a: F35|[from] ability: Levitate
|
|upkeep
|turn|6
|
|t:|1729114715
|switch|p2a: Blissey|Blissey, F|75/100
|move|p1a: F35|Dragon Pulse|p2a: Blissey
|-damage|p2a: Blissey|58/100
|
|upkeep
|turn|7
|
|t:|1729114719
|switch|p1a: Make A Wish|Jirachi|96/100 frz
|move|p2a: Blissey|Ice Beam|p1a: Make A Wish
|-resisted|p1a: Make A Wish
|-damage|p1a: Make A Wish|89/100 frz
|
|-heal|p1a: Make A Wish|95/100 frz|[from] item: Leftovers
|upkeep
|turn|8
|
|t:|1729114721
|switch|p2a: Garchomp|Garchomp, F|100/100
|switch|p1a: F35|Latios, M|49/100
|
|upkeep
|turn|9
|
|t:|1729114731
|move|p2a: Garchomp|Outrage|p1a: F35
|-supereffective|p1a: F35
|-crit|p1a: F35
|-damage|p1a: F35|0 fnt
|faint|p1a: F35
|
|upkeep
|
|t:|1729114738
|switch|p1a: UFO|Magnezone, shiny|100/100
|-item|p1a: UFO|Air Balloon
|turn|10
|
|t:|1729114742
|move|p2a: Garchomp|Outrage|p1a: UFO|[from]lockedmove
|-resisted|p1a: UFO
|-damage|p1a: UFO|65/100
|-enditem|p1a: UFO|Air Balloon
|move|p1a: UFO|Hidden Power|p2a: Garchomp
|-resisted|p2a: Garchomp
|-damage|p2a: Garchomp|85/100
|
|upkeep
|turn|11
|
|t:|1729114750
|move|p2a: Garchomp|Outrage|p1a: UFO|[from]lockedmove
|-resisted|p1a: UFO
|-damage|p1a: UFO|30/100
|-start|p2a: Garchomp|confusion|[fatigue]
|move|p1a: UFO|Thunderbolt|p2a: Garchomp
|-immune|p2a: Garchomp
|
|upkeep
|turn|12
|
|t:|1729114759
|switch|p2a: Suicune|Suicune, shiny|100/100
|move|p1a: UFO|Hidden Power|p2a: Suicune
|-damage|p2a: Suicune|44/100
|replace|p2a: Zoroark|Zoroark, F
|-end|p2a: Zoroark|Illusion
|
|upkeep
|turn|13
|
|t:|1729114767
|move|p2a: Zoroark|Flamethrower|p1a: UFO
|-supereffective|p1a: UFO
|-damage|p1a: UFO|0 fnt
|faint|p1a: UFO
|
|upkeep
|
|t:|1729114769
|switch|p1a: Goofus|Dragonite, M|100/100
|turn|14
|
|t:|1729114772
|move|p2a: Zoroark|Hidden Power|p1a: Goofus
|-supereffective|p1a: Goofus
|-damage|p1a: Goofus|45/100
|move|p1a: Goofus|Dragon Dance|p1a: Goofus
|-boost|p1a: Goofus|atk|1
|-boost|p1a: Goofus|spe|1
|
|upkeep
|turn|15
|
|t:|1729114779
|move|p1a: Goofus|Earthquake|p2a: Zoroark
|-damage|p2a: Zoroark|0 fnt
|faint|p2a: Zoroark
|
|upkeep
|
|t:|1729114785
|switch|p2a: Suicune|Suicune, shiny|100/100
|-ability|p2a: Suicune|Pressure
|turn|16
|
|t:|1729114789
|move|p1a: Goofus|Outrage|p2a: Suicune
|-damage|p2a: Suicune|38/100
|move|p2a: Suicune|Ice Beam|p1a: Goofus
|-supereffective|p1a: Goofus
|-damage|p1a: Goofus|0 fnt
|faint|p1a: Goofus
|
|-heal|p2a: Suicune|44/100|[from] item: Leftovers
|upkeep
|
|t:|1729114792
|switch|p1a: Dr Weird|Reuniclus, M, shiny|100/100
|turn|17
|
|t:|1729114795
|switch|p2a: Scizor|Scizor, M|100/100
|move|p1a: Dr Weird|Trick Room|p1a: Dr Weird
|-fieldstart|move: Trick Room|[of] p1a: Dr Weird
|
|upkeep
|turn|18
|
|t:|1729114798
|move|p1a: Dr Weird|Focus Blast|p2a: Scizor
|-damage|p2a: Scizor|20/100
|move|p2a: Scizor|U-turn|p1a: Dr Weird
|-supereffective|p1a: Dr Weird
|-damage|p1a: Dr Weird|21/100
|
|t:|1729114806
|switch|p2a: Suicune|Suicune, shiny|44/100|[from] U-turn
|-ability|p2a: Suicune|Pressure
|
|-heal|p2a: Suicune|50/100|[from] item: Leftovers
|upkeep
|turn|19
|
|t:|1729114813
|move|p1a: Dr Weird|Psychic|p2a: Suicune
|-damage|p2a: Suicune|0 fnt
|faint|p2a: Suicune
|
|upkeep
|
|t:|1729114817
|switch|p2a: Scizor|Scizor, M|20/100
|turn|20
|
|t:|1729114821
|move|p2a: Scizor|Bullet Punch|p1a: Dr Weird
|-damage|p1a: Dr Weird|0 fnt
|faint|p1a: Dr Weird
|
|upkeep
|
|t:|1729114826
|switch|p1a: Make A Wish|Jirachi|95/100 frz
|turn|21
|
|t:|1729114832
|-curestatus|p1a: Make A Wish|frz|[msg]
|move|p1a: Make A Wish|Thunder|p2a: Scizor
|-damage|p2a: Scizor|0 fnt
|faint|p2a: Scizor
|
|-heal|p1a: Make A Wish|100/100|[from] item: Leftovers
|-fieldend|move: Trick Room
|upkeep
|
|t:|1729114837
|switch|p2a: Garchomp|Garchomp, F|85/100
|turn|22
|
|t:|1729114846
|switch|p1a: Iceman|Kyurem-Black|100/100
|-ability|p1a: Iceman|Teravolt
|move|p2a: Garchomp|Earthquake|p1a: Iceman
|-damage|p1a: Iceman|53/100
|
|upkeep
|turn|23
|
|t:|1729114853
|switch|p2a: Blissey|Blissey, F|58/100
|move|p1a: Iceman|Outrage|p2a: Blissey
|-damage|p2a: Blissey|0 fnt
|faint|p2a: Blissey
|
|upkeep
|
|t:|1729114855
|switch|p2a: Alakazam|Alakazam, F|100/100
|turn|24
|
|t:|1729114857
|move|p2a: Alakazam|Focus Blast|p1a: Iceman|[miss]
|-miss|p2a: Alakazam|p1a: Iceman
|move|p1a: Iceman|Outrage|p2a: Alakazam|[from]lockedmove
|-damage|p2a: Alakazam|0 fnt
|faint|p2a: Alakazam
|-start|p1a: Iceman|confusion|[fatigue]
|
|upkeep
|
|t:|1729114859
|switch|p2a: Garchomp|Garchomp, F|85/100
|turn|25
|
|t:|1729114862
|move|p2a: Garchomp|Earthquake|p1a: Iceman
|-damage|p1a: Iceman|5/100
|-activate|p1a: Iceman|confusion
|move|p1a: Iceman|Outrage|p2a: Garchomp
|-supereffective|p2a: Garchomp
|-damage|p2a: Garchomp|0 fnt
|-damage|p1a: Iceman|0 fnt|[from] ability: Rough Skin|[of] p2a: Garchomp
|faint|p1a: Iceman
|faint|p2a: Garchomp
|
|win|esiariesiari
|raw|esiariesiari's rating: 1293 &rarr; <strong>1323</strong><br />(+30 for winning)
|raw|ryusen696969's rating: 1370 &rarr; <strong>1346</strong><br />(-24 for losing)
