|j|☆Salutethewolf
|j|☆AstroMigui
|t:|1746981944
|gametype|singles
|player|p1|Salutethewolf|hugh|1560
|player|p2|AstroMigui|hoopster|1368
|teamsize|p1|6
|teamsize|p2|6
|gen|5
|tier|[Gen 5] OU
|rated|
|rule|Species Clause: Limit one of each Pokémon
|rule|OHKO Clause: OHKO moves are banned
|rule|Moody Clause: Moody is banned
|rule|Evasion Items Clause: Evasion items are banned
|rule|Evasion Moves Clause: Evasion moves are banned
|rule|Endless Battle Clause: Forcing endless battles is banned
|rule|HP Percentage Mod: HP is shown in percentages
|rule|Evasion Abilities Clause: Evasion abilities are banned
|rule|Sleep Moves Clause: Sleep-inducing moves are banned
|rule|Swagger Clause: Swagger is banned
|rule|Baton Pass Stat Clause: No Baton Passer may have a way to boost its stats
|clearpoke
|poke|p1|Garchomp, F|item
|poke|p1|Dragonite, F|item
|poke|p1|Latios, M|item
|poke|p1|Starmie|item
|poke|p1|Metagross|item
|poke|p1|Scizor, F|item
|poke|p2|Abomasnow, M|item
|poke|p2|Garchomp, M|item
|poke|p2|Jirachi|item
|poke|p2|Starmie|item
|poke|p2|Salamence, M|item
|poke|p2|Latios, M|item
|teampreview
|inactive|Battle timer is ON: inactive players will automatically lose when time's up. (requested by Salutethewolf)
|
|t:|1746981964
|start
|switch|p1a: Metagross|Metagross, shiny|100/100
|switch|p2a: Kim Jong-Un|Abomasnow, M|100/100
|-weather|Hail|[from] ability: Snow Warning|[of] p2a: Kim Jong-Un
|turn|1
|
|t:|1746981972
|move|p2a: Kim Jong-Un|Hidden Power|p1a: Metagross
|-supereffective|p1a: Metagross
|-damage|p1a: Metagross|56/100
|move|p1a: Metagross|Stealth Rock|p2a: Kim Jong-Un
|-sidestart|p2: AstroMigui|move: Stealth Rock
|
|-weather|Hail|[upkeep]
|-damage|p1a: Metagross|50/100|[from] Hail
|upkeep
|turn|2
|
|t:|1746981980
|move|p2a: Kim Jong-Un|Hidden Power|p1a: Metagross
|-supereffective|p1a: Metagross
|-damage|p1a: Metagross|9/100
|move|p1a: Metagross|Hidden Power|p2a: Kim Jong-Un
|-supereffective|p2a: Kim Jong-Un
|-enditem|p2a: Kim Jong-Un|Focus Sash
|-damage|p2a: Kim Jong-Un|1/100
|
|-weather|Hail|[upkeep]
|-damage|p1a: Metagross|3/100|[from] Hail
|upkeep
|turn|3
|
|t:|1746981992
|switch|p1a: Starmie|Starmie, shiny|100/100
|move|p2a: Kim Jong-Un|Ice Shard|p1a: Starmie
|-resisted|p1a: Starmie
|-crit|p1a: Starmie
|-damage|p1a: Starmie|79/100
|
|-weather|Hail|[upkeep]
|-damage|p1a: Starmie|73/100|[from] Hail
|upkeep
|turn|4
|inactive|AstroMigui has 120 seconds left.
|
|t:|1746982042
|move|p2a: Kim Jong-Un|Ice Shard|p1a: Starmie
|-resisted|p1a: Starmie
|-damage|p1a: Starmie|63/100
|move|p1a: Starmie|Ice Beam|p2a: Kim Jong-Un
|-damage|p2a: Kim Jong-Un|0 fnt
|faint|p2a: Kim Jong-Un
|-damage|p1a: Starmie|54/100|[from] item: Life Orb
|
|-weather|Hail|[upkeep]
|-damage|p1a: Starmie|47/100|[from] Hail
|upkeep
|
|t:|1746982047
|switch|p2a: Kanye West|Jirachi|100/100
|-damage|p2a: Kanye West|94/100|[from] Stealth Rock
|turn|5
|
|t:|1746982061
|switch|p1a: Garchomp|Garchomp, F, shiny|100/100
|move|p2a: Kanye West|U-turn|p1a: Garchomp
|-damage|p1a: Garchomp|80/100
|-damage|p2a: Kanye West|82/100|[from] ability: Rough Skin|[of] p1a: Garchomp
|inactive|AstroMigui has 120 seconds left.
|
|t:|1746982074
|switch|p2a: Ben Laden|Starmie|100/100|[from] U-turn
|-damage|p2a: Ben Laden|88/100|[from] Stealth Rock
|-item|p2a: Ben Laden|Air Balloon
|
|-weather|Hail|[upkeep]
|-damage|p2a: Ben Laden|82/100|[from] Hail
|-damage|p1a: Garchomp|74/100|[from] Hail
|upkeep
|turn|6
|
|t:|1746982084
|switch|p1a: Starmie|Starmie, shiny|47/100
|move|p2a: Ben Laden|Ice Beam|p1a: Starmie
|-resisted|p1a: Starmie
|-damage|p1a: Starmie|18/100
|
|-weather|Hail|[upkeep]
|-damage|p2a: Ben Laden|76/100|[from] Hail
|-damage|p1a: Starmie|12/100|[from] Hail
|upkeep
|turn|7
|
|t:|1746982094
|move|p2a: Ben Laden|Rapid Spin|p1a: Starmie
|-damage|p1a: Starmie|8/100
|-sideend|p2: AstroMigui|Stealth Rock|[from] move: Rapid Spin|[of] p2a: Ben Laden
|move|p1a: Starmie|Grass Knot|p2a: Ben Laden
|-supereffective|p2a: Ben Laden
|-damage|p2a: Ben Laden|0 fnt
|-enditem|p2a: Ben Laden|Air Balloon
|faint|p2a: Ben Laden
|-damage|p1a: Starmie|0 fnt|[from] item: Life Orb
|faint|p1a: Starmie
|
|-weather|Hail|[upkeep]
|upkeep
|
|t:|1746982107
|switch|p2a: Kanye West|Jirachi|82/100
|switch|p1a: Metagross|Metagross, shiny|3/100
|turn|8
|-enditem|p1a: Metagross|Custap Berry|[eat]
|-activate|p1a: Metagross|item: Custap Berry|[consumed]
|
|t:|1746982112
|move|p1a: Metagross|Stealth Rock|p2a: Kanye West
|-sidestart|p2: AstroMigui|move: Stealth Rock
|move|p2a: Kanye West|U-turn|p1a: Metagross
|-damage|p1a: Metagross|0 fnt
|faint|p1a: Metagross
|
|t:|1746982123
|switch|p2a: Bill Gates|Garchomp, M, shiny|100/100|[from] U-turn
|-damage|p2a: Bill Gates|94/100|[from] Stealth Rock
|
|-weather|Hail|[upkeep]
|-damage|p2a: Bill Gates|88/100|[from] Hail
|upkeep
|
|t:|1746982132
|switch|p1a: Dragonite|Dragonite, F, shiny|100/100
|turn|9
|
|t:|1746982143
|move|p2a: Bill Gates|Draco Meteor|p1a: Dragonite
|-supereffective|p1a: Dragonite
|-damage|p1a: Dragonite|27/100
|-unboost|p2a: Bill Gates|spa|2
|-damage|p2a: Bill Gates|78/100|[from] item: Life Orb
|move|p1a: Dragonite|Outrage|p2a: Bill Gates
|-supereffective|p2a: Bill Gates
|-damage|p2a: Bill Gates|0 fnt
|-damage|p1a: Dragonite|14/100|[from] ability: Rough Skin|[of] p2a: Bill Gates
|faint|p2a: Bill Gates
|-damage|p1a: Dragonite|5/100|[from] item: Life Orb
|
|-weather|Hail|[upkeep]
|-damage|p1a: Dragonite|0 fnt|[from] Hail
|faint|p1a: Dragonite
|upkeep
|
|t:|1746982172
|switch|p2a: Brigitte Macron|Salamence, M|100/100
|switch|p1a: Latios|Latios, M, shiny|100/100
|-damage|p2a: Brigitte Macron|76/100|[from] Stealth Rock
|turn|10
|
|t:|1746982180
|switch|p2a: Kanye West|Jirachi|82/100
|-damage|p2a: Kanye West|76/100|[from] Stealth Rock
|move|p1a: Latios|Draco Meteor|p2a: Kanye West
|-resisted|p2a: Kanye West
|-crit|p2a: Kanye West
|-damage|p2a: Kanye West|9/100
|-unboost|p1a: Latios|spa|2
|
|-weather|Hail|[upkeep]
|-damage|p1a: Latios|95/100|[from] Hail
|-damage|p2a: Kanye West|3/100|[from] Hail
|upkeep
|turn|11
|
|t:|1746982197
|switch|p1a: Garchomp|Garchomp, F, shiny|74/100
|move|p2a: Kanye West|Ice Punch|p1a: Garchomp
|-supereffective|p1a: Garchomp
|-damage|p1a: Garchomp|0 fnt
|-damage|p2a: Kanye West|0 fnt|[from] ability: Rough Skin|[of] p1a: Garchomp
|faint|p2a: Kanye West
|faint|p1a: Garchomp
|
|-weather|Hail|[upkeep]
|upkeep
|
|t:|1746982211
|switch|p1a: Scizor|Scizor, F, shiny|100/100
|switch|p2a: Xi Jinping|Latios, M|100/100
|-damage|p2a: Xi Jinping|88/100|[from] Stealth Rock
|turn|12
|
|t:|1746982219
|move|p2a: Xi Jinping|Draco Meteor|p1a: Scizor
|-resisted|p1a: Scizor
|-damage|p1a: Scizor|52/100
|-unboost|p2a: Xi Jinping|spa|2
|move|p1a: Scizor|U-turn|p2a: Xi Jinping
|-supereffective|p2a: Xi Jinping
|-damage|p2a: Xi Jinping|0 fnt
|faint|p2a: Xi Jinping
|
|t:|1746982228
|switch|p1a: Latios|Latios, M, shiny|95/100|[from] U-turn
|
|-weather|Hail|[upkeep]
|-damage|p1a: Latios|89/100|[from] Hail
|upkeep
|-message|AstroMigui forfeited.
|
|win|Salutethewolf
|raw|Salutethewolf's rating: 1560 &rarr; <strong>1570</strong><br />(+10 for winning)
|raw|AstroMigui's rating: 1368 &rarr; <strong>1358</strong><br />(-10 for losing)
|l|☆AstroMigui
|player|p2|
|l|☆Salutethewolf
|player|p1|
|j|☆Salutethewolf
|player|p1|Salutethewolf|hugh|
