|j|☆Sinodin
|j|☆WeR#4Hay!
|t:|1743267154
|gametype|singles
|player|p1|Sinodin|cheren|1431
|player|p2|WeR#4Hay!|101|1391
|teamsize|p1|6
|teamsize|p2|6
|gen|5
|tier|[Gen 5] OU
|rated|
|rule|Species Clause: Limit one of each Pokémon
|rule|OHKO Clause: OHKO moves are banned
|rule|Moody Clause: Moody is banned
|rule|Evasion Items Clause: Evasion items are banned
|rule|Evasion Moves Clause: Evasion moves are banned
|rule|Endless Battle Clause: Forcing endless battles is banned
|rule|HP Percentage Mod: HP is shown in percentages
|rule|Evasion Abilities Clause: Evasion abilities are banned
|rule|Sleep Moves Clause: Sleep-inducing moves are banned
|rule|Swagger Clause: Swagger is banned
|rule|Baton Pass Stat Clause: No Baton Passer may have a way to boost its stats
|clearpoke
|poke|p1|Politoed, F|item
|poke|p1|Ferrothorn, F|item
|poke|p1|Thundurus-Therian, M|item
|poke|p1|Tentacruel, M|item
|poke|p1|Keldeo|item
|poke|p1|Latios, M|item
|poke|p2|Breloom, M|item
|poke|p2|Heatran, M|item
|poke|p2|Rotom-Wash|item
|poke|p2|Jirachi|item
|poke|p2|Latias, F|item
|poke|p2|Landorus-Therian, M|item
|teampreview
|inactive|Battle timer is ON: inactive players will automatically lose when time's up. (requested by Sinodin)
|
|t:|1743267173
|start
|switch|p1a: Politoed|Politoed, F|100/100
|switch|p2a: Hanako Ueda|Latias, F|100/100
|-weather|RainDance|[from] ability: Drizzle|[of] p1a: Politoed
|turn|1
|
|t:|1743267178
|switch|p2a: Satoshi Nakano|Jirachi|100/100
|move|p1a: Politoed|Ice Beam|p2a: Satoshi Nakano
|-resisted|p2a: Satoshi Nakano
|-damage|p2a: Satoshi Nakano|87/100
|
|-weather|RainDance|[upkeep]
|upkeep
|turn|2
|
|t:|1743267181
|switch|p1a: Ferrothorn|Ferrothorn, F|100/100
|move|p2a: Satoshi Nakano|Stealth Rock|p1a: Ferrothorn
|-sidestart|p1: Sinodin|move: Stealth Rock
|
|-weather|RainDance|[upkeep]
|upkeep
|turn|3
|
|t:|1743267186
|switch|p2a: Masaaki Iwane|Breloom, M|100/100
|move|p1a: Ferrothorn|Stealth Rock|p2a: Masaaki Iwane
|-sidestart|p2: WeR#4Hay!|move: Stealth Rock
|
|-weather|RainDance|[upkeep]
|upkeep
|turn|4
|j| yokeer
|inactive|WeR#4Hay! has 120 seconds left.
|
|t:|1743267221
|switch|p1a: Tentacruel|Tentacruel, M|100/100
|-damage|p1a: Tentacruel|88/100|[from] Stealth Rock
|move|p2a: Masaaki Iwane|Superpower|p1a: Tentacruel
|-resisted|p1a: Tentacruel
|-damage|p1a: Tentacruel|19/100
|-unboost|p2a: Masaaki Iwane|atk|1
|-unboost|p2a: Masaaki Iwane|def|1
|
|-weather|RainDance|[upkeep]
|-heal|p1a: Tentacruel|25/100|[from] ability: Rain Dish
|-heal|p1a: Tentacruel|31/100|[from] item: Leftovers
|upkeep
|turn|5
|
|t:|1743267228
|move|p1a: Tentacruel|Rapid Spin|p2a: Masaaki Iwane
|-damage|p2a: Masaaki Iwane|94/100
|-sideend|p1: Sinodin|Stealth Rock|[from] move: Rapid Spin|[of] p1a: Tentacruel
|move|p2a: Masaaki Iwane|Superpower|p1a: Tentacruel
|-resisted|p1a: Tentacruel
|-damage|p1a: Tentacruel|0 fnt
|-unboost|p2a: Masaaki Iwane|atk|1
|-unboost|p2a: Masaaki Iwane|def|1
|faint|p1a: Tentacruel
|
|-weather|RainDance|[upkeep]
|upkeep
|
|t:|1743267242
|switch|p1a: Keldeo|Keldeo|100/100
|turn|6
|
|t:|1743267256
|switch|p2a: Hanako Ueda|Latias, F|100/100
|-damage|p2a: Hanako Ueda|88/100|[from] Stealth Rock
|move|p1a: Keldeo|Calm Mind|p1a: Keldeo
|-boost|p1a: Keldeo|spa|1
|-boost|p1a: Keldeo|spd|1
|
|-weather|RainDance|[upkeep]
|upkeep
|turn|7
|
|t:|1743267261
|move|p2a: Hanako Ueda|Draco Meteor|p1a: Keldeo
|-damage|p1a: Keldeo|29/100
|-unboost|p2a: Hanako Ueda|spa|2
|move|p1a: Keldeo|Scald|p2a: Hanako Ueda
|-resisted|p2a: Hanako Ueda
|-damage|p2a: Hanako Ueda|46/100
|
|-weather|RainDance|[upkeep]
|-heal|p1a: Keldeo|35/100|[from] item: Leftovers
|upkeep
|turn|8
|
|t:|1743267266
|move|p2a: Hanako Ueda|Draco Meteor|p1a: Keldeo
|-damage|p1a: Keldeo|0 fnt
|-unboost|p2a: Hanako Ueda|spa|2
|faint|p1a: Keldeo
|
|-weather|RainDance|[upkeep]
|upkeep
|
|t:|1743267273
|switch|p1a: Thundurus|Thundurus-Therian, M|100/100
|turn|9
|
|t:|1743267284
|switch|p2a: Takeshi Maenami|Heatran, M|100/100
|-damage|p2a: Takeshi Maenami|88/100|[from] Stealth Rock
|-item|p2a: Takeshi Maenami|Air Balloon
|move|p1a: Thundurus|Hidden Power|p2a: Takeshi Maenami
|-resisted|p2a: Takeshi Maenami
|-damage|p2a: Takeshi Maenami|79/100
|-enditem|p2a: Takeshi Maenami|Air Balloon
|
|-weather|RainDance|[upkeep]
|upkeep
|turn|10
|
|t:|1743267300
|switch|p1a: Politoed|Politoed, F|100/100
|move|p2a: Takeshi Maenami|Hidden Power|p1a: Politoed
|-resisted|p1a: Politoed
|-damage|p1a: Politoed|89/100
|
|-weather|RainDance|[upkeep]
|upkeep
|turn|11
|
|t:|1743267305
|switch|p2a: Aito Ohashi|Rotom-Wash|100/100
|-damage|p2a: Aito Ohashi|88/100|[from] Stealth Rock
|move|p1a: Politoed|Scald|p2a: Aito Ohashi
|-resisted|p2a: Aito Ohashi
|-damage|p2a: Aito Ohashi|45/100
|-status|p2a: Aito Ohashi|brn
|
|-weather|RainDance|[upkeep]
|-heal|p2a: Aito Ohashi|51/100 brn|[from] item: Leftovers
|-damage|p2a: Aito Ohashi|39/100 brn|[from] brn
|upkeep
|turn|12
|inactive|WeR#4Hay! has 120 seconds left.
|
|t:|1743267356
|move|p2a: Aito Ohashi|Sunny Day|p2a: Aito Ohashi
|-weather|SunnyDay
|move|p1a: Politoed|Scald|p2a: Aito Ohashi
|-resisted|p2a: Aito Ohashi
|-damage|p2a: Aito Ohashi|25/100 brn
|
|-weather|SunnyDay|[upkeep]
|-heal|p2a: Aito Ohashi|31/100 brn|[from] item: Leftovers
|-damage|p2a: Aito Ohashi|19/100 brn|[from] brn
|upkeep
|turn|13
|inactive|WeR#4Hay! has 90 seconds left.
|
|t:|1743267392
|switch|p1a: Thundurus|Thundurus-Therian, M|100/100
|move|p2a: Aito Ohashi|Volt Switch|p1a: Thundurus
|-immune|p1a: Thundurus|[from] ability: Volt Absorb
|
|-weather|SunnyDay|[upkeep]
|-heal|p2a: Aito Ohashi|25/100 brn|[from] item: Leftovers
|-damage|p2a: Aito Ohashi|12/100 brn|[from] brn
|upkeep
|turn|14
|
|t:|1743267401
|switch|p2a: Satoshi Nakano|Jirachi|87/100
|-damage|p2a: Satoshi Nakano|81/100|[from] Stealth Rock
|move|p1a: Thundurus|Volt Switch|p2a: Satoshi Nakano
|-crit|p2a: Satoshi Nakano
|-damage|p2a: Satoshi Nakano|9/100
|
|t:|1743267403
|switch|p1a: Politoed|Politoed, F|89/100|[from] Volt Switch
|-weather|RainDance|[from] ability: Drizzle|[of] p1a: Politoed
|
|-weather|RainDance|[upkeep]
|upkeep
|turn|15
|j| JA0609
|
|t:|1743267410
|move|p2a: Satoshi Nakano|Stealth Rock|p1a: Politoed
|-sidestart|p1: Sinodin|move: Stealth Rock
|move|p1a: Politoed|Scald|p2a: Satoshi Nakano
|-crit|p2a: Satoshi Nakano
|-damage|p2a: Satoshi Nakano|0 fnt
|faint|p2a: Satoshi Nakano
|
|-weather|RainDance|[upkeep]
|upkeep
|
|t:|1743267413
|switch|p2a: Masaaki Iwane|Breloom, M|94/100
|-damage|p2a: Masaaki Iwane|88/100|[from] Stealth Rock
|turn|16
|
|t:|1743267429
|switch|p1a: Ferrothorn|Ferrothorn, F|100/100
|-damage|p1a: Ferrothorn|95/100|[from] Stealth Rock
|move|p2a: Masaaki Iwane|Superpower|p1a: Ferrothorn
|-supereffective|p1a: Ferrothorn
|-damage|p1a: Ferrothorn|0 fnt
|-unboost|p2a: Masaaki Iwane|atk|1
|-unboost|p2a: Masaaki Iwane|def|1
|-damage|p2a: Masaaki Iwane|76/100|[from] ability: Iron Barbs|[of] p1a: Ferrothorn
|-damage|p2a: Masaaki Iwane|59/100|[from] item: Rocky Helmet|[of] p1a: Ferrothorn
|faint|p1a: Ferrothorn
|
|-weather|RainDance|[upkeep]
|upkeep
|
|t:|1743267439
|switch|p1a: Thundurus|Thundurus-Therian, M|100/100
|-damage|p1a: Thundurus|76/100|[from] Stealth Rock
|turn|17
|inactive|WeR#4Hay! has 90 seconds left.
|
|t:|1743267469
|move|p1a: Thundurus|Volt Switch|p2a: Masaaki Iwane
|-resisted|p2a: Masaaki Iwane
|-damage|p2a: Masaaki Iwane|2/100
|
|t:|1743267474
|switch|p1a: Latios|Latios, M|100/100|[from] Volt Switch
|-damage|p1a: Latios|88/100|[from] Stealth Rock
|move|p2a: Masaaki Iwane|Superpower|p1a: Latios
|-resisted|p1a: Latios
|-damage|p1a: Latios|42/100
|-unboost|p2a: Masaaki Iwane|atk|1
|-unboost|p2a: Masaaki Iwane|def|1
|
|-weather|RainDance|[upkeep]
|upkeep
|turn|18
|inactive|WeR#4Hay! has 90 seconds left.
|inactive|WeR#4Hay! has 60 seconds left.
|
|t:|1743267538
|switch|p2a: Aito Ohashi|Rotom-Wash|12/100 brn
|-damage|p2a: Aito Ohashi|0 fnt|[from] Stealth Rock
|faint|p2a: Aito Ohashi
|move|p1a: Latios|Draco Meteor|p2: Aito Ohashi|[notarget]
|-fail|p1a: Latios
|
|-weather|RainDance|[upkeep]
|upkeep
|
|t:|1743267541
|switch|p2a: Takeshi Maenami|Heatran, M|79/100
|-damage|p2a: Takeshi Maenami|66/100|[from] Stealth Rock
|turn|19
|
|t:|1743267559
|switch|p1a: Politoed|Politoed, F|89/100
|-damage|p1a: Politoed|77/100|[from] Stealth Rock
|switch|p2a: Hanako Ueda|Latias, F|46/100
|-damage|p2a: Hanako Ueda|34/100|[from] Stealth Rock
|
|-weather|RainDance|[upkeep]
|upkeep
|turn|20
|
|t:|1743267584
|move|p2a: Hanako Ueda|Healing Wish|p2a: Hanako Ueda
|faint|p2a: Hanako Ueda
|move|p1a: Politoed|Scald|p2: Hanako Ueda|[notarget]
|-fail|p1a: Politoed
|
|-weather|RainDance|[upkeep]
|upkeep
|
|t:|1743267585
|switch|p2a: Masaaki Iwane|Breloom, M|2/100
|-heal|p2a: Masaaki Iwane|100/100|[from] move: Healing Wish
|-damage|p2a: Masaaki Iwane|94/100|[from] Stealth Rock
|turn|21
|inactive|WeR#4Hay! has 30 seconds left.
|inactive|WeR#4Hay! has 20 seconds left.
|inactive|WeR#4Hay! has 15 seconds left.
|
|t:|1743267624
|move|p2a: Masaaki Iwane|Low Sweep|p1a: Politoed
|-damage|p1a: Politoed|0 fnt
|faint|p1a: Politoed
|
|-weather|RainDance|[upkeep]
|upkeep
|inactive|WeR#4Hay! has 20 seconds left this turn.
|
|t:|1743267643
|switch|p1a: Latios|Latios, M|42/100
|-damage|p1a: Latios|30/100|[from] Stealth Rock
|turn|22
|inactive|WeR#4Hay! has 30 seconds left this turn.
|inactive|Sinodin has 120 seconds left.
|
|t:|1743267664
|switch|p2a: Takeshi Maenami|Heatran, M|66/100
|-damage|p2a: Takeshi Maenami|54/100|[from] Stealth Rock
|move|p1a: Latios|Surf|p2a: Takeshi Maenami
|-supereffective|p2a: Takeshi Maenami
|-damage|p2a: Takeshi Maenami|0 fnt
|faint|p2a: Takeshi Maenami
|
|-weather|RainDance|[upkeep]
|upkeep
|inactive|WeR#4Hay! has 30 seconds left this turn.
|
|t:|1743267668
|switch|p2a: Masaaki Iwane|Breloom, M|94/100
|-damage|p2a: Masaaki Iwane|88/100|[from] Stealth Rock
|turn|23
|
|t:|1743267670
|move|p2a: Masaaki Iwane|Mach Punch|p1a: Latios
|-resisted|p1a: Latios
|-damage|p1a: Latios|0 fnt
|faint|p1a: Latios
|
|-weather|RainDance|[upkeep]
|upkeep
|
|t:|1743267672
|switch|p1a: Thundurus|Thundurus-Therian, M|76/100
|-damage|p1a: Thundurus|51/100|[from] Stealth Rock
|turn|24
|
|t:|1743267674
|move|p2a: Masaaki Iwane|Mach Punch|p1a: Thundurus
|-resisted|p1a: Thundurus
|-damage|p1a: Thundurus|8/100
|move|p1a: Thundurus|Hidden Power|p2a: Masaaki Iwane
|-supereffective|p2a: Masaaki Iwane
|-damage|p2a: Masaaki Iwane|0 fnt
|faint|p2a: Masaaki Iwane
|
|-weather|RainDance|[upkeep]
|upkeep
|
|t:|1743267676
|switch|p2a: Yusuke Oshida|Landorus-Therian, M|100/100
|-damage|p2a: Yusuke Oshida|88/100|[from] Stealth Rock
|-ability|p2a: Yusuke Oshida|Intimidate|boost
|-unboost|p1a: Thundurus|atk|1
|turn|25
|
|t:|1743267678
|move|p2a: Yusuke Oshida|Hidden Power|p1a: Thundurus
|-supereffective|p1a: Thundurus
|-damage|p1a: Thundurus|0 fnt
|faint|p1a: Thundurus
|
|win|WeR#4Hay!
|raw|Sinodin's rating: 1431 &rarr; <strong>1409</strong><br />(-22 for losing)
|raw|WeR#4Hay!'s rating: 1391 &rarr; <strong>1413</strong><br />(+22 for winning)
|c|☆WeR#4Hay!|gg
|l|☆Sinodin
|player|p1|
|l| JA0609
