|j|☆Testo junkie
|j|☆affkslho
|t:|1725743628
|gametype|singles
|player|p1|Testo junkie|aromalady|1446
|player|p2|affkslho|pokemaniac-gen3rs|1508
|teamsize|p1|6
|teamsize|p2|6
|gen|5
|tier|[Gen 5] OU
|rated|
|rule|Species Clause: Limit one of each Pokémon
|rule|OHKO Clause: OHKO moves are banned
|rule|Moody Clause: Moody is banned
|rule|Evasion Items Clause: Evasion items are banned
|rule|Evasion Moves Clause: Evasion moves are banned
|rule|Endless Battle Clause: Forcing endless battles is banned
|rule|HP Percentage Mod: HP is shown in percentages
|rule|Evasion Abilities Clause: Evasion abilities are banned
|rule|Sleep Moves Clause: Sleep-inducing moves are banned
|rule|Swagger Clause: Swagger is banned
|rule|Baton Pass Stat Clause: No Baton Passer may have a way to boost its stats
|clearpoke
|poke|p1|Slowbro, M|item
|poke|p1|Heatran, M|item
|poke|p1|Amoonguss, M|item
|poke|p1|Gliscor, M|item
|poke|p1|Excadrill, M|item
|poke|p1|Chansey, F|item
|poke|p2|Tyranitar, M|item
|poke|p2|Gliscor, M|item
|poke|p2|Mamoswine, M|item
|poke|p2|Keldeo|item
|poke|p2|Amoonguss, F|item
|poke|p2|Excadrill, M|item
|teampreview
|inactive|Battle timer is ON: inactive players will automatically lose when time's up. (requested by affkslho)
|
|t:|1725743642
|start
|switch|p1a: Slowbro|Slowbro, M|100/100
|switch|p2a: Gliscor|Gliscor, M|100/100
|turn|1
|
|t:|1725743646
|move|p2a: Gliscor|Protect|p2a: Gliscor
|-singleturn|p2a: Gliscor|Protect
|move|p1a: Slowbro|Ice Beam|p2a: Gliscor
|-activate|p2a: Gliscor|move: Protect
|
|-status|p2a: Gliscor|tox|[from] item: Toxic Orb
|upkeep
|turn|2
|
|t:|1725743656
|move|p2a: Gliscor|U-turn|p1a: Slowbro
|-supereffective|p1a: Slowbro
|-damage|p1a: Slowbro|83/100
|
|t:|1725743658
|switch|p2a: Tyranitar|Tyranitar, M|100/100|[from] U-turn
|-weather|Sandstorm|[from] ability: Sand Stream|[of] p2a: Tyranitar
|move|p1a: Slowbro|Scald|p2a: Tyranitar
|-supereffective|p2a: Tyranitar
|-damage|p2a: Tyranitar|74/100
|
|-weather|Sandstorm|[upkeep]
|-damage|p1a: Slowbro|77/100|[from] Sandstorm
|-heal|p1a: Slowbro|83/100|[from] item: Leftovers
|upkeep
|turn|3
|
|t:|1725743667
|switch|p1a: Excadrill|Excadrill, M|100/100
|-ability|p1a: Excadrill|Mold Breaker
|move|p2a: Tyranitar|Crunch|p1a: Excadrill
|-resisted|p1a: Excadrill
|-damage|p1a: Excadrill|74/100
|-unboost|p1a: Excadrill|def|1
|
|-weather|Sandstorm|[upkeep]
|-heal|p1a: Excadrill|80/100|[from] item: Leftovers
|upkeep
|turn|4
|
|t:|1725743672
|switch|p2a: Gliscor|Gliscor, M|100/100 tox
|move|p1a: Excadrill|Stealth Rock|p2a: Gliscor
|-sidestart|p2: affkslho|move: Stealth Rock
|
|-weather|Sandstorm|[upkeep]
|-heal|p1a: Excadrill|87/100|[from] item: Leftovers
|upkeep
|turn|5
|
|t:|1725743675
|switch|p1a: Slowbro|Slowbro, M|100/100
|move|p2a: Gliscor|Stealth Rock|p1a: Slowbro
|-sidestart|p1: Testo junkie|move: Stealth Rock
|
|-weather|Sandstorm|[upkeep]
|-damage|p1a: Slowbro|94/100|[from] Sandstorm
|-heal|p1a: Slowbro|100/100|[from] item: Leftovers
|upkeep
|turn|6
|
|t:|1725743679
|move|p2a: Gliscor|Protect|p2a: Gliscor
|-singleturn|p2a: Gliscor|Protect
|move|p1a: Slowbro|Scald|p2a: Gliscor
|-activate|p2a: Gliscor|move: Protect
|
|-weather|Sandstorm|[upkeep]
|-damage|p1a: Slowbro|94/100|[from] Sandstorm
|-heal|p1a: Slowbro|100/100|[from] item: Leftovers
|upkeep
|turn|7
|
|t:|1725743685
|move|p2a: Gliscor|U-turn|p1a: Slowbro
|-supereffective|p1a: Slowbro
|-damage|p1a: Slowbro|82/100
|
|t:|1725743687
|switch|p2a: Amoonguss|Amoonguss, F|100/100|[from] U-turn
|-damage|p2a: Amoonguss|88/100|[from] Stealth Rock
|move|p1a: Slowbro|Ice Beam|p2a: Amoonguss
|-supereffective|p2a: Amoonguss
|-damage|p2a: Amoonguss|61/100
|
|-weather|Sandstorm|[upkeep]
|-damage|p2a: Amoonguss|55/100|[from] Sandstorm
|-damage|p1a: Slowbro|76/100|[from] Sandstorm
|-heal|p2a: Amoonguss|61/100|[from] item: Black Sludge
|-heal|p1a: Slowbro|82/100|[from] item: Leftovers
|upkeep
|turn|8
|
|t:|1725743694
|switch|p1a: Chansey|Chansey, F|100/100
|-damage|p1a: Chansey|88/100|[from] Stealth Rock
|move|p2a: Amoonguss|Stun Spore|p1a: Chansey
|-status|p1a: Chansey|par
|
|-weather|Sandstorm|[upkeep]
|-damage|p2a: Amoonguss|55/100|[from] Sandstorm
|-damage|p1a: Chansey|82/100 par|[from] Sandstorm
|-heal|p2a: Amoonguss|61/100|[from] item: Black Sludge
|upkeep
|turn|9
|
|t:|1725743714
|switch|p2a: Mamoswine|Mamoswine, M|100/100
|-damage|p2a: Mamoswine|88/100|[from] Stealth Rock
|move|p1a: Chansey|Wish|p1a: Chansey
|
|-weather|Sandstorm|[upkeep]
|-damage|p1a: Chansey|76/100 par|[from] Sandstorm
|upkeep
|turn|10
|
|t:|1725743722
|-curestatus|p1a: Chansey|par|[from] ability: Natural Cure
|switch|p1a: Slowbro|Slowbro, M|100/100
|-damage|p1a: Slowbro|88/100|[from] Stealth Rock
|move|p2a: Mamoswine|Earthquake|p1a: Slowbro
|-damage|p1a: Slowbro|42/100
|
|-weather|Sandstorm|[upkeep]
|-damage|p1a: Slowbro|36/100|[from] Sandstorm
|-heal|p1a: Slowbro|100/100|[from] move: Wish|[wisher] Chansey
|upkeep
|turn|11
|
|t:|1725743728
|switch|p2a: Amoonguss|Amoonguss, F|94/100
|-damage|p2a: Amoonguss|82/100|[from] Stealth Rock
|switch|p1a: Gliscor|Gliscor, M|100/100
|-damage|p1a: Gliscor|88/100|[from] Stealth Rock
|
|-weather|Sandstorm|[upkeep]
|-damage|p2a: Amoonguss|76/100|[from] Sandstorm
|-heal|p2a: Amoonguss|82/100|[from] item: Black Sludge
|-status|p1a: Gliscor|tox|[from] item: Toxic Orb
|upkeep
|turn|12
|
|t:|1725743736
|switch|p2a: Gliscor|Gliscor, M|100/100 tox
|-damage|p2a: Gliscor|88/100 tox|[from] Stealth Rock
|move|p1a: Gliscor|Swords Dance|p1a: Gliscor
|-boost|p1a: Gliscor|atk|2
|
|-weather|Sandstorm|[upkeep]
|-heal|p1a: Gliscor|100/100 tox|[from] ability: Poison Heal
|-heal|p2a: Gliscor|100/100 tox|[from] ability: Poison Heal
|upkeep
|turn|13
|
|t:|1725743741
|move|p1a: Gliscor|Ice Fang|p2a: Gliscor
|-supereffective|p2a: Gliscor
|-damage|p2a: Gliscor|24/100 tox
|move|p2a: Gliscor|U-turn|p1a: Gliscor
|-resisted|p1a: Gliscor
|-damage|p1a: Gliscor|95/100 tox
|
|t:|1725743746
|switch|p2a: Keldeo|Keldeo|100/100|[from] U-turn
|-damage|p2a: Keldeo|94/100|[from] Stealth Rock
|
|-weather|Sandstorm|[upkeep]
|-damage|p2a: Keldeo|88/100|[from] Sandstorm
|-heal|p2a: Keldeo|94/100|[from] item: Leftovers
|-heal|p1a: Gliscor|100/100 tox|[from] ability: Poison Heal
|upkeep
|turn|14
|
|t:|1725743753
|switch|p1a: Amoonguss|Amoonguss, M|100/100
|-damage|p1a: Amoonguss|88/100|[from] Stealth Rock
|move|p2a: Keldeo|Hidden Power|p1a: Amoonguss
|-supereffective|p1a: Amoonguss
|-damage|p1a: Amoonguss|58/100
|
|-weather|Sandstorm|[upkeep]
|-damage|p2a: Keldeo|88/100|[from] Sandstorm
|-damage|p1a: Amoonguss|52/100|[from] Sandstorm
|-heal|p2a: Keldeo|94/100|[from] item: Leftovers
|-heal|p1a: Amoonguss|58/100|[from] item: Black Sludge
|upkeep
|turn|15
|
|t:|1725743762
|switch|p2a: Amoonguss|Amoonguss, F|100/100
|-damage|p2a: Amoonguss|88/100|[from] Stealth Rock
|move|p1a: Amoonguss|Giga Drain|p2a: Amoonguss
|-resisted|p2a: Amoonguss
|-damage|p2a: Amoonguss|84/100
|-heal|p1a: Amoonguss|60/100|[from] drain|[of] p2a: Amoonguss
|
|-weather|Sandstorm|[upkeep]
|-damage|p2a: Amoonguss|78/100|[from] Sandstorm
|-damage|p1a: Amoonguss|54/100|[from] Sandstorm
|-heal|p2a: Amoonguss|84/100|[from] item: Black Sludge
|-heal|p1a: Amoonguss|60/100|[from] item: Black Sludge
|upkeep
|turn|16
|j| Urmal
|
|t:|1725743768
|switch|p2a: Mamoswine|Mamoswine, M|88/100
|-damage|p2a: Mamoswine|76/100|[from] Stealth Rock
|switch|p1a: Heatran|Heatran, M|100/100
|-damage|p1a: Heatran|88/100|[from] Stealth Rock
|
|-weather|Sandstorm|[upkeep]
|-heal|p1a: Heatran|94/100|[from] item: Leftovers
|upkeep
|turn|17
|
|t:|1725743781
|move|p1a: Heatran|Protect|p1a: Heatran
|-singleturn|p1a: Heatran|Protect
|move|p2a: Mamoswine|Earthquake|p1a: Heatran
|-activate|p1a: Heatran|move: Protect
|
|-weather|Sandstorm|[upkeep]
|-heal|p1a: Heatran|100/100|[from] item: Leftovers
|upkeep
|turn|18
|
|t:|1725743785
|switch|p1a: Gliscor|Gliscor, M|100/100 tox
|-damage|p1a: Gliscor|88/100 tox|[from] Stealth Rock
|switch|p2a: Gliscor|Gliscor, M|24/100 tox
|-damage|p2a: Gliscor|12/100 tox|[from] Stealth Rock
|
|-weather|Sandstorm|[upkeep]
|-heal|p1a: Gliscor|100/100 tox|[from] ability: Poison Heal
|-heal|p2a: Gliscor|24/100 tox|[from] ability: Poison Heal
|upkeep
|turn|19
|
|t:|1725743791
|switch|p2a: Keldeo|Keldeo|94/100
|-damage|p2a: Keldeo|88/100|[from] Stealth Rock
|move|p1a: Gliscor|Ice Fang|p2a: Keldeo
|-resisted|p2a: Keldeo
|-damage|p2a: Keldeo|80/100
|
|-weather|Sandstorm|[upkeep]
|-damage|p2a: Keldeo|74/100|[from] Sandstorm
|-heal|p2a: Keldeo|80/100|[from] item: Leftovers
|upkeep
|turn|20
|
|t:|1725743799
|switch|p1a: Slowbro|Slowbro, M|100/100
|-damage|p1a: Slowbro|88/100|[from] Stealth Rock
|move|p2a: Keldeo|Hidden Power|p1a: Slowbro
|-resisted|p1a: Slowbro
|-damage|p1a: Slowbro|75/100
|
|-weather|Sandstorm|[upkeep]
|-damage|p2a: Keldeo|74/100|[from] Sandstorm
|-damage|p1a: Slowbro|69/100|[from] Sandstorm
|-heal|p2a: Keldeo|80/100|[from] item: Leftovers
|-heal|p1a: Slowbro|75/100|[from] item: Leftovers
|upkeep
|turn|21
|
|t:|1725743802
|move|p2a: Keldeo|Toxic|p1a: Slowbro
|-status|p1a: Slowbro|tox
|move|p1a: Slowbro|Scald|p2a: Keldeo
|-resisted|p2a: Keldeo
|-damage|p2a: Keldeo|65/100
|
|-weather|Sandstorm|[upkeep]
|-damage|p2a: Keldeo|58/100|[from] Sandstorm
|-damage|p1a: Slowbro|69/100 tox|[from] Sandstorm
|-heal|p2a: Keldeo|65/100|[from] item: Leftovers
|-heal|p1a: Slowbro|75/100 tox|[from] item: Leftovers
|-damage|p1a: Slowbro|69/100 tox|[from] psn
|upkeep
|turn|22
|l| Urmal
|
|t:|1725743811
|switch|p2a: Amoonguss|Amoonguss, F|100/100
|-damage|p2a: Amoonguss|88/100|[from] Stealth Rock
|move|p1a: Slowbro|Scald|p2a: Amoonguss
|-resisted|p2a: Amoonguss
|-damage|p2a: Amoonguss|80/100
|
|-weather|Sandstorm|[upkeep]
|-damage|p2a: Amoonguss|73/100|[from] Sandstorm
|-damage|p1a: Slowbro|63/100 tox|[from] Sandstorm
|-heal|p2a: Amoonguss|80/100|[from] item: Black Sludge
|-heal|p1a: Slowbro|69/100 tox|[from] item: Leftovers
|-damage|p1a: Slowbro|57/100 tox|[from] psn
|upkeep
|turn|23
|
|t:|1725743820
|switch|p1a: Chansey|Chansey, F|76/100
|-damage|p1a: Chansey|64/100|[from] Stealth Rock
|move|p2a: Amoonguss|Stun Spore|p1a: Chansey
|-status|p1a: Chansey|par
|
|-weather|Sandstorm|[upkeep]
|-damage|p2a: Amoonguss|73/100|[from] Sandstorm
|-damage|p1a: Chansey|57/100 par|[from] Sandstorm
|-heal|p2a: Amoonguss|80/100|[from] item: Black Sludge
|upkeep
|turn|24
|
|t:|1725743826
|switch|p2a: Mamoswine|Mamoswine, M|76/100
|-damage|p2a: Mamoswine|63/100|[from] Stealth Rock
|move|p1a: Chansey|Soft-Boiled|p1a: Chansey
|-heal|p1a: Chansey|100/100 par
|
|-weather|Sandstorm|[upkeep]
|-damage|p1a: Chansey|94/100 par|[from] Sandstorm
|upkeep
|turn|25
|
|t:|1725743831
|move|p2a: Mamoswine|Icicle Crash|p1a: Chansey
|-damage|p1a: Chansey|50/100 par
|move|p1a: Chansey|Soft-Boiled|p1a: Chansey
|-heal|p1a: Chansey|99/100 par
|
|-weather|Sandstorm|[upkeep]
|-damage|p1a: Chansey|94/100 par|[from] Sandstorm
|upkeep
|turn|26
|
|t:|1725743839
|switch|p2a: Keldeo|Keldeo|65/100
|-damage|p2a: Keldeo|58/100|[from] Stealth Rock
|-curestatus|p1a: Chansey|par|[from] ability: Natural Cure
|switch|p1a: Slowbro|Slowbro, M|90/100 tox
|-damage|p1a: Slowbro|78/100 tox|[from] Stealth Rock
|
|-weather|Sandstorm|[upkeep]
|-damage|p2a: Keldeo|52/100|[from] Sandstorm
|-damage|p1a: Slowbro|72/100 tox|[from] Sandstorm
|-heal|p2a: Keldeo|58/100|[from] item: Leftovers
|-heal|p1a: Slowbro|78/100 tox|[from] item: Leftovers
|-damage|p1a: Slowbro|72/100 tox|[from] psn
|upkeep
|turn|27
|
|t:|1725743845
|switch|p2a: Amoonguss|Amoonguss, F|100/100
|-damage|p2a: Amoonguss|88/100|[from] Stealth Rock
|move|p1a: Slowbro|Scald|p2a: Amoonguss
|-resisted|p2a: Amoonguss
|-damage|p2a: Amoonguss|78/100
|
|-weather|Sandstorm|[upkeep]
|-damage|p2a: Amoonguss|72/100|[from] Sandstorm
|-damage|p1a: Slowbro|66/100 tox|[from] Sandstorm
|-heal|p2a: Amoonguss|78/100|[from] item: Black Sludge
|-heal|p1a: Slowbro|72/100 tox|[from] item: Leftovers
|-damage|p1a: Slowbro|60/100 tox|[from] psn
|upkeep
|turn|28
|
|t:|1725743850
|switch|p1a: Amoonguss|Amoonguss, M|93/100
|-damage|p1a: Amoonguss|81/100|[from] Stealth Rock
|move|p2a: Amoonguss|Giga Drain|p1a: Amoonguss
|-resisted|p1a: Amoonguss
|-damage|p1a: Amoonguss|77/100
|-heal|p2a: Amoonguss|80/100|[from] drain|[of] p1a: Amoonguss
|
|-weather|Sandstorm|[upkeep]
|-damage|p2a: Amoonguss|74/100|[from] Sandstorm
|-damage|p1a: Amoonguss|71/100|[from] Sandstorm
|-heal|p2a: Amoonguss|80/100|[from] item: Black Sludge
|-heal|p1a: Amoonguss|77/100|[from] item: Black Sludge
|upkeep
|turn|29
|
|t:|1725743855
|switch|p1a: Excadrill|Excadrill, M|87/100
|-damage|p1a: Excadrill|83/100|[from] Stealth Rock
|-ability|p1a: Excadrill|Mold Breaker
|move|p2a: Amoonguss|Stun Spore|p1a: Excadrill
|-status|p1a: Excadrill|par
|
|-weather|Sandstorm|[upkeep]
|-damage|p2a: Amoonguss|74/100|[from] Sandstorm
|-heal|p2a: Amoonguss|80/100|[from] item: Black Sludge
|-heal|p1a: Excadrill|90/100 par|[from] item: Leftovers
|upkeep
|turn|30
|
|t:|1725743862
|switch|p2a: Gliscor|Gliscor, M|24/100 tox
|-damage|p2a: Gliscor|12/100 tox|[from] Stealth Rock
|cant|p1a: Excadrill|par
|
|-weather|Sandstorm|[upkeep]
|-heal|p1a: Excadrill|96/100 par|[from] item: Leftovers
|-heal|p2a: Gliscor|24/100 tox|[from] ability: Poison Heal
|upkeep
|turn|31
|
|t:|1725743873
|move|p2a: Gliscor|Earthquake|p1a: Excadrill
|-supereffective|p1a: Excadrill
|-damage|p1a: Excadrill|14/100 par
|cant|p1a: Excadrill|par
|
|-weather|Sandstorm|[upkeep]
|-heal|p1a: Excadrill|20/100 par|[from] item: Leftovers
|-heal|p2a: Gliscor|37/100 tox|[from] ability: Poison Heal
|upkeep
|turn|32
|c|☆Testo junkie|but god knows aint no way im landing a scald burn
|
|t:|1725743895
|switch|p2a: Keldeo|Keldeo|58/100
|-damage|p2a: Keldeo|52/100|[from] Stealth Rock
|switch|p1a: Gliscor|Gliscor, M|100/100 tox
|-damage|p1a: Gliscor|88/100 tox|[from] Stealth Rock
|
|-weather|Sandstorm|[upkeep]
|-damage|p2a: Keldeo|46/100|[from] Sandstorm
|-heal|p2a: Keldeo|52/100|[from] item: Leftovers
|-heal|p1a: Gliscor|100/100 tox|[from] ability: Poison Heal
|upkeep
|turn|33
|
|t:|1725743903
|switch|p1a: Slowbro|Slowbro, M|93/100 tox
|-damage|p1a: Slowbro|80/100 tox|[from] Stealth Rock
|move|p2a: Keldeo|Hidden Power|p1a: Slowbro
|-resisted|p1a: Slowbro
|-damage|p1a: Slowbro|69/100 tox
|
|-weather|Sandstorm|[upkeep]
|-damage|p2a: Keldeo|46/100|[from] Sandstorm
|-damage|p1a: Slowbro|63/100 tox|[from] Sandstorm
|-heal|p2a: Keldeo|52/100|[from] item: Leftovers
|-heal|p1a: Slowbro|69/100 tox|[from] item: Leftovers
|-damage|p1a: Slowbro|63/100 tox|[from] psn
|upkeep
|turn|34
|
|t:|1725743916
|switch|p2a: Amoonguss|Amoonguss, F|100/100
|-damage|p2a: Amoonguss|88/100|[from] Stealth Rock
|switch|p1a: Amoonguss|Amoonguss, M|100/100
|-damage|p1a: Amoonguss|88/100|[from] Stealth Rock
|
|-weather|Sandstorm|[upkeep]
|-damage|p2a: Amoonguss|82/100|[from] Sandstorm
|-damage|p1a: Amoonguss|82/100|[from] Sandstorm
|-heal|p2a: Amoonguss|88/100|[from] item: Black Sludge
|-heal|p1a: Amoonguss|88/100|[from] item: Black Sludge
|upkeep
|turn|35
|
|t:|1725743923
|switch|p1a: Gliscor|Gliscor, M|100/100 tox
|-damage|p1a: Gliscor|88/100 tox|[from] Stealth Rock
|move|p2a: Amoonguss|Stun Spore||[still]
|-fail|p2a: Amoonguss
|
|-weather|Sandstorm|[upkeep]
|-damage|p2a: Amoonguss|82/100|[from] Sandstorm
|-heal|p2a: Amoonguss|88/100|[from] item: Black Sludge
|-heal|p1a: Gliscor|100/100 tox|[from] ability: Poison Heal
|upkeep
|turn|36
|
|t:|1725743940
|switch|p2a: Mamoswine|Mamoswine, M|63/100
|-damage|p2a: Mamoswine|51/100|[from] Stealth Rock
|move|p1a: Gliscor|Earthquake|p2a: Mamoswine
|-damage|p2a: Mamoswine|10/100
|
|-weather|Sandstorm|[upkeep]
|upkeep
|turn|37
|
|t:|1725743948
|switch|p1a: Excadrill|Excadrill, M|20/100 par
|-damage|p1a: Excadrill|17/100 par|[from] Stealth Rock
|-ability|p1a: Excadrill|Mold Breaker
|move|p2a: Mamoswine|Icicle Crash|p1a: Excadrill
|-damage|p1a: Excadrill|0 fnt
|faint|p1a: Excadrill
|
|-weather|Sandstorm|[upkeep]
|upkeep
|
|t:|1725743952
|switch|p1a: Heatran|Heatran, M|100/100
|-damage|p1a: Heatran|88/100|[from] Stealth Rock
|turn|38
|
|t:|1725743962
|switch|p2a: Tyranitar|Tyranitar, M|74/100
|-damage|p2a: Tyranitar|61/100|[from] Stealth Rock
|move|p1a: Heatran|Magma Storm|p2a: Tyranitar
|-resisted|p2a: Tyranitar
|-damage|p2a: Tyranitar|49/100
|-activate|p2a: Tyranitar|move: Magma Storm|[of] p1a: Heatran
|
|-weather|Sandstorm|[upkeep]
|-heal|p1a: Heatran|94/100|[from] item: Leftovers
|-damage|p2a: Tyranitar|43/100|[from] move: Magma Storm|[partiallytrapped]
|upkeep
|turn|39
|
|t:|1725743972
|move|p1a: Heatran|Protect|p1a: Heatran
|-singleturn|p1a: Heatran|Protect
|move|p2a: Tyranitar|Crunch|p1a: Heatran
|-activate|p1a: Heatran|move: Protect
|
|-weather|Sandstorm|[upkeep]
|-heal|p1a: Heatran|100/100|[from] item: Leftovers
|-damage|p2a: Tyranitar|37/100|[from] move: Magma Storm|[partiallytrapped]
|upkeep
|turn|40
|
|t:|1725743974
|move|p1a: Heatran|Earth Power|p2a: Tyranitar
|-supereffective|p2a: Tyranitar
|-damage|p2a: Tyranitar|13/100
|move|p2a: Tyranitar|Superpower|p1a: Heatran
|-supereffective|p1a: Heatran
|-damage|p1a: Heatran|33/100
|-unboost|p2a: Tyranitar|atk|1
|-unboost|p2a: Tyranitar|def|1
|
|-weather|Sandstorm|[upkeep]
|-heal|p1a: Heatran|39/100|[from] item: Leftovers
|-damage|p2a: Tyranitar|6/100|[from] move: Magma Storm|[partiallytrapped]
|upkeep
|turn|41
|
|t:|1725743983
|move|p1a: Heatran|Earth Power|p2a: Tyranitar
|-supereffective|p2a: Tyranitar
|-damage|p2a: Tyranitar|0 fnt
|faint|p2a: Tyranitar
|
|-weather|Sandstorm|[upkeep]
|-heal|p1a: Heatran|45/100|[from] item: Leftovers
|upkeep
|
|t:|1725743997
|switch|p2a: Gliscor|Gliscor, M|37/100 tox
|-damage|p2a: Gliscor|24/100 tox|[from] Stealth Rock
|turn|42
|
|t:|1725744002
|move|p1a: Heatran|Magma Storm|p2a: Gliscor
|-damage|p2a: Gliscor|0 fnt
|faint|p2a: Gliscor
|
|-weather|Sandstorm|[upkeep]
|-heal|p1a: Heatran|52/100|[from] item: Leftovers
|upkeep
|
|t:|1725744008
|switch|p2a: Keldeo|Keldeo|52/100
|-damage|p2a: Keldeo|46/100|[from] Stealth Rock
|turn|43
|
|t:|1725744013
|move|p1a: Heatran|Protect|p1a: Heatran
|-singleturn|p1a: Heatran|Protect
|move|p2a: Keldeo|Secret Sword|p1a: Heatran
|-activate|p1a: Heatran|move: Protect
|
|-weather|Sandstorm|[upkeep]
|-damage|p2a: Keldeo|40/100|[from] Sandstorm
|-heal|p2a: Keldeo|46/100|[from] item: Leftovers
|-heal|p1a: Heatran|58/100|[from] item: Leftovers
|upkeep
|turn|44
|
|t:|1725744016
|switch|p2a: Excadrill|Excadrill, M|100/100
|-damage|p2a: Excadrill|97/100|[from] Stealth Rock
|switch|p1a: Amoonguss|Amoonguss, M|100/100
|-damage|p1a: Amoonguss|88/100|[from] Stealth Rock
|
|-weather|Sandstorm|[upkeep]
|-damage|p1a: Amoonguss|82/100|[from] Sandstorm
|-heal|p2a: Excadrill|100/100|[from] item: Leftovers
|-heal|p1a: Amoonguss|88/100|[from] item: Black Sludge
|upkeep
|turn|45
|
|t:|1725744019
|switch|p1a: Gliscor|Gliscor, M|100/100 tox
|-damage|p1a: Gliscor|88/100 tox|[from] Stealth Rock
|move|p2a: Excadrill|Rapid Spin|p1a: Gliscor
|-damage|p1a: Gliscor|83/100 tox
|-sideend|p2: affkslho|Stealth Rock|[from] move: Rapid Spin|[of] p2a: Excadrill
|
|-weather|Sandstorm|[upkeep]
|-heal|p1a: Gliscor|96/100 tox|[from] ability: Poison Heal
|upkeep
|turn|46
|
|t:|1725744023
|switch|p2a: Amoonguss|Amoonguss, F|100/100
|move|p1a: Gliscor|Earthquake|p2a: Amoonguss
|-damage|p2a: Amoonguss|69/100
|
|-weather|Sandstorm|[upkeep]
|-damage|p2a: Amoonguss|63/100|[from] Sandstorm
|-heal|p2a: Amoonguss|69/100|[from] item: Black Sludge
|-heal|p1a: Gliscor|100/100 tox|[from] ability: Poison Heal
|upkeep
|turn|47
|
|t:|1725744029
|move|p1a: Gliscor|Earthquake|p2a: Amoonguss
|-damage|p2a: Amoonguss|36/100
|move|p2a: Amoonguss|Giga Drain|p1a: Gliscor
|-damage|p1a: Gliscor|74/100 tox
|-heal|p2a: Amoonguss|47/100|[from] drain|[of] p1a: Gliscor
|
|-weather|Sandstorm|[upkeep]
|-damage|p2a: Amoonguss|41/100|[from] Sandstorm
|-heal|p2a: Amoonguss|47/100|[from] item: Black Sludge
|-heal|p1a: Gliscor|86/100 tox|[from] ability: Poison Heal
|upkeep
|turn|48
|
|t:|1725744032
|move|p1a: Gliscor|Earthquake|p2a: Amoonguss
|-damage|p2a: Amoonguss|16/100
|move|p2a: Amoonguss|Giga Drain|p1a: Gliscor
|-damage|p1a: Gliscor|59/100 tox
|-heal|p2a: Amoonguss|27/100|[from] drain|[of] p1a: Gliscor
|
|-weather|Sandstorm|[upkeep]
|-damage|p2a: Amoonguss|21/100|[from] Sandstorm
|-heal|p2a: Amoonguss|27/100|[from] item: Black Sludge
|-heal|p1a: Gliscor|71/100 tox|[from] ability: Poison Heal
|upkeep
|turn|49
|
|t:|1725744035
|move|p1a: Gliscor|Earthquake|p2a: Amoonguss
|-damage|p2a: Amoonguss|0 fnt
|faint|p2a: Amoonguss
|
|-weather|Sandstorm|[upkeep]
|-heal|p1a: Gliscor|84/100 tox|[from] ability: Poison Heal
|upkeep
|
|t:|1725744037
|switch|p2a: Mamoswine|Mamoswine, M|10/100
|turn|50
|
|t:|1725744041
|switch|p1a: Slowbro|Slowbro, M|96/100 tox
|-damage|p1a: Slowbro|83/100 tox|[from] Stealth Rock
|move|p2a: Mamoswine|Icicle Crash|p1a: Slowbro
|-resisted|p1a: Slowbro
|-damage|p1a: Slowbro|62/100 tox
|
|-weather|Sandstorm|[upkeep]
|-damage|p1a: Slowbro|56/100 tox|[from] Sandstorm
|-heal|p1a: Slowbro|62/100 tox|[from] item: Leftovers
|-damage|p1a: Slowbro|56/100 tox|[from] psn
|upkeep
|turn|51
|
|t:|1725744048
|switch|p2a: Keldeo|Keldeo|46/100
|switch|p1a: Heatran|Heatran, M|58/100
|-damage|p1a: Heatran|45/100|[from] Stealth Rock
|
|-weather|Sandstorm|[upkeep]
|-damage|p2a: Keldeo|40/100|[from] Sandstorm
|-heal|p2a: Keldeo|46/100|[from] item: Leftovers
|-heal|p1a: Heatran|52/100|[from] item: Leftovers
|upkeep
|turn|52
|
|t:|1725744053
|switch|p1a: Amoonguss|Amoonguss, M|100/100
|-damage|p1a: Amoonguss|88/100|[from] Stealth Rock
|move|p2a: Keldeo|Scald|p1a: Amoonguss
|-resisted|p1a: Amoonguss
|-damage|p1a: Amoonguss|74/100
|-status|p1a: Amoonguss|brn
|
|-weather|Sandstorm|[upkeep]
|-damage|p2a: Keldeo|40/100|[from] Sandstorm
|-damage|p1a: Amoonguss|68/100 brn|[from] Sandstorm
|-heal|p2a: Keldeo|46/100|[from] item: Leftovers
|-heal|p1a: Amoonguss|74/100 brn|[from] item: Black Sludge
|-damage|p1a: Amoonguss|62/100 brn|[from] brn
|upkeep
|turn|53
|
|t:|1725744058
|switch|p2a: Excadrill|Excadrill, M|100/100
|move|p1a: Amoonguss|Giga Drain|p2a: Excadrill
|-damage|p2a: Excadrill|77/100
|-heal|p1a: Amoonguss|73/100 brn|[from] drain|[of] p2a: Excadrill
|
|-weather|Sandstorm|[upkeep]
|-damage|p1a: Amoonguss|67/100 brn|[from] Sandstorm
|-heal|p2a: Excadrill|83/100|[from] item: Leftovers
|-heal|p1a: Amoonguss|73/100 brn|[from] item: Black Sludge
|-damage|p1a: Amoonguss|61/100 brn|[from] brn
|upkeep
|turn|54
|
|t:|1725744067
|switch|p1a: Gliscor|Gliscor, M|84/100 tox
|-damage|p1a: Gliscor|71/100 tox|[from] Stealth Rock
|move|p2a: Excadrill|Iron Head|p1a: Gliscor
|-crit|p1a: Gliscor
|-damage|p1a: Gliscor|2/100 tox
|
|-weather|Sandstorm|[upkeep]
|-heal|p2a: Excadrill|89/100|[from] item: Leftovers
|-heal|p1a: Gliscor|14/100 tox|[from] ability: Poison Heal
|upkeep
|turn|55
|c|☆Testo junkie|jesus christ
|
|t:|1725744082
|move|p2a: Excadrill|Iron Head|p1a: Gliscor
|-damage|p1a: Gliscor|0 fnt
|faint|p1a: Gliscor
|
|-weather|Sandstorm|[upkeep]
|-heal|p2a: Excadrill|95/100|[from] item: Leftovers
|upkeep
|
|t:|1725744086
|switch|p1a: Slowbro|Slowbro, M|90/100 tox
|-damage|p1a: Slowbro|77/100 tox|[from] Stealth Rock
|turn|56
|
|t:|1725744093
|move|p2a: Excadrill|Protect|p2a: Excadrill
|-singleturn|p2a: Excadrill|Protect
|move|p1a: Slowbro|Scald|p2a: Excadrill
|-activate|p2a: Excadrill|move: Protect
|
|-weather|Sandstorm|[upkeep]
|-damage|p1a: Slowbro|71/100 tox|[from] Sandstorm
|-heal|p2a: Excadrill|100/100|[from] item: Leftovers
|-heal|p1a: Slowbro|77/100 tox|[from] item: Leftovers
|-damage|p1a: Slowbro|71/100 tox|[from] psn
|upkeep
|turn|57
|
|t:|1725744111
|switch|p2a: Keldeo|Keldeo|46/100
|move|p1a: Slowbro|Scald|p2a: Keldeo
|-resisted|p2a: Keldeo
|-damage|p2a: Keldeo|30/100
|
|-weather|Sandstorm|[upkeep]
|-damage|p2a: Keldeo|24/100|[from] Sandstorm
|-damage|p1a: Slowbro|65/100 tox|[from] Sandstorm
|-heal|p2a: Keldeo|30/100|[from] item: Leftovers
|-heal|p1a: Slowbro|71/100 tox|[from] item: Leftovers
|-damage|p1a: Slowbro|59/100 tox|[from] psn
|upkeep
|turn|58
|
|t:|1725744133
|switch|p2a: Mamoswine|Mamoswine, M|10/100
|move|p1a: Slowbro|Slack Off|p1a: Slowbro
|-heal|p1a: Slowbro|100/100 tox
|
|-weather|Sandstorm|[upkeep]
|-damage|p1a: Slowbro|94/100 tox|[from] Sandstorm
|-heal|p1a: Slowbro|100/100 tox|[from] item: Leftovers
|-damage|p1a: Slowbro|82/100 tox|[from] psn
|upkeep
|turn|59
|
|t:|1725744140
|move|p2a: Mamoswine|Earthquake|p1a: Slowbro
|-crit|p1a: Slowbro
|-damage|p1a: Slowbro|0 fnt
|faint|p1a: Slowbro
|
|-weather|Sandstorm|[upkeep]
|upkeep
|c|☆Testo junkie|another day at the office
|
|t:|1725744164
|switch|p1a: Chansey|Chansey, F|94/100
|-damage|p1a: Chansey|82/100|[from] Stealth Rock
|turn|60
|
|t:|1725744170
|move|p2a: Mamoswine|Earthquake|p1a: Chansey
|-damage|p1a: Chansey|23/100
|move|p1a: Chansey|Seismic Toss|p2a: Mamoswine
|-damage|p2a: Mamoswine|0 fnt
|faint|p2a: Mamoswine
|
|-weather|Sandstorm|[upkeep]
|-damage|p1a: Chansey|17/100|[from] Sandstorm
|upkeep
|
|t:|1725744173
|switch|p2a: Excadrill|Excadrill, M|100/100
|turn|61
|
|t:|1725744175
|move|p2a: Excadrill|Earthquake|p1a: Chansey
|-damage|p1a: Chansey|0 fnt
|faint|p1a: Chansey
|
|-weather|Sandstorm|[upkeep]
|upkeep
|
|t:|1725744178
|switch|p1a: Heatran|Heatran, M|52/100
|-damage|p1a: Heatran|39/100|[from] Stealth Rock
|turn|62
|
|t:|1725744181
|move|p2a: Excadrill|Earthquake|p1a: Heatran
|-supereffective|p1a: Heatran
|-damage|p1a: Heatran|0 fnt
|faint|p1a: Heatran
|
|-weather|Sandstorm|[upkeep]
|upkeep
|
|t:|1725744186
|switch|p1a: Amoonguss|Amoonguss, M|94/100 brn
|-damage|p1a: Amoonguss|81/100 brn|[from] Stealth Rock
|turn|63
|
|t:|1725744191
|move|p2a: Excadrill|Earthquake|p1a: Amoonguss
|-damage|p1a: Amoonguss|25/100 brn
|move|p1a: Amoonguss|Giga Drain|p2a: Excadrill
|-damage|p2a: Excadrill|75/100
|-heal|p1a: Amoonguss|36/100 brn|[from] drain|[of] p2a: Excadrill
|
|-weather|Sandstorm|[upkeep]
|-damage|p1a: Amoonguss|30/100 brn|[from] Sandstorm
|-heal|p2a: Excadrill|82/100|[from] item: Leftovers
|-heal|p1a: Amoonguss|36/100 brn|[from] item: Black Sludge
|-damage|p1a: Amoonguss|24/100 brn|[from] brn
|upkeep
|turn|64
|
|t:|1725744199
|move|p2a: Excadrill|Earthquake|p1a: Amoonguss
|-damage|p1a: Amoonguss|0 fnt
|faint|p1a: Amoonguss
|
|win|affkslho
|raw|Testo junkie's rating: 1446 &rarr; <strong>1430</strong><br />(-16 for losing)
|raw|affkslho's rating: 1508 &rarr; <strong>1524</strong><br />(+16 for winning)
