|j|☆sidis
|j|☆testbwou
|t:|1709625218
|gametype|singles
|player|p1|sidis|iris-gen5bw2|1310
|player|p2|testbwou|265|1431
|teamsize|p1|6
|teamsize|p2|6
|gen|5
|tier|[Gen 5] OU
|rated|
|rule|Species Clause: Limit one of each Pokémon
|rule|OHKO Clause: OHKO moves are banned
|rule|Moody Clause: Moody is banned
|rule|Evasion Items Clause: Evasion items are banned
|rule|Evasion Moves Clause: Evasion moves are banned
|rule|Endless Battle Clause: Forcing endless battles is banned
|rule|HP Percentage Mod: HP is shown in percentages
|rule|Evasion Abilities Clause: Evasion abilities are banned
|rule|Sleep Moves Clause: Sleep-inducing moves are banned
|rule|Swagger Clause: Swagger is banned
|rule|Baton Pass Stat Clause: No Baton Passer may have a way to boost its stats
|clearpoke
|poke|p1|Ninetales, F|item
|poke|p1|Typhlosion, M|item
|poke|p1|Victini|item
|poke|p1|Donphan, M|item
|poke|p1|Breloom, F|item
|poke|p1|Espeon, M|item
|poke|p2|Riolu, F|item
|poke|p2|Forretress, F|item
|poke|p2|Shedinja|item
|poke|p2|Politoed, F|item
|poke|p2|Gengar, M|item
|poke|p2|Starmie|item
|teampreview
|
|t:|1709625227
|start
|switch|p1a: Espeon|Espeon, M|100/100
|switch|p2a: Forretress|Forretress, F|100/100
|turn|1
|inactive|Battle timer is ON: inactive players will automatically lose when time's up. (requested by testbwou)
|
|t:|1709625231
|move|p1a: Espeon|Reflect|p1a: Espeon
|-sidestart|p1: sidis|Reflect
|move|p2a: Forretress|Volt Switch|p1a: Espeon
|-damage|p1a: Espeon|84/100
|
|t:|1709625246
|switch|p2a: Gengar|Gengar, M|100/100|[from] Volt Switch
|
|upkeep
|turn|2
|inactive|sidis has 120 seconds left.
|
|t:|1709625276
|switch|p1a: Breloom|Breloom, F|100/100
|move|p2a: Gengar|Shadow Ball|p1a: Breloom
|-damage|p1a: Breloom|12/100
|-damage|p2a: Gengar|91/100|[from] item: Life Orb
|
|-status|p1a: Breloom|tox|[from] item: Toxic Orb
|upkeep
|turn|3
|
|t:|1709625296
|-singleturn|p1a: Breloom|move: Focus Punch
|move|p2a: Gengar|Hidden Power|p1a: Breloom
|-supereffective|p1a: Breloom
|-damage|p1a: Breloom|0 fnt
|faint|p1a: Breloom
|-damage|p2a: Gengar|81/100|[from] item: Life Orb
|
|upkeep
|inactive|sidis has 120 seconds left.
|
|t:|1709625314
|switch|p1a: Donphan|Donphan, M|100/100
|turn|4
|
|t:|1709625317
|move|p2a: Gengar|Hidden Power|p1a: Donphan
|-supereffective|p1a: Donphan
|-damage|p1a: Donphan|17/100
|-damage|p2a: Gengar|71/100|[from] item: Life Orb
|move|p1a: Donphan|Stealth Rock|p2a: Gengar
|-sidestart|p2: testbwou|move: Stealth Rock
|
|-heal|p1a: Donphan|23/100|[from] item: Leftovers
|upkeep
|turn|5
|
|t:|1709625319
|move|p1a: Donphan|Ice Shard|p2a: Gengar
|-damage|p2a: Gengar|42/100
|move|p2a: Gengar|Hidden Power|p1a: Donphan
|-supereffective|p1a: Donphan
|-damage|p1a: Donphan|0 fnt
|faint|p1a: Donphan
|-damage|p2a: Gengar|32/100|[from] item: Life Orb
|
|upkeep
|
|t:|1709625329
|switch|p1a: Ninetales|Ninetales, F|100/100
|-weather|SunnyDay|[from] ability: Drought|[of] p1a: Ninetales
|turn|6
|
|t:|1709625333
|move|p2a: Gengar|Shadow Ball|p1a: Ninetales
|-damage|p1a: Ninetales|41/100
|-unboost|p1a: Ninetales|spd|1
|-damage|p2a: Gengar|22/100|[from] item: Life Orb
|move|p1a: Ninetales|Fire Blast|p2a: Gengar
|-damage|p2a: Gengar|0 fnt
|faint|p2a: Gengar
|
|-weather|SunnyDay|[upkeep]
|-heal|p1a: Ninetales|46/100|[from] item: Leftovers
|upkeep
|
|t:|1709625348
|switch|p2a: Politoed|Politoed, F|100/100
|-damage|p2a: Politoed|88/100|[from] Stealth Rock
|-weather|RainDance|[from] ability: Drizzle|[of] p2a: Politoed
|turn|7
|
|t:|1709625357
|switch|p1a: Espeon|Espeon, M|84/100
|move|p2a: Politoed|Surf|p1a: Espeon
|-damage|p1a: Espeon|27/100
|
|-weather|RainDance|[upkeep]
|upkeep
|turn|8
|
|t:|1709625387
|switch|p1a: Ninetales|Ninetales, F|46/100
|-weather|SunnyDay|[from] ability: Drought|[of] p1a: Ninetales
|move|p2a: Politoed|Surf|p1a: Ninetales
|-supereffective|p1a: Ninetales
|-damage|p1a: Ninetales|4/100
|
|-weather|SunnyDay|[upkeep]
|-heal|p1a: Ninetales|10/100|[from] item: Leftovers
|-sideend|p1: sidis|Reflect
|upkeep
|turn|9
|
|t:|1709625394
|switch|p1a: Victini|Victini|100/100
|move|p2a: Politoed|Surf|p1a: Victini
|-supereffective|p1a: Victini
|-damage|p1a: Victini|61/100
|
|-weather|SunnyDay|[upkeep]
|upkeep
|turn|10
|
|t:|1709625400
|switch|p2a: Starmie|Starmie|100/100
|-damage|p2a: Starmie|88/100|[from] Stealth Rock
|move|p1a: Victini|V-create|p2a: Starmie
|-resisted|p2a: Starmie
|-damage|p2a: Starmie|0 fnt
|-unboost|p1a: Victini|spe|1
|-unboost|p1a: Victini|def|1
|-unboost|p1a: Victini|spd|1
|faint|p2a: Starmie
|
|-weather|SunnyDay|[upkeep]
|upkeep
|
|t:|1709625402
|switch|p2a: Forretress|Forretress, F|100/100
|-damage|p2a: Forretress|88/100|[from] Stealth Rock
|turn|11
|
|t:|1709625406
|move|p1a: Victini|V-create|p2a: Forretress
|-supereffective|p2a: Forretress
|-damage|p2a: Forretress|0 fnt
|-unboost|p1a: Victini|spe|1
|-unboost|p1a: Victini|def|1
|-unboost|p1a: Victini|spd|1
|faint|p2a: Forretress
|
|-weather|SunnyDay|[upkeep]
|upkeep
|
|t:|1709625409
|switch|p2a: Politoed|Politoed, F|88/100
|-damage|p2a: Politoed|76/100|[from] Stealth Rock
|-weather|RainDance|[from] ability: Drizzle|[of] p2a: Politoed
|turn|12
|
|t:|1709625416
|switch|p1a: Ninetales|Ninetales, F|10/100
|-weather|SunnyDay|[from] ability: Drought|[of] p1a: Ninetales
|move|p2a: Politoed|Surf|p1a: Ninetales
|-supereffective|p1a: Ninetales
|-damage|p1a: Ninetales|0 fnt
|faint|p1a: Ninetales
|
|-weather|SunnyDay|[upkeep]
|upkeep
|
|t:|1709625418
|switch|p1a: Victini|Victini|61/100
|turn|13
|
|t:|1709625433
|switch|p2a: Riolu|Riolu, F|100/100
|-damage|p2a: Riolu|95/100|[from] Stealth Rock
|switch|p1a: Espeon|Espeon, M|27/100
|
|-weather|SunnyDay|[upkeep]
|upkeep
|turn|14
|
|t:|1709625444
|move|p2a: Riolu|Copycat|p2a: Riolu
|move|p2a: Riolu|Surf|p1a: Espeon|[from]move: Copycat
|-damage|p1a: Espeon|23/100
|move|p1a: Espeon|Light Screen|p1a: Espeon
|-sidestart|p1: sidis|move: Light Screen
|
|-weather|SunnyDay|[upkeep]
|upkeep
|turn|15
|
|t:|1709625450
|move|p2a: Riolu|Copycat|p2a: Riolu
|move|p2a: Riolu|Light Screen|p2a: Riolu|[from]move: Copycat
|-sidestart|p2: testbwou|move: Light Screen
|move|p1a: Espeon|Reflect|p1a: Espeon
|-sidestart|p1: sidis|Reflect
|
|-weather|SunnyDay|[upkeep]
|upkeep
|turn|16
|
|t:|1709625456
|move|p2a: Riolu|Copycat|p2a: Riolu
|move|p2a: Riolu|Reflect|p2a: Riolu|[from]move: Copycat
|-sidestart|p2: testbwou|Reflect
|move|p1a: Espeon|Psychic|p2a: Riolu
|-supereffective|p2a: Riolu
|-damage|p2a: Riolu|0 fnt
|faint|p2a: Riolu
|
|-weather|SunnyDay|[upkeep]
|upkeep
|
|t:|1709625461
|switch|p2a: Politoed|Politoed, F|76/100
|-damage|p2a: Politoed|63/100|[from] Stealth Rock
|-weather|RainDance|[from] ability: Drizzle|[of] p2a: Politoed
|turn|17
|
|t:|1709625469
|move|p2a: Politoed|Surf|p1a: Espeon
|-damage|p1a: Espeon|0 fnt
|faint|p1a: Espeon
|
|-weather|RainDance|[upkeep]
|upkeep
|
|t:|1709625473
|switch|p1a: Victini|Victini|61/100
|turn|18
|
|t:|1709625476
|move|p2a: Politoed|Surf|p1a: Victini
|-supereffective|p1a: Victini
|-damage|p1a: Victini|7/100
|move|p1a: Victini|Bolt Strike|p2a: Politoed
|-supereffective|p2a: Politoed
|-damage|p2a: Politoed|0 fnt
|faint|p2a: Politoed
|
|-weather|RainDance|[upkeep]
|upkeep
|
|t:|1709625479
|switch|p2a: Shedinja|Shedinja|100/100
|-damage|p2a: Shedinja|0 fnt|[from] Stealth Rock
|faint|p2a: Shedinja
|
|win|sidis
|raw|sidis's rating: 1310 &rarr; <strong>1337</strong><br />(+27 for winning)
|raw|testbwou's rating: 1438 &rarr; <strong>1411</strong><br />(-27 for losing)
