|j|☆Zymen Aidi
|j|☆el janitor
|t:|1707867854
|gametype|singles
|player|p1|Zymen Aidi|unknown|1421
|player|p2|el janitor|170|1391
|teamsize|p1|6
|teamsize|p2|6
|gen|5
|tier|[Gen 5] OU
|rated|
|rule|Species Clause: Limit one of each Pokémon
|rule|OHKO Clause: OHKO moves are banned
|rule|Moody Clause: Moody is banned
|rule|Evasion Items Clause: Evasion items are banned
|rule|Evasion Moves Clause: Evasion moves are banned
|rule|Endless Battle Clause: Forcing endless battles is banned
|rule|HP Percentage Mod: HP is shown in percentages
|rule|Evasion Abilities Clause: Evasion abilities are banned
|rule|Sleep Moves Clause: Sleep-inducing moves are banned
|rule|Swagger Clause: Swagger is banned
|rule|Baton Pass Stat Clause: No Baton Passer may have a way to boost its stats
|clearpoke
|poke|p1|Tyranitar, M|item
|poke|p1|Alakazam, F|item
|poke|p1|Reuniclus, M|item
|poke|p1|Gliscor, M|item
|poke|p1|Skarmory, M|item
|poke|p1|Gastrodon, F|item
|poke|p2|Politoed, M|item
|poke|p2|Landorus-Therian, M|item
|poke|p2|Tentacruel, F|item
|poke|p2|Toxicroak, M|item
|poke|p2|Tornadus, M|item
|poke|p2|Ferrothorn, F|item
|teampreview
|inactive|Battle timer is ON: inactive players will automatically lose when time's up. (requested by el janitor)
|
|t:|1707867880
|start
|switch|p1a: Skarmory|Skarmory, M|100/100
|switch|p2a: Politoed|Politoed, M|100/100
|-weather|RainDance|[from] ability: Drizzle|[of] p2a: Politoed
|turn|1
|
|t:|1707867889
|switch|p2a: Tentacruel|Tentacruel, F|100/100
|move|p1a: Skarmory|Spikes|p2a: Tentacruel
|-sidestart|p2: el janitor|Spikes
|
|-weather|RainDance|[upkeep]
|upkeep
|turn|2
|
|t:|1707867903
|move|p2a: Tentacruel|Toxic Spikes|p1a: Skarmory
|-sidestart|p1: Zymen Aidi|move: Toxic Spikes
|move|p1a: Skarmory|Spikes|p2a: Tentacruel
|-sidestart|p2: el janitor|Spikes
|
|-weather|RainDance|[upkeep]
|upkeep
|turn|3
|
|t:|1707867905
|switch|p1a: Gastrodon|Gastrodon, F|100/100
|-status|p1a: Gastrodon|psn
|move|p2a: Tentacruel|Rapid Spin|p1a: Gastrodon
|-damage|p1a: Gastrodon|98/100 psn
|-sideend|p2: el janitor|Spikes|[from] move: Rapid Spin|[of] p2a: Tentacruel
|
|-weather|RainDance|[upkeep]
|-heal|p1a: Gastrodon|100/100 psn|[from] item: Leftovers
|-damage|p1a: Gastrodon|88/100 psn|[from] psn
|upkeep
|turn|4
|
|t:|1707867909
|move|p2a: Tentacruel|Protect|p2a: Tentacruel
|-singleturn|p2a: Tentacruel|Protect
|move|p1a: Gastrodon|Toxic|p2a: Tentacruel
|-activate|p2a: Tentacruel|move: Protect
|
|-weather|RainDance|[upkeep]
|-heal|p1a: Gastrodon|94/100 psn|[from] item: Leftovers
|-damage|p1a: Gastrodon|82/100 psn|[from] psn
|upkeep
|turn|5
|
|t:|1707867916
|switch|p2a: Ferrothorn|Ferrothorn, F|100/100
|switch|p1a: Gliscor|Gliscor, M|100/100
|
|-weather|RainDance|[upkeep]
|-status|p1a: Gliscor|tox|[from] item: Toxic Orb
|upkeep
|turn|6
|
|t:|1707867925
|move|p1a: Gliscor|Knock Off|p2a: Ferrothorn
|-resisted|p2a: Ferrothorn
|-damage|p2a: Ferrothorn|99/100
|-damage|p1a: Gliscor|88/100 tox|[from] ability: Iron Barbs|[of] p2a: Ferrothorn
|-enditem|p2a: Ferrothorn|Leftovers|[from] move: Knock Off|[of] p1a: Gliscor
|move|p2a: Ferrothorn|Spikes|p1a: Gliscor
|-sidestart|p1: Zymen Aidi|Spikes
|
|-weather|RainDance|[upkeep]
|-heal|p1a: Gliscor|100/100 tox|[from] ability: Poison Heal
|upkeep
|turn|7
|
|t:|1707867933
|move|p1a: Gliscor|Stealth Rock|p2a: Ferrothorn
|-sidestart|p2: el janitor|move: Stealth Rock
|move|p2a: Ferrothorn|Leech Seed|p1a: Gliscor
|-start|p1a: Gliscor|move: Leech Seed
|
|-weather|RainDance|[upkeep]
|-damage|p1a: Gliscor|88/100 tox|[from] Leech Seed|[of] p2a: Ferrothorn
|-heal|p2a: Ferrothorn|100/100|[silent]
|-heal|p1a: Gliscor|100/100 tox|[from] ability: Poison Heal
|upkeep
|turn|8
|
|t:|1707867938
|switch|p1a: Skarmory|Skarmory, M|100/100
|switch|p2a: Tentacruel|Tentacruel, F|100/100
|-damage|p2a: Tentacruel|88/100|[from] Stealth Rock
|
|-weather|RainDance|[upkeep]
|-heal|p2a: Tentacruel|94/100|[from] ability: Rain Dish
|-heal|p2a: Tentacruel|99/100|[from] item: Black Sludge
|upkeep
|turn|9
|
|t:|1707867940
|move|p2a: Tentacruel|Rapid Spin|p1a: Skarmory
|-resisted|p1a: Skarmory
|-damage|p1a: Skarmory|99/100
|-damage|p2a: Tentacruel|84/100|[from] item: Rocky Helmet|[of] p1a: Skarmory
|-sideend|p2: el janitor|Stealth Rock|[from] move: Rapid Spin|[of] p2a: Tentacruel
|move|p1a: Skarmory|Whirlwind|p2a: Tentacruel
|drag|p2a: Ferrothorn|Ferrothorn, F|100/100
|
|-weather|RainDance|[upkeep]
|upkeep
|turn|10
|
|t:|1707867948
|switch|p2a: Tentacruel|Tentacruel, F|84/100
|move|p1a: Skarmory|Spikes|p2a: Tentacruel
|-sidestart|p2: el janitor|Spikes
|
|-weather|RainDance|[upkeep]
|-heal|p2a: Tentacruel|90/100|[from] ability: Rain Dish
|-heal|p2a: Tentacruel|96/100|[from] item: Black Sludge
|upkeep
|turn|11
|
|t:|1707867952
|switch|p1a: Reuniclus|Reuniclus, M|100/100
|-status|p1a: Reuniclus|psn
|move|p2a: Tentacruel|Rapid Spin|p1a: Reuniclus
|-damage|p1a: Reuniclus|99/100 psn
|-sideend|p2: el janitor|Spikes|[from] move: Rapid Spin|[of] p2a: Tentacruel
|
|-weather|RainDance|[upkeep]
|-heal|p2a: Tentacruel|100/100|[from] ability: Rain Dish
|-heal|p1a: Reuniclus|100/100 psn|[from] item: Leftovers
|upkeep
|turn|12
|
|t:|1707867959
|switch|p2a: Politoed|Politoed, M|100/100
|move|p1a: Reuniclus|Psychic|p2a: Politoed
|-damage|p2a: Politoed|70/100
|
|-weather|RainDance|[upkeep]
|-heal|p2a: Politoed|76/100|[from] item: Leftovers
|upkeep
|turn|13
|
|t:|1707867969
|move|p2a: Politoed|Protect|p2a: Politoed
|-singleturn|p2a: Politoed|Protect
|move|p1a: Reuniclus|Calm Mind|p1a: Reuniclus
|-boost|p1a: Reuniclus|spa|1
|-boost|p1a: Reuniclus|spd|1
|
|-weather|RainDance|[upkeep]
|-heal|p2a: Politoed|82/100|[from] item: Leftovers
|upkeep
|turn|14
|
|t:|1707867974
|switch|p1a: Skarmory|Skarmory, M|99/100
|move|p2a: Politoed|Encore||[still]
|-fail|p2a: Politoed
|
|-weather|RainDance|[upkeep]
|-heal|p2a: Politoed|89/100|[from] item: Leftovers
|upkeep
|turn|15
|
|t:|1707867979
|switch|p1a: Reuniclus|Reuniclus, M|100/100 psn
|move|p2a: Politoed|Scald|p1a: Reuniclus
|-damage|p1a: Reuniclus|65/100 psn
|
|-weather|RainDance|[upkeep]
|-heal|p2a: Politoed|95/100|[from] item: Leftovers
|-heal|p1a: Reuniclus|71/100 psn|[from] item: Leftovers
|upkeep
|turn|16
|
|t:|1707867983
|move|p2a: Politoed|Scald|p1a: Reuniclus
|-damage|p1a: Reuniclus|36/100 psn
|move|p1a: Reuniclus|Psychic|p2a: Politoed
|-damage|p2a: Politoed|59/100
|
|-weather|RainDance|[upkeep]
|-heal|p2a: Politoed|66/100|[from] item: Leftovers
|-heal|p1a: Reuniclus|42/100 psn|[from] item: Leftovers
|upkeep
|turn|17
|
|t:|1707867986
|move|p2a: Politoed|Scald|p1a: Reuniclus
|-damage|p1a: Reuniclus|8/100 psn
|move|p1a: Reuniclus|Recover|p1a: Reuniclus
|-heal|p1a: Reuniclus|58/100 psn
|
|-weather|RainDance|[upkeep]
|-heal|p2a: Politoed|72/100|[from] item: Leftovers
|-heal|p1a: Reuniclus|64/100 psn|[from] item: Leftovers
|upkeep
|turn|18
|
|t:|1707867988
|move|p2a: Politoed|Scald|p1a: Reuniclus
|-damage|p1a: Reuniclus|30/100 psn
|move|p1a: Reuniclus|Recover|p1a: Reuniclus
|-heal|p1a: Reuniclus|80/100 psn
|
|-weather|RainDance|[upkeep]
|-heal|p2a: Politoed|78/100|[from] item: Leftovers
|-heal|p1a: Reuniclus|87/100 psn|[from] item: Leftovers
|upkeep
|turn|19
|
|t:|1707867991
|move|p2a: Politoed|Encore|p1a: Reuniclus
|-start|p1a: Reuniclus|Encore
|move|p1a: Reuniclus|Recover|p1a: Reuniclus
|-heal|p1a: Reuniclus|100/100 psn
|
|-weather|RainDance|[upkeep]
|-heal|p2a: Politoed|84/100|[from] item: Leftovers
|upkeep
|turn|20
|
|t:|1707867994
|switch|p1a: Skarmory|Skarmory, M|99/100
|move|p2a: Politoed|Scald|p1a: Skarmory
|-damage|p1a: Skarmory|62/100
|
|-weather|RainDance|[upkeep]
|-heal|p2a: Politoed|91/100|[from] item: Leftovers
|upkeep
|turn|21
|
|t:|1707867996
|move|p1a: Skarmory|Roost|p1a: Skarmory
|-heal|p1a: Skarmory|100/100
|-singleturn|p1a: Skarmory|move: Roost
|move|p2a: Politoed|Scald|p1a: Skarmory
|-damage|p1a: Skarmory|68/100
|-status|p1a: Skarmory|brn
|
|-weather|RainDance|[upkeep]
|-heal|p2a: Politoed|97/100|[from] item: Leftovers
|-damage|p1a: Skarmory|56/100 brn|[from] brn
|upkeep
|turn|22
|
|t:|1707867999
|move|p1a: Skarmory|Roost|p1a: Skarmory
|-heal|p1a: Skarmory|100/100 brn
|-singleturn|p1a: Skarmory|move: Roost
|move|p2a: Politoed|Encore|p1a: Skarmory
|-start|p1a: Skarmory|Encore
|
|-weather|RainDance|[upkeep]
|-heal|p2a: Politoed|100/100|[from] item: Leftovers
|-damage|p1a: Skarmory|88/100 brn|[from] brn
|upkeep
|turn|23
|
|t:|1707868005
|switch|p1a: Gastrodon|Gastrodon, F|82/100 psn
|-damage|p1a: Gastrodon|69/100 psn|[from] Spikes
|switch|p2a: Toxicroak|Toxicroak, M|100/100
|
|-weather|RainDance|[upkeep]
|-heal|p1a: Gastrodon|75/100 psn|[from] item: Leftovers
|-damage|p1a: Gastrodon|63/100 psn|[from] psn
|upkeep
|turn|24
|
|t:|1707868010
|move|p2a: Toxicroak|Substitute|p2a: Toxicroak
|-start|p2a: Toxicroak|Substitute
|-damage|p2a: Toxicroak|76/100
|move|p1a: Gastrodon|Earthquake|p2a: Toxicroak
|-supereffective|p2a: Toxicroak
|-end|p2a: Toxicroak|Substitute
|
|-weather|RainDance|[upkeep]
|-heal|p2a: Toxicroak|88/100|[from] ability: Dry Skin
|-heal|p1a: Gastrodon|69/100 psn|[from] item: Leftovers
|-damage|p1a: Gastrodon|57/100 psn|[from] psn
|upkeep
|turn|25
|
|t:|1707868017
|switch|p2a: Ferrothorn|Ferrothorn, F|100/100
|move|p1a: Gastrodon|Earthquake|p2a: Ferrothorn
|-damage|p2a: Ferrothorn|80/100
|
|-weather|RainDance|[upkeep]
|-heal|p1a: Gastrodon|63/100 psn|[from] item: Leftovers
|-damage|p1a: Gastrodon|50/100 psn|[from] psn
|upkeep
|turn|26
|
|t:|1707868022
|switch|p1a: Reuniclus|Reuniclus, M|100/100 psn
|move|p2a: Ferrothorn|Leech Seed|p1a: Reuniclus
|-start|p1a: Reuniclus|move: Leech Seed
|
|-weather|RainDance|[upkeep]
|upkeep
|turn|27
|
|t:|1707868025
|switch|p2a: Politoed|Politoed, M|100/100
|move|p1a: Reuniclus|Psychic|p2a: Politoed
|-damage|p2a: Politoed|68/100
|
|-weather|RainDance|[upkeep]
|-heal|p2a: Politoed|75/100|[from] item: Leftovers
|upkeep
|turn|28
|
|t:|1707868028
|move|p2a: Politoed|Protect|p2a: Politoed
|-singleturn|p2a: Politoed|Protect
|move|p1a: Reuniclus|Psychic|p2a: Politoed
|-activate|p2a: Politoed|move: Protect
|
|-weather|RainDance|[upkeep]
|-heal|p2a: Politoed|81/100|[from] item: Leftovers
|upkeep
|turn|29
|
|t:|1707868031
|move|p2a: Politoed|Scald|p1a: Reuniclus
|-damage|p1a: Reuniclus|65/100 psn
|move|p1a: Reuniclus|Psychic|p2a: Politoed
|-damage|p2a: Politoed|50/100
|
|-weather|RainDance|[upkeep]
|-heal|p2a: Politoed|56/100|[from] item: Leftovers
|-heal|p1a: Reuniclus|71/100 psn|[from] item: Leftovers
|upkeep
|turn|30
|
|t:|1707868033
|move|p2a: Politoed|Protect|p2a: Politoed
|-singleturn|p2a: Politoed|Protect
|move|p1a: Reuniclus|Psychic|p2a: Politoed
|-activate|p2a: Politoed|move: Protect
|
|-weather|RainDance|[upkeep]
|-heal|p2a: Politoed|63/100|[from] item: Leftovers
|-heal|p1a: Reuniclus|77/100 psn|[from] item: Leftovers
|upkeep
|turn|31
|
|t:|1707868040
|switch|p2a: Landorus|Landorus-Therian, M|100/100
|-ability|p2a: Landorus|Intimidate|boost
|-unboost|p1a: Reuniclus|atk|1
|move|p1a: Reuniclus|Psychic|p2a: Landorus
|-damage|p2a: Landorus|46/100
|
|-weather|RainDance|[upkeep]
|-heal|p1a: Reuniclus|84/100 psn|[from] item: Leftovers
|upkeep
|turn|32
|
|t:|1707868045
|move|p2a: Landorus|U-turn|p1a: Reuniclus
|-supereffective|p1a: Reuniclus
|-damage|p1a: Reuniclus|50/100 psn
|
|t:|1707868047
|switch|p2a: Tornadus|Tornadus, M|100/100|[from] U-turn
|move|p1a: Reuniclus|Recover|p1a: Reuniclus
|-heal|p1a: Reuniclus|99/100 psn
|
|-weather|RainDance|[upkeep]
|-heal|p1a: Reuniclus|100/100 psn|[from] item: Leftovers
|upkeep
|turn|33
|
|t:|1707868064
|move|p2a: Tornadus|Hurricane|p1a: Reuniclus
|-damage|p1a: Reuniclus|19/100 psn
|move|p1a: Reuniclus|Psychic|p2a: Tornadus
|-damage|p2a: Tornadus|52/100
|
|-weather|RainDance|[upkeep]
|-heal|p1a: Reuniclus|25/100 psn|[from] item: Leftovers
|upkeep
|turn|34
|
|t:|1707868071
|switch|p2a: Landorus|Landorus-Therian, M|46/100
|-ability|p2a: Landorus|Intimidate|boost
|-unboost|p1a: Reuniclus|atk|1
|switch|p1a: Skarmory|Skarmory, M|88/100 brn
|
|-weather|RainDance|[upkeep]
|-damage|p1a: Skarmory|76/100 brn|[from] brn
|upkeep
|turn|35
|
|t:|1707868083
|switch|p2a: Tentacruel|Tentacruel, F|100/100
|move|p1a: Skarmory|Spikes|p2a: Tentacruel
|-sidestart|p2: el janitor|Spikes
|
|-weather|RainDance|[upkeep]
|-damage|p1a: Skarmory|64/100 brn|[from] brn
|upkeep
|turn|36
|
|t:|1707868085
|switch|p1a: Reuniclus|Reuniclus, M|25/100 psn
|move|p2a: Tentacruel|Rapid Spin|p1a: Reuniclus
|-damage|p1a: Reuniclus|23/100 psn
|-sideend|p2: el janitor|Spikes|[from] move: Rapid Spin|[of] p2a: Tentacruel
|
|-weather|RainDance|[upkeep]
|-heal|p1a: Reuniclus|30/100 psn|[from] item: Leftovers
|upkeep
|turn|37
|
|t:|1707868089
|switch|p2a: Tornadus|Tornadus, M|52/100
|move|p1a: Reuniclus|Recover|p1a: Reuniclus
|-heal|p1a: Reuniclus|80/100 psn
|
|-weather|RainDance|[upkeep]
|-heal|p1a: Reuniclus|86/100 psn|[from] item: Leftovers
|upkeep
|turn|38
|
|t:|1707868092
|switch|p1a: Skarmory|Skarmory, M|64/100 brn
|move|p2a: Tornadus|U-turn|p1a: Skarmory
|-resisted|p1a: Skarmory
|-damage|p1a: Skarmory|60/100 brn
|-damage|p2a: Tornadus|36/100|[from] item: Rocky Helmet|[of] p1a: Skarmory
|
|t:|1707868099
|switch|p2a: Tentacruel|Tentacruel, F|100/100|[from] U-turn
|
|-weather|RainDance|[upkeep]
|-damage|p1a: Skarmory|48/100 brn|[from] brn
|upkeep
|turn|39
|
|t:|1707868103
|switch|p2a: Tornadus|Tornadus, M|36/100
|move|p1a: Skarmory|Roost|p1a: Skarmory
|-heal|p1a: Skarmory|98/100 brn
|-singleturn|p1a: Skarmory|move: Roost
|
|-weather|RainDance|[upkeep]
|-damage|p1a: Skarmory|86/100 brn|[from] brn
|upkeep
|turn|40
|
|t:|1707868109
|switch|p2a: Tentacruel|Tentacruel, F|100/100
|move|p1a: Skarmory|Spikes|p2a: Tentacruel
|-sidestart|p2: el janitor|Spikes
|
|-weather|RainDance|[upkeep]
|-damage|p1a: Skarmory|74/100 brn|[from] brn
|upkeep
|turn|41
|
|t:|1707868111
|switch|p1a: Reuniclus|Reuniclus, M|86/100 psn
|move|p2a: Tentacruel|Rapid Spin|p1a: Reuniclus
|-damage|p1a: Reuniclus|84/100 psn
|-sideend|p2: el janitor|Spikes|[from] move: Rapid Spin|[of] p2a: Tentacruel
|
|-weather|RainDance|[upkeep]
|-heal|p1a: Reuniclus|90/100 psn|[from] item: Leftovers
|upkeep
|turn|42
|
|t:|1707868121
|switch|p2a: Ferrothorn|Ferrothorn, F|80/100
|move|p1a: Reuniclus|Psychic|p2a: Ferrothorn
|-resisted|p2a: Ferrothorn
|-damage|p2a: Ferrothorn|68/100
|
|-weather|RainDance|[upkeep]
|-heal|p1a: Reuniclus|96/100 psn|[from] item: Leftovers
|upkeep
|turn|43
|
|t:|1707868129
|switch|p2a: Politoed|Politoed, M|63/100
|move|p1a: Reuniclus|Psychic|p2a: Politoed
|-damage|p2a: Politoed|32/100
|
|-weather|RainDance|[upkeep]
|-heal|p2a: Politoed|38/100|[from] item: Leftovers
|-heal|p1a: Reuniclus|100/100 psn|[from] item: Leftovers
|upkeep
|turn|44
|
|t:|1707868145
|move|p2a: Politoed|Protect|p2a: Politoed
|-singleturn|p2a: Politoed|Protect
|move|p1a: Reuniclus|Psychic|p2a: Politoed
|-activate|p2a: Politoed|move: Protect
|
|-weather|RainDance|[upkeep]
|-heal|p2a: Politoed|45/100|[from] item: Leftovers
|upkeep
|turn|45
|
|t:|1707868153
|switch|p2a: Ferrothorn|Ferrothorn, F|68/100
|move|p1a: Reuniclus|Psychic|p2a: Ferrothorn
|-resisted|p2a: Ferrothorn
|-damage|p2a: Ferrothorn|57/100
|
|-weather|RainDance|[upkeep]
|upkeep
|turn|46
|
|t:|1707868160
|move|p1a: Reuniclus|Calm Mind|p1a: Reuniclus
|-boost|p1a: Reuniclus|spa|1
|-boost|p1a: Reuniclus|spd|1
|move|p2a: Ferrothorn|Spikes|p1a: Reuniclus
|-sidestart|p1: Zymen Aidi|Spikes
|
|-weather|RainDance|[upkeep]
|upkeep
|turn|47
|
|t:|1707868168
|move|p1a: Reuniclus|Signal Beam|p2a: Ferrothorn
|-damage|p2a: Ferrothorn|35/100
|move|p2a: Ferrothorn|Spikes|p1a: Reuniclus
|-sidestart|p1: Zymen Aidi|Spikes
|
|-weather|RainDance|[upkeep]
|upkeep
|turn|48
|
|t:|1707868175
|move|p1a: Reuniclus|Signal Beam|p2a: Ferrothorn
|-damage|p2a: Ferrothorn|16/100
|move|p2a: Ferrothorn|Gyro Ball|p1a: Reuniclus
|-damage|p1a: Reuniclus|88/100 psn
|
|-weather|RainDance|[upkeep]
|-heal|p1a: Reuniclus|95/100 psn|[from] item: Leftovers
|upkeep
|turn|49
|
|t:|1707868197
|move|p1a: Reuniclus|Signal Beam|p2a: Ferrothorn
|-crit|p2a: Ferrothorn
|-damage|p2a: Ferrothorn|0 fnt
|faint|p2a: Ferrothorn
|
|-weather|RainDance|[upkeep]
|-heal|p1a: Reuniclus|100/100 psn|[from] item: Leftovers
|upkeep
|inactive|el janitor has 120 seconds left.
|
|t:|1707868224
|switch|p2a: Toxicroak|Toxicroak, M|88/100
|turn|50
|
|t:|1707868227
|move|p2a: Toxicroak|Substitute|p2a: Toxicroak
|-start|p2a: Toxicroak|Substitute
|-damage|p2a: Toxicroak|63/100
|move|p1a: Reuniclus|Psychic|p2a: Toxicroak
|-supereffective|p2a: Toxicroak
|-crit|p2a: Toxicroak
|-end|p2a: Toxicroak|Substitute
|
|-weather|RainDance|[upkeep]
|-heal|p2a: Toxicroak|76/100|[from] ability: Dry Skin
|upkeep
|turn|51
|
|t:|1707868232
|move|p2a: Toxicroak|Substitute|p2a: Toxicroak
|-start|p2a: Toxicroak|Substitute
|-damage|p2a: Toxicroak|51/100
|move|p1a: Reuniclus|Psychic|p2a: Toxicroak
|-supereffective|p2a: Toxicroak
|-end|p2a: Toxicroak|Substitute
|
|-weather|RainDance|[upkeep]
|-heal|p2a: Toxicroak|63/100|[from] ability: Dry Skin
|upkeep
|turn|52
|
|t:|1707868233
|move|p2a: Toxicroak|Substitute|p2a: Toxicroak
|-start|p2a: Toxicroak|Substitute
|-damage|p2a: Toxicroak|39/100
|move|p1a: Reuniclus|Signal Beam|p2a: Toxicroak
|-resisted|p2a: Toxicroak
|-activate|p2a: Toxicroak|Substitute|[damage]
|
|-weather|RainDance|[upkeep]
|-heal|p2a: Toxicroak|51/100|[from] ability: Dry Skin
|upkeep
|turn|53
|
|t:|1707868239
|move|p2a: Toxicroak|Swords Dance|p2a: Toxicroak
|-boost|p2a: Toxicroak|atk|2
|move|p1a: Reuniclus|Signal Beam|p2a: Toxicroak
|-resisted|p2a: Toxicroak
|-activate|p2a: Toxicroak|Substitute|[damage]
|
|-weather|RainDance|[upkeep]
|-heal|p2a: Toxicroak|63/100|[from] ability: Dry Skin
|upkeep
|turn|54
|
|t:|1707868246
|switch|p1a: Skarmory|Skarmory, M|74/100 brn
|move|p2a: Toxicroak|Sucker Punch||[still]
|-fail|p2a: Toxicroak
|
|-weather|RainDance|[upkeep]
|-heal|p2a: Toxicroak|76/100|[from] ability: Dry Skin
|-damage|p1a: Skarmory|61/100 brn|[from] brn
|upkeep
|turn|55
|
|t:|1707868248
|move|p2a: Toxicroak|Drain Punch|p1a: Skarmory
|-damage|p1a: Skarmory|0 fnt
|-heal|p2a: Toxicroak|100/100|[from] drain|[of] p1a: Skarmory
|-damage|p2a: Toxicroak|84/100|[from] item: Rocky Helmet|[of] p1a: Skarmory
|faint|p1a: Skarmory
|-damage|p2a: Toxicroak|74/100|[from] item: Life Orb
|
|-weather|RainDance|[upkeep]
|-heal|p2a: Toxicroak|86/100|[from] ability: Dry Skin
|upkeep
|
|t:|1707868264
|switch|p1a: Tyranitar|Tyranitar, M, shiny|100/100
|-status|p1a: Tyranitar|psn
|-damage|p1a: Tyranitar|75/100 psn|[from] Spikes
|-weather|Sandstorm|[from] ability: Sand Stream|[of] p1a: Tyranitar
|turn|56
|
|t:|1707868267
|switch|p1a: Gliscor|Gliscor, M|100/100 tox
|move|p2a: Toxicroak|Drain Punch|p1a: Gliscor
|-resisted|p1a: Gliscor
|-crit|p1a: Gliscor
|-damage|p1a: Gliscor|36/100 tox
|-heal|p2a: Toxicroak|100/100|[from] drain|[of] p1a: Gliscor
|-damage|p2a: Toxicroak|91/100|[from] item: Life Orb
|
|-weather|Sandstorm|[upkeep]
|-damage|p2a: Toxicroak|85/100|[from] Sandstorm
|-heal|p1a: Gliscor|49/100 tox|[from] ability: Poison Heal
|upkeep
|turn|57
|
|t:|1707868271
|move|p1a: Gliscor|Protect|p1a: Gliscor
|-singleturn|p1a: Gliscor|Protect
|move|p2a: Toxicroak|Swords Dance|p2a: Toxicroak
|-boost|p2a: Toxicroak|atk|2
|
|-weather|Sandstorm|[upkeep]
|-damage|p2a: Toxicroak|78/100|[from] Sandstorm
|-heal|p1a: Gliscor|61/100 tox|[from] ability: Poison Heal
|upkeep
|turn|58
|
|t:|1707868275
|move|p1a: Gliscor|Protect||[still]
|-fail|p1a: Gliscor
|move|p2a: Toxicroak|Drain Punch|p1a: Gliscor
|-resisted|p1a: Gliscor
|-damage|p1a: Gliscor|10/100 tox
|-heal|p2a: Toxicroak|100/100|[from] drain|[of] p1a: Gliscor
|-damage|p2a: Toxicroak|91/100|[from] item: Life Orb
|
|-weather|Sandstorm|[upkeep]
|-damage|p2a: Toxicroak|85/100|[from] Sandstorm
|-heal|p1a: Gliscor|23/100 tox|[from] ability: Poison Heal
|upkeep
|turn|59
|
|t:|1707868281
|move|p1a: Gliscor|Protect|p1a: Gliscor
|-singleturn|p1a: Gliscor|Protect
|move|p2a: Toxicroak|Drain Punch|p1a: Gliscor
|-activate|p1a: Gliscor|move: Protect
|
|-weather|Sandstorm|[upkeep]
|-damage|p2a: Toxicroak|78/100|[from] Sandstorm
|-heal|p1a: Gliscor|35/100 tox|[from] ability: Poison Heal
|upkeep
|turn|60
|
|t:|1707868285
|move|p2a: Toxicroak|Sucker Punch|p1a: Gliscor
|-damage|p1a: Gliscor|0 fnt
|faint|p1a: Gliscor
|-damage|p2a: Toxicroak|69/100|[from] item: Life Orb
|
|-weather|Sandstorm|[upkeep]
|-damage|p2a: Toxicroak|62/100|[from] Sandstorm
|upkeep
|
|t:|1707868299
|switch|p1a: Alakazam|Alakazam, F|100/100
|-status|p1a: Alakazam|psn
|turn|61
|
|t:|1707868301
|move|p1a: Alakazam|Psychic|p2a: Toxicroak
|-supereffective|p2a: Toxicroak
|-end|p2a: Toxicroak|Substitute
|move|p2a: Toxicroak|Drain Punch|p1a: Alakazam
|-resisted|p1a: Alakazam
|-enditem|p1a: Alakazam|Focus Sash
|-damage|p1a: Alakazam|1/100 psn
|-heal|p2a: Toxicroak|100/100|[from] drain|[of] p1a: Alakazam
|-damage|p2a: Toxicroak|91/100|[from] item: Life Orb
|
|-weather|Sandstorm|[upkeep]
|-damage|p2a: Toxicroak|85/100|[from] Sandstorm
|upkeep
|turn|62
|
|t:|1707868310
|move|p2a: Toxicroak|Sucker Punch|p1a: Alakazam
|-supereffective|p1a: Alakazam
|-damage|p1a: Alakazam|0 fnt
|faint|p1a: Alakazam
|-damage|p2a: Toxicroak|75/100|[from] item: Life Orb
|
|-weather|Sandstorm|[upkeep]
|-damage|p2a: Toxicroak|69/100|[from] Sandstorm
|upkeep
|
|t:|1707868316
|switch|p1a: Reuniclus|Reuniclus, M|100/100 psn
|turn|63
|
|t:|1707868320
|move|p2a: Toxicroak|Sucker Punch|p1a: Reuniclus
|-supereffective|p1a: Reuniclus
|-damage|p1a: Reuniclus|0 fnt
|faint|p1a: Reuniclus
|-damage|p2a: Toxicroak|59/100|[from] item: Life Orb
|
|-weather|Sandstorm|[upkeep]
|-damage|p2a: Toxicroak|53/100|[from] Sandstorm
|upkeep
|-message|Zymen Aidi forfeited.
|
|win|el janitor
|raw|Zymen Aidi's rating: 1421 &rarr; <strong>1399</strong><br />(-22 for losing)
|raw|el janitor's rating: 1391 &rarr; <strong>1413</strong><br />(+22 for winning)
|l|☆Zymen Aidi
|player|p1|
