|j|‽HaxerAreBastards
|j|☆Copy from rolia
|player|p1|HaxerAreBastards|249|1556
|player|p2|Copy from rolia|n|1364
|teamsize|p1|6
|teamsize|p2|6
|gametype|singles
|gen|5
|tier|[Gen 5] OU
|rated|
|clearpoke
|poke|p1|Infernape, M|item
|poke|p1|Conkeldurr, M|item
|poke|p1|Tyranitar, M|item
|poke|p1|Jellicent, M|item
|poke|p1|Bronzong|item
|poke|p1|Reuniclus, F|item
|poke|p2|Tyranitar, F|item
|poke|p2|Landorus-Therian, M|item
|poke|p2|Heatran, M|item
|poke|p2|Ferrothorn, F|item
|poke|p2|Jellicent, F|item
|poke|p2|Reuniclus, M|item
|rule|Species Clause: Limit one of each Pokémon
|rule|OHKO Clause: OHKO moves are banned
|rule|Moody Clause: Moody is banned
|rule|Evasion Moves Clause: Evasion moves are banned
|rule|Endless Battle Clause: Forcing endless battles is banned
|rule|HP Percentage Mod: HP is shown in percentages
|rule|Evasion Abilities Clause: Evasion abilities are banned
|rule|Baton Pass Clause: Limit one Baton Passer, can't pass Spe and other stats simultaneously
|rule|Sleep Clause: Sleep-inducing moves are banned
|rule|Swagger Clause: Swagger is banned
|teampreview
|inactive|Battle timer is ON: inactive players will automatically lose when time's up. (requested by Copy from rolia)
|l|‽HaxerAreBastards
|inactive|HaxerAreBastards disconnected and has a minute to reconnect!
|player|p1|
|inactive|HaxerAreBastards has 30 seconds to reconnect!
|inactive|HaxerAreBastards has 20 seconds to reconnect!
|inactive|HaxerAreBastards has 15 seconds to reconnect!
|inactive|HaxerAreBastards has 10 seconds to reconnect!
|inactive|HaxerAreBastards has 5 seconds to reconnect!
|j|‽HaxerAreBastards
|inactive|HaxerAreBastards reconnected and has 95 seconds left.
|player|p1|HaxerAreBastards|249
|n|‽HaxerAreBastards|haxerarebastards
|
|start
|switch|p1a: Infernape|Infernape, M|100/100
|switch|p2a: Jellicent|Jellicent, F|100/100
|turn|1
|
|move|p1a: Infernape|Stealth Rock|p2a: Jellicent
|-sidestart|p2: Copy from rolia|move: Stealth Rock
|move|p2a: Jellicent|Will-O-Wisp|p1a: Infernape
|-immune|p1a: Infernape
|
|upkeep
|turn|2
|
|switch|p1a: Reuniclus|Reuniclus, F|100/100
|move|p2a: Jellicent|Will-O-Wisp|p1a: Reuniclus
|-status|p1a: Reuniclus|brn
|
|upkeep
|turn|3
|
|move|p2a: Jellicent|Taunt|p1a: Reuniclus
|-start|p1a: Reuniclus|move: Taunt
|move|p1a: Reuniclus|Shadow Ball|p2a: Jellicent
|-supereffective|p2a: Jellicent
|-damage|p2a: Jellicent|41/100
|
|-heal|p2a: Jellicent|47/100|[from] item: Leftovers
|upkeep
|turn|4
|
|move|p2a: Jellicent|Recover|p2a: Jellicent
|-heal|p2a: Jellicent|97/100
|move|p1a: Reuniclus|Focus Blast|p2a: Jellicent
|-immune|p2a: Jellicent
|
|-heal|p2a: Jellicent|100/100|[from] item: Leftovers
|upkeep
|turn|5
|
|switch|p2a: Tyranitar|Tyranitar, F|100/100
|-damage|p2a: Tyranitar|88/100|[from] Stealth Rock
|-weather|Sandstorm|[from] ability: Sand Stream|[of] p2a: Tyranitar
|move|p1a: Reuniclus|Shadow Ball|p2a: Tyranitar
|-resisted|p2a: Tyranitar
|-damage|p2a: Tyranitar|76/100
|
|-weather|Sandstorm|[upkeep]
|-end|p1a: Reuniclus|move: Taunt
|upkeep
|turn|6
|
|move|p2a: Tyranitar|Crunch|p1a: Reuniclus
|-supereffective|p1a: Reuniclus
|-damage|p1a: Reuniclus|18/100 brn
|-unboost|p1a: Reuniclus|def|1
|move|p1a: Reuniclus|Trick Room|p1a: Reuniclus
|-fieldstart|move: Trick Room|[of] p1a: Reuniclus
|
|-weather|Sandstorm|[upkeep]
|upkeep
|turn|7
|
|move|p1a: Reuniclus|Focus Blast|p2a: Tyranitar|[miss]
|-miss|p1a: Reuniclus|p2a: Tyranitar
|move|p2a: Tyranitar|Crunch|p1a: Reuniclus
|-supereffective|p1a: Reuniclus
|-damage|p1a: Reuniclus|0 fnt
|faint|p1a: Reuniclus
|
|-weather|Sandstorm|[upkeep]
|upkeep
|
|switch|p1a: Conkeldurr|Conkeldurr, M|100/100
|turn|8
|
|switch|p2a: Jellicent|Jellicent, F|100/100
|-damage|p2a: Jellicent|88/100|[from] Stealth Rock
|move|p1a: Conkeldurr|Thunder Punch|p2a: Jellicent
|-supereffective|p2a: Jellicent
|-damage|p2a: Jellicent|3/100
|-damage|p1a: Conkeldurr|91/100|[from] item: Life Orb
|
|-weather|Sandstorm|[upkeep]
|-damage|p1a: Conkeldurr|84/100|[from] Sandstorm
|-damage|p2a: Jellicent|0 fnt|[from] Sandstorm
|faint|p2a: Jellicent
|upkeep
|
|switch|p2a: Landorus|Landorus-Therian, M|100/100
|-damage|p2a: Landorus|88/100|[from] Stealth Rock
|-ability|p2a: Landorus|Intimidate|boost
|-unboost|p1a: Conkeldurr|atk|1
|turn|9
|
|switch|p2a: Reuniclus|Reuniclus, M|100/100
|move|p1a: Conkeldurr|Ice Punch|p2a: Reuniclus
|-damage|p2a: Reuniclus|77/100
|-damage|p1a: Conkeldurr|75/100|[from] item: Life Orb
|
|-weather|Sandstorm|[upkeep]
|-damage|p1a: Conkeldurr|68/100|[from] Sandstorm
|-heal|p2a: Reuniclus|83/100|[from] item: Leftovers
|upkeep
|turn|10
|
|switch|p1a: Tyranitar|Tyranitar, M|100/100
|move|p2a: Reuniclus|Calm Mind|p2a: Reuniclus
|-boost|p2a: Reuniclus|spa|1
|-boost|p2a: Reuniclus|spd|1
|
|-weather|Sandstorm|[upkeep]
|-heal|p2a: Reuniclus|89/100|[from] item: Leftovers
|-fieldend|move: Trick Room
|upkeep
|turn|11
|
|move|p1a: Tyranitar|Crunch|p2a: Reuniclus
|-supereffective|p2a: Reuniclus
|-damage|p2a: Reuniclus|33/100
|move|p2a: Reuniclus|Focus Blast|p1a: Tyranitar
|-supereffective|p1a: Tyranitar
|-enditem|p1a: Tyranitar|Chople Berry|[eat]
|-enditem|p1a: Tyranitar|Chople Berry|[weaken]
|-damage|p1a: Tyranitar|29/100
|
|-weather|Sandstorm|[upkeep]
|-heal|p2a: Reuniclus|39/100|[from] item: Leftovers
|upkeep
|turn|12
|
|move|p1a: Tyranitar|Crunch|p2a: Reuniclus
|-supereffective|p2a: Reuniclus
|-damage|p2a: Reuniclus|0 fnt
|faint|p2a: Reuniclus
|
|-weather|Sandstorm|[upkeep]
|upkeep
|
|switch|p2a: Landorus|Landorus-Therian, M|88/100
|-damage|p2a: Landorus|76/100|[from] Stealth Rock
|-ability|p2a: Landorus|Intimidate|boost
|-unboost|p1a: Tyranitar|atk|1
|turn|13
|
|switch|p1a: Bronzong|Bronzong|100/100
|move|p2a: Landorus|Stealth Rock|p1a: Bronzong
|-sidestart|p1: HaxerAreBastards|move: Stealth Rock
|
|-weather|Sandstorm|[upkeep]
|-heal|p2a: Landorus|82/100|[from] item: Leftovers
|upkeep
|turn|14
|
|move|p2a: Landorus|U-turn|p1a: Bronzong
|-crit|p1a: Bronzong
|-damage|p1a: Bronzong|63/100
|
|switch|p2a: Ferrothorn|Ferrothorn, F|100/100|[from]move: U-turn
|-damage|p2a: Ferrothorn|94/100|[from] Stealth Rock
|move|p1a: Bronzong|Trick Room|p1a: Bronzong
|-fieldstart|move: Trick Room|[of] p1a: Bronzong
|
|-weather|Sandstorm|[upkeep]
|-heal|p2a: Ferrothorn|100/100|[from] item: Leftovers
|upkeep
|turn|15
|
|switch|p1a: Conkeldurr|Conkeldurr, M|68/100
|-damage|p1a: Conkeldurr|62/100|[from] Stealth Rock
|move|p2a: Ferrothorn|Spikes|p1a: Conkeldurr
|-sidestart|p1: HaxerAreBastards|Spikes
|
|-weather|Sandstorm|[upkeep]
|-damage|p1a: Conkeldurr|56/100|[from] Sandstorm
|upkeep
|turn|16
|
|switch|p2a: Landorus|Landorus-Therian, M|82/100
|-damage|p2a: Landorus|70/100|[from] Stealth Rock
|-ability|p2a: Landorus|Intimidate|boost
|-unboost|p1a: Conkeldurr|atk|1
|move|p1a: Conkeldurr|Drain Punch|p2a: Landorus
|-resisted|p2a: Landorus
|-damage|p2a: Landorus|52/100
|-heal|p1a: Conkeldurr|65/100|[from] drain|[of] p2a: Landorus
|-damage|p1a: Conkeldurr|55/100|[from] item: Life Orb
|
|-weather|Sandstorm|[upkeep]
|-damage|p1a: Conkeldurr|49/100|[from] Sandstorm
|-heal|p2a: Landorus|58/100|[from] item: Leftovers
|upkeep
|turn|17
|
|move|p1a: Conkeldurr|Ice Punch|p2a: Landorus
|-supereffective|p2a: Landorus
|-damage|p2a: Landorus|0 fnt
|-damage|p1a: Conkeldurr|39/100|[from] item: Life Orb
|faint|p2a: Landorus
|
|-weather|Sandstorm|[upkeep]
|-damage|p1a: Conkeldurr|33/100|[from] Sandstorm
|upkeep
|
|switch|p2a: Heatran|Heatran, M|100/100
|-damage|p2a: Heatran|88/100|[from] Stealth Rock
|turn|18
|
|move|p2a: Heatran|Protect|p2a: Heatran
|-singleturn|p2a: Heatran|Protect
|move|p1a: Conkeldurr|Drain Punch|p2a: Heatran
|-activate|p2a: Heatran|move: Protect
|
|-weather|Sandstorm|[upkeep]
|-damage|p1a: Conkeldurr|27/100|[from] Sandstorm
|-heal|p2a: Heatran|94/100|[from] item: Leftovers
|-fieldend|move: Trick Room
|upkeep
|turn|19
|
|switch|p1a: Infernape|Infernape, M|100/100
|-damage|p1a: Infernape|88/100|[from] Spikes
|-damage|p1a: Infernape|76/100|[from] Stealth Rock
|move|p2a: Heatran|Flamethrower|p1a: Infernape
|-resisted|p1a: Infernape
|-damage|p1a: Infernape|43/100
|
|-weather|Sandstorm|[upkeep]
|-damage|p1a: Infernape|37/100|[from] Sandstorm
|-heal|p2a: Heatran|100/100|[from] item: Leftovers
|upkeep
|turn|20
|
|move|p1a: Infernape|Close Combat|p2a: Heatran
|-supereffective|p2a: Heatran
|-damage|p2a: Heatran|16/100
|-unboost|p1a: Infernape|def|1
|-unboost|p1a: Infernape|spd|1
|move|p2a: Heatran|Earth Power|p1a: Infernape
|-supereffective|p1a: Infernape
|-damage|p1a: Infernape|0 fnt
|faint|p1a: Infernape
|
|-weather|Sandstorm|[upkeep]
|-heal|p2a: Heatran|22/100|[from] item: Leftovers
|upkeep
|
|switch|p1a: Jellicent|Jellicent, M, shiny|100/100
|-damage|p1a: Jellicent|88/100|[from] Stealth Rock
|-damage|p1a: Jellicent|76/100|[from] Spikes
|turn|21
|j| qiyuanfan
|
|move|p2a: Heatran|Protect|p2a: Heatran
|-singleturn|p2a: Heatran|Protect
|move|p1a: Jellicent|Trick Room|p1a: Jellicent
|-fieldstart|move: Trick Room|[of] p1a: Jellicent
|
|-weather|Sandstorm|[upkeep]
|-damage|p1a: Jellicent|70/100|[from] Sandstorm
|-heal|p1a: Jellicent|76/100|[from] item: Leftovers
|-heal|p2a: Heatran|28/100|[from] item: Leftovers
|upkeep
|turn|22
|
|switch|p2a: Ferrothorn|Ferrothorn, F|100/100
|-damage|p2a: Ferrothorn|94/100|[from] Stealth Rock
|move|p1a: Jellicent|Scald|p2a: Ferrothorn
|-resisted|p2a: Ferrothorn
|-damage|p2a: Ferrothorn|83/100
|
|-weather|Sandstorm|[upkeep]
|-damage|p1a: Jellicent|70/100|[from] Sandstorm
|-heal|p2a: Ferrothorn|89/100|[from] item: Leftovers
|-heal|p1a: Jellicent|76/100|[from] item: Leftovers
|upkeep
|turn|23
|
|move|p2a: Ferrothorn|Leech Seed|p1a: Jellicent
|-start|p1a: Jellicent|move: Leech Seed
|move|p1a: Jellicent|Hidden Power|p2a: Ferrothorn
|-supereffective|p2a: Ferrothorn
|-damage|p2a: Ferrothorn|36/100
|
|-weather|Sandstorm|[upkeep]
|-damage|p1a: Jellicent|70/100|[from] Sandstorm
|-heal|p2a: Ferrothorn|42/100|[from] item: Leftovers
|-heal|p1a: Jellicent|76/100|[from] item: Leftovers
|-damage|p1a: Jellicent|63/100|[from] Leech Seed|[of] p2a: Ferrothorn
|-heal|p2a: Ferrothorn|56/100|[silent]
|upkeep
|turn|24
|
|switch|p1a: Tyranitar|Tyranitar, M|29/100
|-damage|p1a: Tyranitar|17/100|[from] Spikes
|-damage|p1a: Tyranitar|5/100|[from] Stealth Rock
|move|p2a: Ferrothorn|Protect||[still]
|-fail|p2a: Ferrothorn
|
|-weather|Sandstorm|[upkeep]
|-heal|p2a: Ferrothorn|62/100|[from] item: Leftovers
|upkeep
|turn|25
|
|move|p2a: Ferrothorn|Power Whip|p1a: Tyranitar
|-supereffective|p1a: Tyranitar
|-damage|p1a: Tyranitar|0 fnt
|faint|p1a: Tyranitar
|
|-weather|Sandstorm|[upkeep]
|-heal|p2a: Ferrothorn|69/100|[from] item: Leftovers
|-fieldend|move: Trick Room
|upkeep
|
|switch|p1a: Conkeldurr|Conkeldurr, M|27/100
|-damage|p1a: Conkeldurr|21/100|[from] Stealth Rock
|-damage|p1a: Conkeldurr|9/100|[from] Spikes
|turn|26
|
|move|p2a: Ferrothorn|Protect|p2a: Ferrothorn
|-singleturn|p2a: Ferrothorn|Protect
|move|p1a: Conkeldurr|Drain Punch|p2a: Ferrothorn
|-activate|p2a: Ferrothorn|move: Protect
|
|-weather|Sandstorm|[upkeep]
|-damage|p1a: Conkeldurr|3/100|[from] Sandstorm
|-heal|p2a: Ferrothorn|75/100|[from] item: Leftovers
|upkeep
|turn|27
|
|move|p2a: Ferrothorn|Protect||[still]
|-fail|p2a: Ferrothorn
|move|p1a: Conkeldurr|Drain Punch|p2a: Ferrothorn
|-supereffective|p2a: Ferrothorn
|-damage|p2a: Ferrothorn|0 fnt
|-heal|p1a: Conkeldurr|37/100|[from] drain|[of] p2a: Ferrothorn
|-damage|p1a: Conkeldurr|25/100|[from] ability: Iron Barbs|[of] p2a: Ferrothorn
|-damage|p1a: Conkeldurr|15/100|[from] item: Life Orb
|faint|p2a: Ferrothorn
|
|-weather|Sandstorm|[upkeep]
|-damage|p1a: Conkeldurr|9/100|[from] Sandstorm
|upkeep
|
|switch|p2a: Heatran|Heatran, M|28/100
|-damage|p2a: Heatran|16/100|[from] Stealth Rock
|turn|28
|
|move|p1a: Conkeldurr|Mach Punch|p2a: Heatran
|-supereffective|p2a: Heatran
|-damage|p2a: Heatran|0 fnt
|-damage|p1a: Conkeldurr|0 fnt|[from] item: Life Orb
|faint|p2a: Heatran
|faint|p1a: Conkeldurr
|
|-weather|Sandstorm|[upkeep]
|upkeep
|
|switch|p2a: Tyranitar|Tyranitar, F|76/100
|switch|p1a: Bronzong|Bronzong|63/100
|-damage|p2a: Tyranitar|64/100|[from] Stealth Rock
|-damage|p1a: Bronzong|57/100|[from] Stealth Rock
|turn|29
|
|move|p2a: Tyranitar|Crunch|p1a: Bronzong
|-crit|p1a: Bronzong
|-damage|p1a: Bronzong|0 fnt
|faint|p1a: Bronzong
|
|-weather|Sandstorm|[upkeep]
|upkeep
|
|switch|p1a: Jellicent|Jellicent, M, shiny|63/100
|-damage|p1a: Jellicent|51/100|[from] Stealth Rock
|-damage|p1a: Jellicent|39/100|[from] Spikes
|turn|30
|
|move|p2a: Tyranitar|Crunch|p1a: Jellicent
|-supereffective|p1a: Jellicent
|-damage|p1a: Jellicent|0 fnt
|faint|p1a: Jellicent
|
|win|Copy from rolia
|raw|HaxerAreBastards's rating: 1556 &rarr; <strong>1526</strong><br />(-30 for losing)
|raw|Copy from rolia's rating: 1365 &rarr; <strong>1395</strong><br />(+30 for winning)
