|j|☆daddy_days
|j|☆Rkll
|t:|1739445272
|gametype|singles
|player|p1|daddy_days|hugh|1350
|player|p2|Rkll|1|1353
|teamsize|p1|6
|teamsize|p2|6
|gen|5
|tier|[Gen 5] OU
|rated|
|rule|Species Clause: Limit one of each Pokémon
|rule|OHKO Clause: OHKO moves are banned
|rule|Moody Clause: Moody is banned
|rule|Evasion Items Clause: Evasion items are banned
|rule|Evasion Moves Clause: Evasion moves are banned
|rule|Endless Battle Clause: Forcing endless battles is banned
|rule|HP Percentage Mod: HP is shown in percentages
|rule|Evasion Abilities Clause: Evasion abilities are banned
|rule|Sleep Moves Clause: Sleep-inducing moves are banned
|rule|Swagger Clause: Swagger is banned
|rule|Baton Pass Stat Clause: No Baton Passer may have a way to boost its stats
|clearpoke
|poke|p1|Kyurem-Black|item
|poke|p1|Garchomp, M|item
|poke|p1|Conkeldurr, F|item
|poke|p1|Starmie|item
|poke|p1|Bisharp, F|item
|poke|p1|Scyther, M|item
|poke|p2|Umbreon, F|item
|poke|p2|Heatran, M|item
|poke|p2|Alomomola, F|item
|poke|p2|Breloom, F|item
|poke|p2|Xatu, F|item
|poke|p2|Hydreigon, M|item
|teampreview
|j| kakkarotxvj
|
|t:|1739445288
|start
|switch|p1a: Blade|Scyther, M|100/100
|switch|p2a: Alomomola|Alomomola, F|100/100
|turn|1
|
|t:|1739445295
|move|p1a: Blade|U-turn|p2a: Alomomola
|-damage|p2a: Alomomola|82/100
|-damage|p1a: Blade|84/100|[from] item: Rocky Helmet|[of] p2a: Alomomola
|
|t:|1739445304
|switch|p1a: Starlight|Starmie|100/100|[from] U-turn
|move|p2a: Alomomola|Scald|p1a: Starlight
|-resisted|p1a: Starlight
|-damage|p1a: Starlight|92/100
|
|-heal|p1a: Starlight|98/100|[from] item: Leftovers
|upkeep
|turn|2
|
|t:|1739445315
|switch|p2a: Umbreon|Umbreon, F|100/100
|move|p1a: Starlight|Thunder Wave|p2a: Umbreon
|-status|p2a: Umbreon|par
|-activate|p2a: Umbreon|ability: Synchronize
|-status|p1a: Starlight|par
|
|-heal|p1a: Starlight|100/100 par|[from] item: Leftovers
|upkeep
|turn|3
|
|t:|1739445329
|-curestatus|p1a: Starlight|par|[from] ability: Natural Cure
|switch|p1a: Adolf|Bisharp, F|100/100
|-item|p1a: Adolf|Air Balloon
|move|p2a: Umbreon|Heal Bell|p2a: Umbreon
|-activate|p2a: Umbreon|move: Heal Bell
|-curestatus|p2a: Umbreon|par|[msg]
|
|upkeep
|turn|4
|
|t:|1739445343
|switch|p2a: Alomomola|Alomomola, F|100/100
|move|p1a: Adolf|Brick Break|p2a: Alomomola
|-damage|p2a: Alomomola|85/100
|-damage|p1a: Adolf|84/100|[from] item: Rocky Helmet|[of] p2a: Alomomola
|
|upkeep
|turn|5
|
|t:|1739445355
|move|p1a: Adolf|Sucker Punch||[still]
|-fail|p1a: Adolf
|move|p2a: Alomomola|Wish|p2a: Alomomola
|
|upkeep
|turn|6
|
|t:|1739445361
|move|p1a: Adolf|Sucker Punch|p2a: Alomomola
|-damage|p2a: Alomomola|61/100
|-damage|p1a: Adolf|67/100|[from] item: Rocky Helmet|[of] p2a: Alomomola
|move|p2a: Alomomola|Scald|p1a: Adolf
|-damage|p1a: Adolf|47/100
|-enditem|p1a: Adolf|Air Balloon
|
|-heal|p2a: Alomomola|100/100|[from] move: Wish|[wisher] Alomomola
|upkeep
|turn|7
|
|t:|1739445374
|switch|p1a: Insane Dwayne|Kyurem-Black|100/100
|-ability|p1a: Insane Dwayne|Teravolt
|move|p2a: Alomomola|Wish|p2a: Alomomola
|
|upkeep
|turn|8
|
|t:|1739445386
|switch|p2a: Breloom|Breloom, F|100/100
|move|p1a: Insane Dwayne|Fusion Bolt|p2a: Breloom
|-resisted|p2a: Breloom
|-damage|p2a: Breloom|49/100
|
|-heal|p2a: Breloom|100/100|[from] move: Wish|[wisher] Alomomola
|upkeep
|turn|9
|
|t:|1739445397
|switch|p1a: Adolf|Bisharp, F|47/100
|move|p2a: Breloom|Mach Punch|p1a: Adolf
|-supereffective|p1a: Adolf
|-damage|p1a: Adolf|0 fnt
|faint|p1a: Adolf
|
|upkeep
|
|t:|1739445405
|switch|p1a: Shrekster|Conkeldurr, F|100/100
|turn|10
|
|t:|1739445409
|switch|p2a: Xatu|Xatu, F|100/100
|move|p1a: Shrekster|Drain Punch|p2a: Xatu
|-resisted|p2a: Xatu
|-damage|p2a: Xatu|87/100
|-damage|p1a: Shrekster|84/100|[from] item: Rocky Helmet|[of] p2a: Xatu
|
|-heal|p1a: Shrekster|90/100|[from] item: Leftovers
|upkeep
|turn|11
|
|t:|1739445420
|switch|p1a: Starlight|Starmie|100/100
|move|p2a: Xatu|Feather Dance|p1a: Starlight
|-unboost|p1a: Starlight|atk|2
|
|upkeep
|turn|12
|c| kakkarotxvj|Make some reads will u
|
|t:|1739445429
|switch|p2a: Umbreon|Umbreon, F|100/100
|move|p1a: Starlight|Hydro Pump|p2a: Umbreon
|-damage|p2a: Umbreon|78/100
|
|-heal|p2a: Umbreon|85/100|[from] item: Leftovers
|upkeep
|turn|13
|l| kakkarotxvj
|
|t:|1739445442
|move|p1a: Starlight|Hydro Pump|p2a: Umbreon
|-damage|p2a: Umbreon|64/100
|move|p2a: Umbreon|Foul Play|p1a: Starlight
|-supereffective|p1a: Starlight
|-damage|p1a: Starlight|79/100
|
|-heal|p1a: Starlight|86/100|[from] item: Leftovers
|-heal|p2a: Umbreon|70/100|[from] item: Leftovers
|upkeep
|turn|14
|
|t:|1739445452
|move|p1a: Starlight|Thunder Wave|p2a: Umbreon
|-status|p2a: Umbreon|par
|-activate|p2a: Umbreon|ability: Synchronize
|-status|p1a: Starlight|par
|cant|p2a: Umbreon|par
|
|-heal|p1a: Starlight|92/100 par|[from] item: Leftovers
|-heal|p2a: Umbreon|76/100 par|[from] item: Leftovers
|upkeep
|turn|15
|
|t:|1739445467
|-curestatus|p1a: Starlight|par|[from] ability: Natural Cure
|switch|p1a: Insane Dwayne|Kyurem-Black|100/100
|-ability|p1a: Insane Dwayne|Teravolt
|move|p2a: Umbreon|Wish|p2a: Umbreon
|
|-heal|p2a: Umbreon|82/100 par|[from] item: Leftovers
|upkeep
|turn|16
|
|t:|1739445477
|switch|p2a: Alomomola|Alomomola, F|100/100
|move|p1a: Insane Dwayne|Outrage|p2a: Alomomola
|-damage|p2a: Alomomola|35/100
|-damage|p1a: Insane Dwayne|84/100|[from] item: Rocky Helmet|[of] p2a: Alomomola
|
|-heal|p2a: Alomomola|72/100|[from] move: Wish|[wisher] Umbreon
|upkeep
|turn|17
|
|t:|1739445488
|move|p2a: Alomomola|Protect|p2a: Alomomola
|-singleturn|p2a: Alomomola|Protect
|move|p1a: Insane Dwayne|Outrage|p2a: Alomomola|[from] lockedmove
|-activate|p2a: Alomomola|move: Protect
|-start|p1a: Insane Dwayne|confusion|[fatigue]
|
|upkeep
|turn|18
|
|t:|1739445497
|switch|p1a: Shrekster|Conkeldurr, F|90/100
|switch|p2a: Heatran|Heatran, M|100/100
|
|-heal|p1a: Shrekster|97/100|[from] item: Leftovers
|upkeep
|turn|19
|
|t:|1739445507
|switch|p2a: Xatu|Xatu, F|87/100
|move|p1a: Shrekster|Thunder Punch|p2a: Xatu
|-supereffective|p2a: Xatu
|-damage|p2a: Xatu|21/100
|-damage|p1a: Shrekster|80/100|[from] item: Rocky Helmet|[of] p2a: Xatu
|
|-heal|p1a: Shrekster|86/100|[from] item: Leftovers
|upkeep
|turn|20
|
|t:|1739445517
|move|p2a: Xatu|Roost|p2a: Xatu
|-heal|p2a: Xatu|71/100
|-singleturn|p2a: Xatu|move: Roost
|move|p1a: Shrekster|Thunder Punch|p2a: Xatu
|-damage|p2a: Xatu|34/100
|-damage|p1a: Shrekster|70/100|[from] item: Rocky Helmet|[of] p2a: Xatu
|
|-heal|p1a: Shrekster|76/100|[from] item: Leftovers
|upkeep
|turn|21
|
|t:|1739445533
|switch|p1a: Insane Dwayne|Kyurem-Black|84/100
|-ability|p1a: Insane Dwayne|Teravolt
|move|p2a: Xatu|Roost|p2a: Xatu
|-heal|p2a: Xatu|84/100
|-singleturn|p2a: Xatu|move: Roost
|
|upkeep
|turn|22
|
|t:|1739445543
|switch|p2a: Alomomola|Alomomola, F|100/100
|move|p1a: Insane Dwayne|Fusion Bolt|p2a: Alomomola
|-supereffective|p2a: Alomomola
|-damage|p2a: Alomomola|21/100
|
|upkeep
|turn|23
|
|t:|1739445551
|switch|p2a: Hydreigon|Hydreigon, M|100/100
|move|p1a: Insane Dwayne|Fusion Bolt|p2a: Hydreigon
|-resisted|p2a: Hydreigon
|-damage|p2a: Hydreigon|52/100
|
|upkeep
|turn|24
|
|t:|1739445563
|switch|p1a: Painkiller|Garchomp, M|100/100
|move|p2a: Hydreigon|Draco Meteor|p1a: Painkiller
|-supereffective|p1a: Painkiller
|-damage|p1a: Painkiller|0 fnt
|-unboost|p2a: Hydreigon|spa|2
|faint|p1a: Painkiller
|
|upkeep
|
|t:|1739445573
|switch|p1a: Blade|Scyther, M|84/100
|turn|25
|
|t:|1739445579
|switch|p2a: Alomomola|Alomomola, F|54/100
|move|p1a: Blade|U-turn|p2a: Alomomola
|-crit|p2a: Alomomola
|-damage|p2a: Alomomola|15/100
|-damage|p1a: Blade|68/100|[from] item: Rocky Helmet|[of] p2a: Alomomola
|
|t:|1739445589
|switch|p1a: Shrekster|Conkeldurr, F|76/100|[from] U-turn
|
|-heal|p1a: Shrekster|82/100|[from] item: Leftovers
|upkeep
|turn|26
|
|t:|1739445600
|switch|p2a: Xatu|Xatu, F|84/100
|move|p1a: Shrekster|Drain Punch|p2a: Xatu
|-resisted|p2a: Xatu
|-damage|p2a: Xatu|70/100
|-heal|p1a: Shrekster|89/100|[from] drain|[of] p2a: Xatu
|-damage|p1a: Shrekster|73/100|[from] item: Rocky Helmet|[of] p2a: Xatu
|
|-heal|p1a: Shrekster|79/100|[from] item: Leftovers
|upkeep
|turn|27
|
|t:|1739445612
|move|p2a: Xatu|Feather Dance|p1a: Shrekster
|-unboost|p1a: Shrekster|atk|2
|move|p1a: Shrekster|Thunder Punch|p2a: Xatu
|-supereffective|p2a: Xatu
|-damage|p2a: Xatu|34/100
|-damage|p1a: Shrekster|63/100|[from] item: Rocky Helmet|[of] p2a: Xatu
|
|-heal|p1a: Shrekster|69/100|[from] item: Leftovers
|upkeep
|turn|28
|
|t:|1739445623
|switch|p1a: Insane Dwayne|Kyurem-Black|84/100
|-ability|p1a: Insane Dwayne|Teravolt
|move|p2a: Xatu|U-turn|p1a: Insane Dwayne
|-damage|p1a: Insane Dwayne|73/100
|
|t:|1739445630
|switch|p2a: Breloom|Breloom, F|100/100|[from] U-turn
|
|upkeep
|turn|29
|
|t:|1739445635
|switch|p1a: Starlight|Starmie|92/100
|move|p2a: Breloom|Mach Punch|p1a: Starlight
|-resisted|p1a: Starlight
|-damage|p1a: Starlight|61/100
|
|-heal|p1a: Starlight|67/100|[from] item: Leftovers
|upkeep
|turn|30
|
|t:|1739445644
|switch|p2a: Umbreon|Umbreon, F|82/100 par
|move|p1a: Starlight|Psyshock|p2a: Umbreon
|-immune|p2a: Umbreon
|
|-heal|p1a: Starlight|73/100|[from] item: Leftovers
|-heal|p2a: Umbreon|88/100 par|[from] item: Leftovers
|upkeep
|turn|31
|
|t:|1739445655
|switch|p1a: Insane Dwayne|Kyurem-Black|73/100
|-ability|p1a: Insane Dwayne|Teravolt
|move|p2a: Umbreon|Wish|p2a: Umbreon
|
|-heal|p2a: Umbreon|94/100 par|[from] item: Leftovers
|upkeep
|turn|32
|
|t:|1739445667
|switch|p2a: Heatran|Heatran, M|100/100
|move|p1a: Insane Dwayne|Outrage|p2a: Heatran
|-resisted|p2a: Heatran
|-damage|p2a: Heatran|34/100
|
|-heal|p2a: Heatran|95/100|[from] move: Wish|[wisher] Umbreon
|-heal|p2a: Heatran|100/100|[from] item: Leftovers
|upkeep
|turn|33
|
|t:|1739445678
|move|p1a: Insane Dwayne|Outrage|p2a: Heatran|[from] lockedmove
|-resisted|p2a: Heatran
|-damage|p2a: Heatran|39/100
|-start|p1a: Insane Dwayne|confusion|[fatigue]
|move|p2a: Heatran|Substitute|p2a: Heatran
|-start|p2a: Heatran|Substitute
|-damage|p2a: Heatran|14/100
|
|-heal|p2a: Heatran|20/100|[from] item: Leftovers
|upkeep
|turn|34
|
|t:|1739445692
|switch|p1a: Starlight|Starmie|73/100
|move|p2a: Heatran|Toxic|p1a: Starlight
|-status|p1a: Starlight|tox
|
|-heal|p1a: Starlight|79/100 tox|[from] item: Leftovers
|-heal|p2a: Heatran|26/100|[from] item: Leftovers
|-damage|p1a: Starlight|73/100 tox|[from] psn
|upkeep
|turn|35
|
|t:|1739445704
|move|p1a: Starlight|Hydro Pump|p2a: Heatran
|-supereffective|p2a: Heatran
|-end|p2a: Heatran|Substitute
|move|p2a: Heatran|Lava Plume|p1a: Starlight
|-resisted|p1a: Starlight
|-damage|p1a: Starlight|49/100 tox
|
|-heal|p1a: Starlight|55/100 tox|[from] item: Leftovers
|-heal|p2a: Heatran|32/100|[from] item: Leftovers
|-damage|p1a: Starlight|43/100 tox|[from] psn
|upkeep
|turn|36
|
|t:|1739445724
|switch|p2a: Breloom|Breloom, F|100/100
|move|p1a: Starlight|Thunder Wave|p2a: Breloom
|-status|p2a: Breloom|par
|
|-heal|p1a: Starlight|49/100 tox|[from] item: Leftovers
|-damage|p1a: Starlight|30/100 tox|[from] psn
|upkeep
|turn|37
|
|t:|1739445733
|-curestatus|p1a: Starlight|tox|[from] ability: Natural Cure
|switch|p1a: Blade|Scyther, M|68/100
|switch|p2a: Umbreon|Umbreon, F|94/100 par
|
|-heal|p2a: Umbreon|99/100 par|[from] item: Leftovers
|upkeep
|turn|38
|
|t:|1739445745
|switch|p2a: Alomomola|Alomomola, F|48/100
|move|p1a: Blade|U-turn|p2a: Alomomola
|-damage|p2a: Alomomola|27/100
|-damage|p1a: Blade|51/100|[from] item: Rocky Helmet|[of] p2a: Alomomola
|
|t:|1739445754
|switch|p1a: Shrekster|Conkeldurr, F|69/100|[from] U-turn
|
|-heal|p1a: Shrekster|75/100|[from] item: Leftovers
|upkeep
|turn|39
|
|t:|1739445763
|switch|p2a: Xatu|Xatu, F|34/100
|move|p1a: Shrekster|Thunder Punch|p2a: Xatu
|-supereffective|p2a: Xatu
|-damage|p2a: Xatu|0 fnt
|-damage|p1a: Shrekster|59/100|[from] item: Rocky Helmet|[of] p2a: Xatu
|faint|p2a: Xatu
|
|-heal|p1a: Shrekster|65/100|[from] item: Leftovers
|upkeep
|
|t:|1739445776
|switch|p2a: Alomomola|Alomomola, F|60/100
|turn|40
|
|t:|1739445781
|move|p2a: Alomomola|Wish|p2a: Alomomola
|move|p1a: Shrekster|Drain Punch|p2a: Alomomola
|-damage|p2a: Alomomola|33/100
|-heal|p1a: Shrekster|85/100|[from] drain|[of] p2a: Alomomola
|-damage|p1a: Shrekster|69/100|[from] item: Rocky Helmet|[of] p2a: Alomomola
|
|-heal|p1a: Shrekster|75/100|[from] item: Leftovers
|upkeep
|turn|41
|
|t:|1739445795
|move|p2a: Alomomola|Protect|p2a: Alomomola
|-singleturn|p2a: Alomomola|Protect
|move|p1a: Shrekster|Thunder Punch|p2a: Alomomola
|-activate|p2a: Alomomola|move: Protect
|
|-heal|p2a: Alomomola|83/100|[from] move: Wish|[wisher] Alomomola
|-heal|p1a: Shrekster|82/100|[from] item: Leftovers
|upkeep
|turn|42
|
|t:|1739445807
|move|p2a: Alomomola|Wish|p2a: Alomomola
|move|p1a: Shrekster|Thunder Punch|p2a: Alomomola
|-supereffective|p2a: Alomomola
|-damage|p2a: Alomomola|46/100
|-damage|p1a: Shrekster|65/100|[from] item: Rocky Helmet|[of] p2a: Alomomola
|
|-heal|p1a: Shrekster|71/100|[from] item: Leftovers
|upkeep
|turn|43
|
|t:|1739445825
|move|p2a: Alomomola|Scald|p1a: Shrekster
|-damage|p1a: Shrekster|52/100
|move|p1a: Shrekster|Ice Punch|p2a: Alomomola
|-resisted|p2a: Alomomola
|-damage|p2a: Alomomola|37/100
|-damage|p1a: Shrekster|35/100|[from] item: Rocky Helmet|[of] p2a: Alomomola
|
|-heal|p2a: Alomomola|87/100|[from] move: Wish|[wisher] Alomomola
|-heal|p1a: Shrekster|42/100|[from] item: Leftovers
|upkeep
|turn|44
|
|t:|1739445837
|move|p2a: Alomomola|Wish|p2a: Alomomola
|move|p1a: Shrekster|Drain Punch|p2a: Alomomola
|-damage|p2a: Alomomola|60/100
|-heal|p1a: Shrekster|62/100|[from] drain|[of] p2a: Alomomola
|-damage|p1a: Shrekster|46/100|[from] item: Rocky Helmet|[of] p2a: Alomomola
|
|-heal|p1a: Shrekster|52/100|[from] item: Leftovers
|upkeep
|turn|45
|
|t:|1739445847
|move|p2a: Alomomola|Scald|p1a: Shrekster
|-damage|p1a: Shrekster|33/100
|move|p1a: Shrekster|Thunder Punch|p2a: Alomomola
|-supereffective|p2a: Alomomola
|-damage|p2a: Alomomola|23/100
|-status|p2a: Alomomola|par
|-damage|p1a: Shrekster|17/100|[from] item: Rocky Helmet|[of] p2a: Alomomola
|
|-heal|p2a: Alomomola|73/100 par|[from] move: Wish|[wisher] Alomomola
|-heal|p1a: Shrekster|23/100|[from] item: Leftovers
|upkeep
|turn|46
|
|t:|1739445865
|move|p1a: Shrekster|Drain Punch|p2a: Alomomola
|-damage|p2a: Alomomola|44/100 par
|-heal|p1a: Shrekster|45/100|[from] drain|[of] p2a: Alomomola
|-damage|p1a: Shrekster|29/100|[from] item: Rocky Helmet|[of] p2a: Alomomola
|cant|p2a: Alomomola|par
|
|-heal|p1a: Shrekster|35/100|[from] item: Leftovers
|upkeep
|turn|47
|
|t:|1739445875
|move|p1a: Shrekster|Drain Punch|p2a: Alomomola
|-damage|p2a: Alomomola|14/100 par
|-heal|p1a: Shrekster|58/100|[from] drain|[of] p2a: Alomomola
|-damage|p1a: Shrekster|41/100|[from] item: Rocky Helmet|[of] p2a: Alomomola
|move|p2a: Alomomola|Scald|p1a: Shrekster
|-damage|p1a: Shrekster|23/100
|
|-heal|p1a: Shrekster|30/100|[from] item: Leftovers
|upkeep
|turn|48
|
|t:|1739445893
|move|p1a: Shrekster|Drain Punch|p2a: Alomomola
|-damage|p2a: Alomomola|0 fnt
|-heal|p1a: Shrekster|40/100|[from] drain|[of] p2a: Alomomola
|-damage|p1a: Shrekster|23/100|[from] item: Rocky Helmet|[of] p2a: Alomomola
|faint|p2a: Alomomola
|
|-heal|p1a: Shrekster|30/100|[from] item: Leftovers
|upkeep
|
|t:|1739445908
|switch|p2a: Hydreigon|Hydreigon, M|52/100
|turn|49
|
|t:|1739445912
|move|p1a: Shrekster|Mach Punch|p2a: Hydreigon
|-supereffective|p2a: Hydreigon
|-damage|p2a: Hydreigon|0 fnt
|faint|p2a: Hydreigon
|
|-heal|p1a: Shrekster|36/100|[from] item: Leftovers
|upkeep
|
|t:|1739445921
|switch|p2a: Breloom|Breloom, F|100/100 par
|turn|50
|
|t:|1739445928
|move|p2a: Breloom|Mach Punch|p1a: Shrekster
|-damage|p1a: Shrekster|0 fnt
|faint|p1a: Shrekster
|
|upkeep
|
|t:|1739445941
|switch|p1a: Blade|Scyther, M|51/100
|turn|51
|
|t:|1739445945
|switch|p2a: Umbreon|Umbreon, F|99/100 par
|move|p1a: Blade|U-turn|p2a: Umbreon
|-supereffective|p2a: Umbreon
|-damage|p2a: Umbreon|45/100 par
|
|t:|1739445951
|switch|p1a: Insane Dwayne|Kyurem-Black|73/100|[from] U-turn
|-ability|p1a: Insane Dwayne|Teravolt
|
|-heal|p2a: Umbreon|51/100 par|[from] item: Leftovers
|upkeep
|turn|52
|
|t:|1739445960
|move|p2a: Umbreon|Protect|p2a: Umbreon
|-singleturn|p2a: Umbreon|Protect
|move|p1a: Insane Dwayne|Dragon Claw|p2a: Umbreon
|-activate|p2a: Umbreon|move: Protect
|
|-heal|p2a: Umbreon|57/100 par|[from] item: Leftovers
|upkeep
|turn|53
|
|t:|1739445968
|move|p1a: Insane Dwayne|Dragon Claw|p2a: Umbreon
|-damage|p2a: Umbreon|0 fnt
|faint|p2a: Umbreon
|
|upkeep
|
|t:|1739445974
|switch|p2a: Heatran|Heatran, M|32/100
|turn|54
|
|t:|1739445977
|move|p1a: Insane Dwayne|Dragon Claw|p2a: Heatran
|-resisted|p2a: Heatran
|-damage|p2a: Heatran|0 fnt
|faint|p2a: Heatran
|
|upkeep
|-message|Rkll forfeited.
|
|win|daddy_days
|raw|daddy_days's rating: 1350 &rarr; <strong>1370</strong><br />(+20 for winning)
|raw|Rkll's rating: 1353 &rarr; <strong>1333</strong><br />(-20 for losing)
|l|☆Rkll
|player|p2|
|c|☆daddy_days|egeh gg
