|j|☆Croaset
|j|☆ashissupertrash
|t:|1717111143
|gametype|singles
|player|p1|Croaset|266|1281
|player|p2|ashissupertrash|169|1343
|teamsize|p1|6
|teamsize|p2|6
|gen|5
|tier|[Gen 5] OU
|rated|
|rule|Species Clause: Limit one of each Pokémon
|rule|OHKO Clause: OHKO moves are banned
|rule|Moody Clause: Moody is banned
|rule|Evasion Items Clause: Evasion items are banned
|rule|Evasion Moves Clause: Evasion moves are banned
|rule|Endless Battle Clause: Forcing endless battles is banned
|rule|HP Percentage Mod: HP is shown in percentages
|rule|Evasion Abilities Clause: Evasion abilities are banned
|rule|Sleep Moves Clause: Sleep-inducing moves are banned
|rule|Swagger Clause: Swagger is banned
|rule|Baton Pass Stat Clause: No Baton Passer may have a way to boost its stats
|clearpoke
|poke|p1|Tyranitar, F|item
|poke|p1|Landorus-Therian, M|item
|poke|p1|Latios, M|item
|poke|p1|Ferrothorn, M|item
|poke|p1|Excadrill, F|item
|poke|p1|Reuniclus, F|item
|poke|p2|Espeon, F|item
|poke|p2|Azelf|item
|poke|p2|Dragonite, M|item
|poke|p2|Volcarona, F|item
|poke|p2|Magnezone|item
|poke|p2|Conkeldurr, F|item
|teampreview
|inactive|Battle timer is ON: inactive players will automatically lose when time's up. (requested by ashissupertrash)
|
|t:|1717111153
|start
|switch|p1a: Tyranitar|Tyranitar, F|100/100
|switch|p2a: Conkeldurr|Conkeldurr, F|100/100
|-weather|Sandstorm|[from] ability: Sand Stream|[of] p1a: Tyranitar
|turn|1
|
|t:|1717111160
|switch|p1a: Reuniclus|Reuniclus, F|100/100
|move|p2a: Conkeldurr|Drain Punch|p1a: Reuniclus
|-resisted|p1a: Reuniclus
|-damage|p1a: Reuniclus|85/100
|
|-weather|Sandstorm|[upkeep]
|-damage|p2a: Conkeldurr|94/100|[from] Sandstorm
|-heal|p1a: Reuniclus|92/100|[from] item: Leftovers
|-status|p2a: Conkeldurr|brn|[from] item: Flame Orb
|upkeep
|turn|2
|
|t:|1717111171
|switch|p2a: Azelf|Azelf|100/100
|move|p1a: Reuniclus|Psyshock|p2a: Azelf
|-resisted|p2a: Azelf
|-damage|p2a: Azelf|76/100
|
|-weather|Sandstorm|[upkeep]
|-damage|p2a: Azelf|70/100|[from] Sandstorm
|-heal|p1a: Reuniclus|98/100|[from] item: Leftovers
|upkeep
|turn|3
|
|t:|1717111182
|switch|p1a: Tyranitar|Tyranitar, F|100/100
|move|p2a: Azelf|Stealth Rock|p1a: Tyranitar
|-sidestart|p1: Croaset|move: Stealth Rock
|
|-weather|Sandstorm|[upkeep]
|-damage|p2a: Azelf|64/100|[from] Sandstorm
|upkeep
|turn|4
|
|t:|1717111195
|move|p2a: Azelf|Explosion|p1a: Tyranitar
|-resisted|p1a: Tyranitar
|-damage|p1a: Tyranitar|65/100
|faint|p2a: Azelf
|move|p1a: Tyranitar|Pursuit|p2: Azelf|[notarget]
|-fail|p1a: Tyranitar
|
|-weather|Sandstorm|[upkeep]
|upkeep
|
|t:|1717111206
|switch|p2a: Conkeldurr|Conkeldurr, F|94/100 brn
|turn|5
|
|t:|1717111215
|switch|p1a: Reuniclus|Reuniclus, F|98/100
|move|p2a: Conkeldurr|Facade|p1a: Reuniclus
|-damage|p1a: Reuniclus|41/100
|
|-weather|Sandstorm|[upkeep]
|-damage|p2a: Conkeldurr|88/100 brn|[from] Sandstorm
|-heal|p1a: Reuniclus|47/100|[from] item: Leftovers
|-damage|p2a: Conkeldurr|76/100 brn|[from] brn
|upkeep
|turn|6
|
|t:|1717111233
|switch|p2a: Volcarona|Volcarona, F|100/100
|move|p1a: Reuniclus|Recover|p1a: Reuniclus
|-heal|p1a: Reuniclus|97/100
|
|-weather|Sandstorm|[upkeep]
|-damage|p2a: Volcarona|94/100|[from] Sandstorm
|-heal|p2a: Volcarona|100/100|[from] item: Leftovers
|-heal|p1a: Reuniclus|100/100|[from] item: Leftovers
|upkeep
|turn|7
|
|t:|1717111244
|switch|p1a: Tyranitar|Tyranitar, F|65/100
|-damage|p1a: Tyranitar|53/100|[from] Stealth Rock
|move|p2a: Volcarona|Quiver Dance|p2a: Volcarona
|-boost|p2a: Volcarona|spa|1
|-boost|p2a: Volcarona|spd|1
|-boost|p2a: Volcarona|spe|1
|
|-weather|Sandstorm|[upkeep]
|-damage|p2a: Volcarona|94/100|[from] Sandstorm
|-heal|p2a: Volcarona|100/100|[from] item: Leftovers
|upkeep
|turn|8
|
|t:|1717111256
|move|p2a: Volcarona|Bug Buzz|p1a: Tyranitar
|-supereffective|p1a: Tyranitar
|-damage|p1a: Tyranitar|5/100
|-unboost|p1a: Tyranitar|spd|1
|move|p1a: Tyranitar|Stone Edge|p2a: Volcarona
|-supereffective|p2a: Volcarona
|-damage|p2a: Volcarona|0 fnt
|faint|p2a: Volcarona
|
|-weather|Sandstorm|[upkeep]
|upkeep
|inactive|ashissupertrash has 120 seconds left.
|
|t:|1717111277
|switch|p2a: Espeon|Espeon, F|100/100
|turn|9
|
|t:|1717111280
|move|p2a: Espeon|Hidden Power|p1a: Tyranitar
|-supereffective|p1a: Tyranitar
|-enditem|p1a: Tyranitar|Chople Berry|[eat]
|-enditem|p1a: Tyranitar|Chople Berry|[weaken]
|-damage|p1a: Tyranitar|0 fnt
|faint|p1a: Tyranitar
|
|-weather|Sandstorm|[upkeep]
|-damage|p2a: Espeon|95/100|[from] Sandstorm
|upkeep
|
|t:|1717111301
|switch|p1a: Latios|Latios, M|100/100
|-damage|p1a: Latios|88/100|[from] Stealth Rock
|turn|10
|
|t:|1717111305
|move|p1a: Latios|Draco Meteor|p2a: Espeon
|-damage|p2a: Espeon|0 fnt
|-unboost|p1a: Latios|spa|2
|faint|p2a: Espeon
|
|-weather|Sandstorm|[upkeep]
|-damage|p1a: Latios|82/100|[from] Sandstorm
|upkeep
|
|t:|1717111314
|switch|p2a: Dragonite|Dragonite, M|100/100
|turn|11
|
|t:|1717111317
|move|p1a: Latios|Draco Meteor|p2a: Dragonite
|-supereffective|p2a: Dragonite
|-damage|p2a: Dragonite|42/100
|-unboost|p1a: Latios|spa|2
|move|p2a: Dragonite|Dragon Dance|p2a: Dragonite
|-boost|p2a: Dragonite|atk|1
|-boost|p2a: Dragonite|spe|1
|
|-weather|Sandstorm|[upkeep]
|-damage|p2a: Dragonite|35/100|[from] Sandstorm
|-damage|p1a: Latios|76/100|[from] Sandstorm
|-heal|p2a: Dragonite|42/100|[from] item: Leftovers
|upkeep
|turn|12
|j| Excaliburn88tests
|
|t:|1717111331
|move|p2a: Dragonite|Outrage|p1a: Latios
|-supereffective|p1a: Latios
|-damage|p1a: Latios|0 fnt
|faint|p1a: Latios
|
|-weather|Sandstorm|[upkeep]
|-damage|p2a: Dragonite|35/100|[from] Sandstorm
|-heal|p2a: Dragonite|42/100|[from] item: Leftovers
|upkeep
|
|t:|1717111333
|switch|p1a: Landorus|Landorus-Therian, M|100/100
|-damage|p1a: Landorus|88/100|[from] Stealth Rock
|-ability|p1a: Landorus|Intimidate|boost
|-unboost|p2a: Dragonite|atk|1
|turn|13
|
|t:|1717111344
|move|p2a: Dragonite|Outrage|p1a: Landorus|[from]lockedmove
|-damage|p1a: Landorus|24/100
|-start|p2a: Dragonite|confusion|[fatigue]
|move|p1a: Landorus|Hidden Power|p2a: Dragonite
|-supereffective|p2a: Dragonite
|-damage|p2a: Dragonite|0 fnt
|faint|p2a: Dragonite
|
|-weather|Sandstorm|[upkeep]
|-heal|p1a: Landorus|30/100|[from] item: Leftovers
|upkeep
|l| Excaliburn88tests
|-message|ashissupertrash forfeited.
|
|win|Croaset
|raw|Croaset's rating: 1281 &rarr; <strong>1310</strong><br />(+29 for winning)
|raw|ashissupertrash's rating: 1343 &rarr; <strong>1319</strong><br />(-24 for losing)
|l|☆ashissupertrash
|player|p2|
