|j|☆HO Domination
|j|☆Kairak
|t:|1598000059
|player|p1|HO Domination|burglar|1327
|player|p2|Kairak|roughneck-gen4|1356
|teamsize|p1|6
|teamsize|p2|6
|gametype|singles
|gen|5
|tier|[Gen 5] OU
|rated|
|clearpoke
|poke|p1|Garchomp, F|item
|poke|p1|Kyurem-Black|item
|poke|p1|Haxorus, F|item
|poke|p1|Latios, M|item
|poke|p1|Magnezone|item
|poke|p1|Forretress, M|item
|poke|p2|Breloom, F|item
|poke|p2|Slowbro, F|item
|poke|p2|Heatran, F|item
|poke|p2|Landorus-Therian, M|item
|poke|p2|Hydreigon, M|item
|poke|p2|Tentacruel, M|item
|rule|Species Clause: Limit one of each Pokémon
|rule|OHKO Clause: OHKO moves are banned
|rule|Moody Clause: Moody is banned
|rule|Evasion Moves Clause: Evasion moves are banned
|rule|Endless Battle Clause: Forcing endless battles is banned
|rule|HP Percentage Mod: HP is shown in percentages
|rule|Evasion Abilities Clause: Evasion abilities are banned
|rule|Baton Pass Clause: Limit one Baton Passer, can't pass Spe and other stats simultaneously
|rule|Sleep Clause: Sleep-inducing moves are banned
|rule|Swagger Clause: Swagger is banned
|teampreview
|inactive|Battle timer is ON: inactive players will automatically lose when time's up. (requested by HO Domination)
|
|t:|1598000070
|start
|switch|p1a: Forretress|Forretress, M|100/100
|switch|p2a: Landorus|Landorus-Therian, M|100/100
|-ability|p2a: Landorus|Intimidate|boost
|-unboost|p1a: Forretress|atk|1
|turn|1
|
|t:|1598000076
|move|p2a: Landorus|U-turn|p1a: Forretress
|-resisted|p1a: Forretress
|-damage|p1a: Forretress|94/100
|
|t:|1598000077
|switch|p2a: Tentacruel|Tentacruel, M|100/100|[from]move: U-turn
|move|p1a: Forretress|Stealth Rock|p2a: Tentacruel
|-sidestart|p2: Kairak|move: Stealth Rock
|
|-heal|p1a: Forretress|100/100|[from] item: Leftovers
|upkeep
|turn|2
|
|t:|1598000084
|move|p2a: Tentacruel|Rapid Spin|p1a: Forretress
|-resisted|p1a: Forretress
|-damage|p1a: Forretress|99/100
|-sideend|p2: Kairak|Stealth Rock|[from] move: Rapid Spin|[of] p2a: Tentacruel
|move|p1a: Forretress|Spikes|p2a: Tentacruel
|-sidestart|p2: Kairak|Spikes
|
|-heal|p1a: Forretress|100/100|[from] item: Leftovers
|upkeep
|turn|3
|
|t:|1598000090
|move|p2a: Tentacruel|Scald|p1a: Forretress
|-damage|p1a: Forretress|70/100
|-status|p1a: Forretress|brn
|move|p1a: Forretress|Stealth Rock|p2a: Tentacruel
|-sidestart|p2: Kairak|move: Stealth Rock
|
|-heal|p1a: Forretress|76/100 brn|[from] item: Leftovers
|-damage|p1a: Forretress|64/100 brn|[from] brn
|upkeep
|turn|4
|
|t:|1598000100
|switch|p1a: Haxorus|Haxorus, F|100/100
|-ability|p1a: Haxorus|Mold Breaker
|move|p2a: Tentacruel|Rapid Spin|p1a: Haxorus
|-damage|p1a: Haxorus|97/100
|-sideend|p2: Kairak|Spikes|[from] move: Rapid Spin|[of] p2a: Tentacruel
|-sideend|p2: Kairak|Stealth Rock|[from] move: Rapid Spin|[of] p2a: Tentacruel
|
|upkeep
|turn|5
|
|t:|1598000105
|switch|p2a: Landorus|Landorus-Therian, M|100/100
|-ability|p2a: Landorus|Intimidate|boost
|-unboost|p1a: Haxorus|atk|1
|move|p1a: Haxorus|Dragon Dance|p1a: Haxorus
|-boost|p1a: Haxorus|atk|1
|-boost|p1a: Haxorus|spe|1
|
|upkeep
|turn|6
|
|t:|1598000110
|move|p1a: Haxorus|Dragon Dance|p1a: Haxorus
|-boost|p1a: Haxorus|atk|1
|-boost|p1a: Haxorus|spe|1
|move|p2a: Landorus|Hidden Power|p1a: Haxorus
|-supereffective|p1a: Haxorus
|-damage|p1a: Haxorus|47/100
|
|upkeep
|turn|7
|
|t:|1598000112
|move|p1a: Haxorus|Outrage|p2a: Landorus
|-damage|p2a: Landorus|7/100
|move|p2a: Landorus|Hidden Power|p1a: Haxorus
|-supereffective|p1a: Haxorus
|-damage|p1a: Haxorus|0 fnt
|faint|p1a: Haxorus
|
|-heal|p2a: Landorus|13/100|[from] item: Leftovers
|upkeep
|
|t:|1598000117
|switch|p1a: Garchomp|Garchomp, F|100/100
|turn|8
|
|t:|1598000119
|move|p1a: Garchomp|Dual Chop|p2a: Landorus|[miss]
|-miss|p1a: Garchomp|p2a: Landorus
|move|p2a: Landorus|Hidden Power|p1a: Garchomp
|-supereffective|p1a: Garchomp
|-damage|p1a: Garchomp|26/100
|
|-heal|p2a: Landorus|19/100|[from] item: Leftovers
|upkeep
|turn|9
|
|t:|1598000124
|move|p1a: Garchomp|Dual Chop|p2a: Landorus
|-damage|p2a: Landorus|2/100
|-damage|p2a: Landorus|0 fnt
|-hitcount|p2a: Landorus|2
|faint|p2a: Landorus
|
|upkeep
|
|t:|1598000129
|switch|p2a: Hydreigon|Hydreigon, M|100/100
|turn|10
|
|t:|1598000132
|move|p1a: Garchomp|Dual Chop|p2a: Hydreigon
|-supereffective|p2a: Hydreigon
|-crit|p2a: Hydreigon
|-damage|p2a: Hydreigon|6/100
|-supereffective|p2a: Hydreigon
|-damage|p2a: Hydreigon|0 fnt
|-hitcount|p2a: Hydreigon|2
|faint|p2a: Hydreigon
|
|upkeep
|
|t:|1598000137
|switch|p2a: Heatran|Heatran, F|100/100
|turn|11
|
|t:|1598000141
|switch|p1a: Forretress|Forretress, M|64/100 brn
|move|p2a: Heatran|Substitute|p2a: Heatran
|-start|p2a: Heatran|Substitute
|-damage|p2a: Heatran|76/100
|
|-heal|p2a: Heatran|82/100|[from] item: Leftovers
|-heal|p1a: Forretress|70/100 brn|[from] item: Leftovers
|-damage|p1a: Forretress|58/100 brn|[from] brn
|upkeep
|turn|12
|
|t:|1598000144
|move|p2a: Heatran|Lava Plume|p1a: Forretress
|-supereffective|p1a: Forretress
|-damage|p1a: Forretress|0 fnt
|faint|p1a: Forretress
|
|-heal|p2a: Heatran|88/100|[from] item: Leftovers
|upkeep
|
|t:|1598000153
|switch|p1a: Garchomp|Garchomp, F|26/100
|turn|13
|
|t:|1598000157
|move|p1a: Garchomp|Earthquake|p2a: Heatran
|-supereffective|p2a: Heatran
|-end|p2a: Heatran|Substitute
|move|p2a: Heatran|Lava Plume|p1a: Garchomp
|-resisted|p1a: Garchomp
|-damage|p1a: Garchomp|7/100
|
|-heal|p2a: Heatran|94/100|[from] item: Leftovers
|upkeep
|turn|14
|
|t:|1598000163
|switch|p2a: Slowbro|Slowbro, F|100/100
|move|p1a: Garchomp|Earthquake|p2a: Slowbro
|-damage|p2a: Slowbro|71/100
|
|-heal|p2a: Slowbro|77/100|[from] item: Leftovers
|upkeep
|turn|15
|
|t:|1598000168
|switch|p1a: Magnezone|Magnezone|100/100
|-item|p1a: Magnezone|Air Balloon
|move|p2a: Slowbro|Scald|p1a: Magnezone
|-damage|p1a: Magnezone|66/100
|-enditem|p1a: Magnezone|Air Balloon
|
|-heal|p2a: Slowbro|83/100|[from] item: Leftovers
|upkeep
|turn|16
|
|t:|1598000173
|switch|p2a: Heatran|Heatran, F|94/100
|move|p1a: Magnezone|Thunderbolt|p2a: Heatran
|-damage|p2a: Heatran|53/100
|
|-heal|p2a: Heatran|60/100|[from] item: Leftovers
|upkeep
|turn|17
|
|t:|1598000179
|move|p2a: Heatran|Lava Plume|p1a: Magnezone
|-supereffective|p1a: Magnezone
|-damage|p1a: Magnezone|0 fnt
|faint|p1a: Magnezone
|
|-heal|p2a: Heatran|66/100|[from] item: Leftovers
|upkeep
|
|t:|1598000182
|switch|p1a: Kyurem|Kyurem-Black|100/100
|-ability|p1a: Kyurem|Teravolt
|turn|18
|
|t:|1598000188
|move|p1a: Kyurem|Dragon Claw|p2a: Heatran
|-resisted|p2a: Heatran
|-damage|p2a: Heatran|45/100
|move|p2a: Heatran|Toxic|p1a: Kyurem
|-status|p1a: Kyurem|tox
|
|-heal|p2a: Heatran|51/100|[from] item: Leftovers
|-damage|p1a: Kyurem|94/100 tox|[from] psn
|upkeep
|turn|19
|
|t:|1598000192
|switch|p1a: Garchomp|Garchomp, F|7/100
|move|p2a: Heatran|Protect||[still]
|-fail|p2a: Heatran
|
|-heal|p2a: Heatran|57/100|[from] item: Leftovers
|upkeep
|turn|20
|
|t:|1598000194
|move|p2a: Heatran|Protect|p2a: Heatran
|-singleturn|p2a: Heatran|Protect
|move|p1a: Garchomp|Earthquake|p2a: Heatran
|-activate|p2a: Heatran|move: Protect
|
|-heal|p2a: Heatran|64/100|[from] item: Leftovers
|upkeep
|turn|21
|
|t:|1598000198
|move|p1a: Garchomp|Earthquake|p2a: Heatran
|-supereffective|p2a: Heatran
|-damage|p2a: Heatran|0 fnt
|faint|p2a: Heatran
|
|upkeep
|
|t:|1598000200
|switch|p2a: Breloom|Breloom, F|100/100
|turn|22
|
|t:|1598000204
|move|p1a: Garchomp|Earthquake|p2a: Breloom
|-resisted|p2a: Breloom
|-damage|p2a: Breloom|59/100
|move|p2a: Breloom|Swords Dance|p2a: Breloom
|-boost|p2a: Breloom|atk|2
|
|upkeep
|turn|23
|
|t:|1598000209
|move|p1a: Garchomp|Earthquake|p2a: Breloom
|-resisted|p2a: Breloom
|-damage|p2a: Breloom|16/100
|move|p2a: Breloom|Swords Dance|p2a: Breloom
|-boost|p2a: Breloom|atk|2
|
|upkeep
|turn|24
|
|t:|1598000213
|move|p2a: Breloom|Mach Punch|p1a: Garchomp
|-crit|p1a: Garchomp
|-damage|p1a: Garchomp|0 fnt
|-damage|p2a: Breloom|4/100|[from] ability: Rough Skin|[of] p1a: Garchomp
|-damage|p2a: Breloom|0 fnt|[from] item: Life Orb
|faint|p1a: Garchomp
|faint|p2a: Breloom
|
|upkeep
|c|☆HO Domination|gg
|c|☆HO Domination|xd
|
|t:|1598000221
|switch|p1a: Latios|Latios, M|100/100
|switch|p2a: Slowbro|Slowbro, F|100/100
|turn|25
|
|t:|1598000225
|move|p1a: Latios|Trick|p2a: Slowbro
|-activate|p1a: Latios|move: Trick|[of] p2a: Slowbro
|-item|p2a: Slowbro|Choice Scarf|[from] move: Trick
|-item|p1a: Latios|Leftovers|[from] move: Trick
|move|p2a: Slowbro|Ice Beam|p1a: Latios
|-supereffective|p1a: Latios
|-damage|p1a: Latios|56/100
|
|-heal|p1a: Latios|62/100|[from] item: Leftovers
|upkeep
|turn|26
|
|t:|1598000230
|switch|p1a: Kyurem|Kyurem-Black|94/100 tox
|-ability|p1a: Kyurem|Teravolt
|move|p2a: Slowbro|Ice Beam|p1a: Kyurem
|-damage|p1a: Kyurem|72/100 tox
|
|-damage|p1a: Kyurem|66/100 tox|[from] psn
|upkeep
|turn|27
|
|t:|1598000233
|move|p1a: Kyurem|Fusion Bolt|p2a: Slowbro
|-supereffective|p2a: Slowbro
|-damage|p2a: Slowbro|51/100
|move|p2a: Slowbro|Ice Beam|p1a: Kyurem
|-damage|p1a: Kyurem|47/100 tox
|
|-damage|p1a: Kyurem|35/100 tox|[from] psn
|upkeep
|turn|28
|
|t:|1598000242
|move|p1a: Kyurem|Fusion Bolt|p2a: Slowbro
|-supereffective|p2a: Slowbro
|-damage|p2a: Slowbro|4/100
|move|p2a: Slowbro|Ice Beam|p1a: Kyurem
|-damage|p1a: Kyurem|12/100 tox
|
|-damage|p1a: Kyurem|0 fnt|[from] psn
|faint|p1a: Kyurem
|upkeep
|
|t:|1598000244
|switch|p1a: Latios|Latios, M|62/100
|turn|29
|
|t:|1598000248
|switch|p2a: Tentacruel|Tentacruel, M|100/100
|move|p1a: Latios|Surf|p2a: Tentacruel
|-resisted|p2a: Tentacruel
|-damage|p2a: Tentacruel|87/100
|
|-heal|p1a: Latios|68/100|[from] item: Leftovers
|-heal|p2a: Tentacruel|93/100|[from] item: Black Sludge
|upkeep
|turn|30
|
|t:|1598000251
|move|p1a: Latios|Draco Meteor|p2a: Tentacruel|[miss]
|-miss|p1a: Latios|p2a: Tentacruel
|move|p2a: Tentacruel|Scald|p1a: Latios
|-resisted|p1a: Latios
|-damage|p1a: Latios|56/100
|
|-heal|p1a: Latios|62/100|[from] item: Leftovers
|-heal|p2a: Tentacruel|99/100|[from] item: Black Sludge
|upkeep
|turn|31
|
|t:|1598000254
|move|p1a: Latios|Draco Meteor|p2a: Tentacruel
|-damage|p2a: Tentacruel|40/100
|-unboost|p1a: Latios|spa|2
|move|p2a: Tentacruel|Scald|p1a: Latios
|-resisted|p1a: Latios
|-damage|p1a: Latios|50/100
|
|-heal|p1a: Latios|56/100|[from] item: Leftovers
|-heal|p2a: Tentacruel|46/100|[from] item: Black Sludge
|upkeep
|turn|32
|
|t:|1598000258
|move|p1a: Latios|Draco Meteor|p2a: Tentacruel
|-damage|p2a: Tentacruel|14/100
|-unboost|p1a: Latios|spa|2
|move|p2a: Tentacruel|Scald|p1a: Latios
|-resisted|p1a: Latios
|-damage|p1a: Latios|44/100
|
|-heal|p1a: Latios|50/100|[from] item: Leftovers
|-heal|p2a: Tentacruel|20/100|[from] item: Black Sludge
|upkeep
|turn|33
|
|t:|1598000263
|move|p2a: Tentacruel|Protect|p2a: Tentacruel
|-singleturn|p2a: Tentacruel|Protect
|move|p1a: Latios|Draco Meteor|p2a: Tentacruel
|-activate|p2a: Tentacruel|move: Protect
|
|-heal|p1a: Latios|56/100|[from] item: Leftovers
|-heal|p2a: Tentacruel|26/100|[from] item: Black Sludge
|upkeep
|turn|34
|
|t:|1598000267
|move|p1a: Latios|Draco Meteor|p2a: Tentacruel
|-damage|p2a: Tentacruel|7/100
|-unboost|p1a: Latios|spa|2
|move|p2a: Tentacruel|Scald|p1a: Latios
|-resisted|p1a: Latios
|-damage|p1a: Latios|44/100
|-status|p1a: Latios|brn
|
|-heal|p1a: Latios|50/100 brn|[from] item: Leftovers
|-heal|p2a: Tentacruel|13/100|[from] item: Black Sludge
|-damage|p1a: Latios|37/100 brn|[from] brn
|upkeep
|turn|35
|
|t:|1598000270
|move|p2a: Tentacruel|Protect|p2a: Tentacruel
|-singleturn|p2a: Tentacruel|Protect
|move|p1a: Latios|Draco Meteor|p2a: Tentacruel
|-activate|p2a: Tentacruel|move: Protect
|
|-heal|p1a: Latios|43/100 brn|[from] item: Leftovers
|-heal|p2a: Tentacruel|19/100|[from] item: Black Sludge
|-damage|p1a: Latios|31/100 brn|[from] brn
|upkeep
|turn|36
|
|t:|1598000273
|move|p2a: Tentacruel|Protect|p2a: Tentacruel
|-singleturn|p2a: Tentacruel|Protect
|move|p1a: Latios|Draco Meteor|p2a: Tentacruel
|-activate|p2a: Tentacruel|move: Protect
|
|-heal|p1a: Latios|37/100 brn|[from] item: Leftovers
|-heal|p2a: Tentacruel|25/100|[from] item: Black Sludge
|-damage|p1a: Latios|25/100 brn|[from] brn
|upkeep
|turn|37
|
|t:|1598000276
|move|p1a: Latios|Draco Meteor|p2a: Tentacruel
|-damage|p2a: Tentacruel|9/100
|move|p2a: Tentacruel|Scald|p1a: Latios
|-resisted|p1a: Latios
|-crit|p1a: Latios
|-damage|p1a: Latios|1/100 brn
|
|-heal|p1a: Latios|7/100 brn|[from] item: Leftovers
|-heal|p2a: Tentacruel|15/100|[from] item: Black Sludge
|-damage|p1a: Latios|0 fnt|[from] brn
|faint|p1a: Latios
|
|win|Kairak
|upkeep
|c|☆HO Domination|Lucker
|raw|HO Domination's rating: 1327 &rarr; <strong>1309</strong><br />(-18 for losing)
|raw|Kairak's rating: 1356 &rarr; <strong>1374</strong><br />(+18 for winning)
|c|☆HO Domination|so hard
|c|☆HO Domination|x)
|c|☆HO Domination|First lose
|c|☆HO Domination|on gen5
|c|☆HO Domination|:!(
|l|☆HO Domination
