|j|☆Blaise BWOU
|j|☆phosphor
|t:|1735121191
|gametype|singles
|player|p1|Blaise BWOU|n|1311
|player|p2|phosphor|#phosphor|1423
|teamsize|p1|6
|teamsize|p2|6
|gen|5
|tier|[Gen 5] OU
|rated|
|rule|Species Clause: Limit one of each Pokémon
|rule|OHKO Clause: OHKO moves are banned
|rule|Moody Clause: Moody is banned
|rule|Evasion Items Clause: Evasion items are banned
|rule|Evasion Moves Clause: Evasion moves are banned
|rule|Endless Battle Clause: Forcing endless battles is banned
|rule|HP Percentage Mod: HP is shown in percentages
|rule|Evasion Abilities Clause: Evasion abilities are banned
|rule|Sleep Moves Clause: Sleep-inducing moves are banned
|rule|Swagger Clause: Swagger is banned
|rule|Baton Pass Stat Clause: No Baton Passer may have a way to boost its stats
|clearpoke
|poke|p1|Xatu, M|item
|poke|p1|Excadrill, M|item
|poke|p1|Hippowdon, M|item
|poke|p1|Slowbro, M|item
|poke|p1|Amoonguss, F|item
|poke|p1|Chansey, F|item
|poke|p2|Tyranitar, F|item
|poke|p2|Skarmory, F|item
|poke|p2|Blissey, F|item
|poke|p2|Celebi|item
|poke|p2|Donphan, F|item
|poke|p2|Milotic, M|item
|teampreview
|c|☆phosphor|gl hf
|c|☆Blaise BWOU|hi thx u2
|
|t:|1735121214
|start
|switch|p1a: Diana|Amoonguss, F, shiny|100/100
|switch|p2a: Skarmory|Skarmory, F|100/100
|turn|1
|
|t:|1735121225
|switch|p1a: Mercurius|Xatu, M|100/100
|move|p2a: Skarmory|Brave Bird|p1a: Mercurius
|-damage|p1a: Mercurius|64/100
|-damage|p2a: Skarmory|84/100|[from] item: Rocky Helmet|[of] p1a: Mercurius
|-damage|p2a: Skarmory|72/100|[from] Recoil
|
|upkeep
|turn|2
|
|t:|1735121236
|switch|p2a: Tyranitar|Tyranitar, F|100/100
|-weather|Sandstorm|[from] ability: Sand Stream|[of] p2a: Tyranitar
|move|p1a: Mercurius|Roost|p1a: Mercurius
|-heal|p1a: Mercurius|100/100
|-singleturn|p1a: Mercurius|move: Roost
|
|-weather|Sandstorm|[upkeep]
|-damage|p1a: Mercurius|95/100|[from] Sandstorm
|upkeep
|turn|3
|
|t:|1735121240
|move|p1a: Mercurius|Feather Dance|p2a: Tyranitar
|-unboost|p2a: Tyranitar|atk|2
|move|p2a: Tyranitar|Crunch|p1a: Mercurius
|-supereffective|p1a: Mercurius
|-damage|p1a: Mercurius|19/100
|-damage|p2a: Tyranitar|84/100|[from] item: Rocky Helmet|[of] p1a: Mercurius
|
|-weather|Sandstorm|[upkeep]
|-damage|p1a: Mercurius|13/100|[from] Sandstorm
|upkeep
|turn|4
|
|t:|1735121262
|switch|p1a: Janus|Hippowdon, M|100/100
|move|p2a: Tyranitar|Crunch|p1a: Janus
|-damage|p1a: Janus|81/100
|-damage|p2a: Tyranitar|67/100|[from] item: Rocky Helmet|[of] p1a: Janus
|
|-weather|Sandstorm|[upkeep]
|upkeep
|turn|5
|
|t:|1735121275
|switch|p2a: Skarmory|Skarmory, F|72/100
|switch|p1a: Mercurius|Xatu, M|13/100
|
|-weather|Sandstorm|[upkeep]
|-damage|p1a: Mercurius|7/100|[from] Sandstorm
|upkeep
|turn|6
|
|t:|1735121279
|switch|p2a: Tyranitar|Tyranitar, F|67/100
|move|p1a: Mercurius|Roost|p1a: Mercurius
|-heal|p1a: Mercurius|57/100
|-singleturn|p1a: Mercurius|move: Roost
|
|-weather|Sandstorm|[upkeep]
|-damage|p1a: Mercurius|51/100|[from] Sandstorm
|upkeep
|turn|7
|
|t:|1735121293
|move|p1a: Mercurius|Feather Dance|p2a: Tyranitar
|-unboost|p2a: Tyranitar|atk|2
|move|p2a: Tyranitar|Pursuit|p1a: Mercurius
|-supereffective|p1a: Mercurius
|-damage|p1a: Mercurius|15/100
|-damage|p2a: Tyranitar|50/100|[from] item: Rocky Helmet|[of] p1a: Mercurius
|
|-weather|Sandstorm|[upkeep]
|-damage|p1a: Mercurius|9/100|[from] Sandstorm
|upkeep
|turn|8
|
|t:|1735121306
|switch|p2a: Milotic|Milotic, M|100/100
|move|p1a: Mercurius|Roost|p1a: Mercurius
|-heal|p1a: Mercurius|59/100
|-singleturn|p1a: Mercurius|move: Roost
|
|-weather|Sandstorm|[upkeep]
|-damage|p1a: Mercurius|53/100|[from] Sandstorm
|-damage|p2a: Milotic|94/100|[from] Sandstorm
|-heal|p2a: Milotic|100/100|[from] item: Leftovers
|upkeep
|turn|9
|
|t:|1735121334
|switch|p1a: Venus|Chansey, F|100/100
|move|p2a: Milotic|Scald|p1a: Venus
|-damage|p1a: Venus|91/100
|-status|p1a: Venus|brn
|
|-weather|Sandstorm|[upkeep]
|-damage|p2a: Milotic|94/100|[from] Sandstorm
|-damage|p1a: Venus|85/100 brn|[from] Sandstorm
|-heal|p2a: Milotic|100/100|[from] item: Leftovers
|-damage|p1a: Venus|73/100 brn|[from] brn
|upkeep
|turn|10
|
|t:|1735121342
|switch|p2a: Skarmory|Skarmory, F|72/100
|move|p1a: Venus|Thunder Wave|p2a: Skarmory
|-status|p2a: Skarmory|par
|
|-weather|Sandstorm|[upkeep]
|-damage|p1a: Venus|67/100 brn|[from] Sandstorm
|-damage|p1a: Venus|54/100 brn|[from] brn
|upkeep
|turn|11
|
|t:|1735121353
|move|p1a: Venus|Soft-Boiled|p1a: Venus
|-heal|p1a: Venus|100/100 brn
|move|p2a: Skarmory|Brave Bird|p1a: Venus
|-damage|p1a: Venus|78/100 brn
|-damage|p2a: Skarmory|56/100 par|[from] Recoil
|
|-weather|Sandstorm|[upkeep]
|-damage|p1a: Venus|72/100 brn|[from] Sandstorm
|-damage|p1a: Venus|60/100 brn|[from] brn
|upkeep
|turn|12
|
|t:|1735121361
|-curestatus|p1a: Venus|brn|[from] ability: Natural Cure
|switch|p1a: Mercurius|Xatu, M|53/100
|move|p2a: Skarmory|Spikes|p1a: Mercurius
|move|p1a: Mercurius|Spikes|p2a: Skarmory|[from]ability: Magic Bounce
|-sidestart|p2: phosphor|Spikes
|
|-weather|Sandstorm|[upkeep]
|-damage|p1a: Mercurius|47/100|[from] Sandstorm
|upkeep
|turn|13
|
|t:|1735121369
|switch|p2a: Milotic|Milotic, M|100/100
|-damage|p2a: Milotic|88/100|[from] Spikes
|move|p1a: Mercurius|Roost|p1a: Mercurius
|-heal|p1a: Mercurius|97/100
|-singleturn|p1a: Mercurius|move: Roost
|
|-weather|Sandstorm|[upkeep]
|-damage|p1a: Mercurius|91/100|[from] Sandstorm
|-damage|p2a: Milotic|82/100|[from] Sandstorm
|-heal|p2a: Milotic|88/100|[from] item: Leftovers
|upkeep
|turn|14
|
|t:|1735121386
|switch|p1a: Venus|Chansey, F|60/100
|switch|p2a: Skarmory|Skarmory, F|56/100 par
|
|-weather|Sandstorm|[upkeep]
|-damage|p1a: Venus|54/100|[from] Sandstorm
|upkeep
|turn|15
|
|t:|1735121391
|move|p1a: Venus|Soft-Boiled|p1a: Venus
|-heal|p1a: Venus|100/100
|move|p2a: Skarmory|Brave Bird|p1a: Venus
|-damage|p1a: Venus|79/100
|-damage|p2a: Skarmory|41/100 par|[from] Recoil
|
|-weather|Sandstorm|[upkeep]
|-damage|p1a: Venus|72/100|[from] Sandstorm
|upkeep
|turn|16
|
|t:|1735121396
|switch|p1a: Mercurius|Xatu, M|91/100
|move|p2a: Skarmory|Roost|p2a: Skarmory
|-heal|p2a: Skarmory|91/100 par
|-singleturn|p2a: Skarmory|move: Roost
|
|-weather|Sandstorm|[upkeep]
|-damage|p1a: Mercurius|85/100|[from] Sandstorm
|upkeep
|turn|17
|
|t:|1735121405
|switch|p2a: Milotic|Milotic, M|88/100
|-damage|p2a: Milotic|76/100|[from] Spikes
|move|p1a: Mercurius|Thunder Wave|p2a: Milotic
|-status|p2a: Milotic|par
|
|-weather|Sandstorm|[upkeep]
|-damage|p1a: Mercurius|79/100|[from] Sandstorm
|-damage|p2a: Milotic|70/100 par|[from] Sandstorm
|-heal|p2a: Milotic|76/100 par|[from] item: Leftovers
|upkeep
|turn|18
|
|t:|1735121420
|switch|p1a: Diana|Amoonguss, F, shiny|100/100
|move|p2a: Milotic|Dragon Tail|p1a: Diana
|-crit|p1a: Diana
|-damage|p1a: Diana|84/100
|drag|p1a: Mars|Excadrill, M|100/100
|
|-weather|Sandstorm|[upkeep]
|-damage|p2a: Milotic|70/100 par|[from] Sandstorm
|-heal|p2a: Milotic|76/100 par|[from] item: Leftovers
|upkeep
|turn|19
|
|t:|1735121430
|move|p1a: Mars|Earthquake|p2a: Milotic
|-damage|p2a: Milotic|37/100 par
|cant|p2a: Milotic|par
|
|-weather|Sandstorm|[upkeep]
|-damage|p2a: Milotic|31/100 par|[from] Sandstorm
|-heal|p2a: Milotic|37/100 par|[from] item: Leftovers
|upkeep
|turn|20
|
|t:|1735121434
|switch|p2a: Skarmory|Skarmory, F|91/100 par
|move|p1a: Mars|Earthquake|p2a: Skarmory
|-immune|p2a: Skarmory
|
|-weather|Sandstorm|[upkeep]
|upkeep
|turn|21
|
|t:|1735121441
|move|p1a: Mars|Swords Dance|p1a: Mars
|-boost|p1a: Mars|atk|2
|move|p2a: Skarmory|Brave Bird|p1a: Mars
|-resisted|p1a: Mars
|-damage|p1a: Mars|77/100
|-damage|p2a: Skarmory|83/100 par|[from] Recoil
|
|-weather|Sandstorm|[upkeep]
|-heal|p1a: Mars|83/100|[from] item: Leftovers
|upkeep
|turn|22
|
|t:|1735121449
|move|p1a: Mars|Rock Slide|p2a: Skarmory
|-damage|p2a: Skarmory|36/100 par
|move|p2a: Skarmory|Brave Bird|p1a: Mars
|-resisted|p1a: Mars
|-damage|p1a: Mars|60/100
|-damage|p2a: Skarmory|27/100 par|[from] Recoil
|
|-weather|Sandstorm|[upkeep]
|-heal|p1a: Mars|66/100|[from] item: Leftovers
|upkeep
|turn|23
|
|t:|1735121455
|switch|p2a: Donphan|Donphan, F|100/100
|-damage|p2a: Donphan|88/100|[from] Spikes
|move|p1a: Mars|Rock Slide|p2a: Donphan
|-resisted|p2a: Donphan
|-damage|p2a: Donphan|65/100
|
|-weather|Sandstorm|[upkeep]
|-heal|p1a: Mars|72/100|[from] item: Leftovers
|-heal|p2a: Donphan|71/100|[from] item: Leftovers
|upkeep
|turn|24
|
|t:|1735121476
|move|p1a: Mars|Earthquake|p2a: Donphan
|-damage|p2a: Donphan|0 fnt
|faint|p2a: Donphan
|
|-weather|Sandstorm|[upkeep]
|-heal|p1a: Mars|78/100|[from] item: Leftovers
|upkeep
|c|☆phosphor|gg wp
|-message|phosphor forfeited.
|
|win|Blaise BWOU
|raw|Blaise BWOU's rating: 1311 &rarr; <strong>1337</strong><br />(+26 for winning)
|raw|phosphor's rating: 1423 &rarr; <strong>1397</strong><br />(-26 for losing)
|l|☆phosphor
|player|p2|
|c|☆Blaise BWOU|gg
