|j|☆av2336
|j|☆ImaginewasTaken
|t:|1715188164
|gametype|singles
|player|p1|av2336|pokemaniac-gen3rs|1286
|player|p2|ImaginewasTaken|n|1358
|teamsize|p1|6
|teamsize|p2|6
|gen|5
|tier|[Gen 5] OU
|rated|
|rule|Species Clause: Limit one of each Pokémon
|rule|OHKO Clause: OHKO moves are banned
|rule|Moody Clause: Moody is banned
|rule|Evasion Items Clause: Evasion items are banned
|rule|Evasion Moves Clause: Evasion moves are banned
|rule|Endless Battle Clause: Forcing endless battles is banned
|rule|HP Percentage Mod: HP is shown in percentages
|rule|Evasion Abilities Clause: Evasion abilities are banned
|rule|Sleep Moves Clause: Sleep-inducing moves are banned
|rule|Swagger Clause: Swagger is banned
|rule|Baton Pass Stat Clause: No Baton Passer may have a way to boost its stats
|clearpoke
|poke|p1|Bronzong|item
|poke|p1|Gallade, M|item
|poke|p1|Jellicent, M|item
|poke|p1|Conkeldurr, F|item
|poke|p1|Reuniclus, F|item
|poke|p1|Dragonite, M|item
|poke|p2|Tyranitar, M|item
|poke|p2|Alakazam, F|item
|poke|p2|Breloom, F|item
|poke|p2|Garchomp, M|item
|poke|p2|Excadrill, F|item
|poke|p2|Gastrodon-East, M|item
|teampreview
|inactive|Battle timer is ON: inactive players will automatically lose when time's up. (requested by av2336)
|inactive|av2336 has 120 seconds left.
|
|t:|1715188199
|start
|switch|p1a: Bronzong|Bronzong|100/100
|switch|p2a: East-Side|Gastrodon-East, M|100/100
|turn|1
|
|t:|1715188204
|move|p2a: East-Side|Scald|p1a: Bronzong
|-damage|p1a: Bronzong|77/100
|-status|p1a: Bronzong|brn
|move|p1a: Bronzong|Stealth Rock|p2a: East-Side
|-sidestart|p2: ImaginewasTaken|move: Stealth Rock
|
|-damage|p1a: Bronzong|71/100 brn|[from] brn
|upkeep
|turn|2
|
|t:|1715188210
|switch|p2a: MY GOAT RAAAHHHH|Breloom, F|100/100
|-damage|p2a: MY GOAT RAAAHHHH|94/100|[from] Stealth Rock
|move|p1a: Bronzong|Trick|p2a: MY GOAT RAAAHHHH
|-activate|p1a: Bronzong|move: Trick|[of] p2a: MY GOAT RAAAHHHH
|-item|p2a: MY GOAT RAAAHHHH|Mental Herb|[from] move: Trick
|-item|p1a: Bronzong|Toxic Orb|[from] move: Trick
|
|-damage|p1a: Bronzong|65/100 brn|[from] brn
|upkeep
|turn|3
|
|t:|1715188223
|move|p2a: MY GOAT RAAAHHHH|Swords Dance|p2a: MY GOAT RAAAHHHH
|-boost|p2a: MY GOAT RAAAHHHH|atk|2
|move|p1a: Bronzong|Trick Room|p1a: Bronzong
|-fieldstart|move: Trick Room|[of] p1a: Bronzong
|
|-damage|p1a: Bronzong|58/100 brn|[from] brn
|upkeep
|turn|4
|
|t:|1715188253
|move|p1a: Bronzong|Explosion|p2a: MY GOAT RAAAHHHH
|-damage|p2a: MY GOAT RAAAHHHH|45/100
|faint|p1a: Bronzong
|move|p2a: MY GOAT RAAAHHHH|Facade|p1: Bronzong|[notarget]
|-fail|p2a: MY GOAT RAAAHHHH
|
|upkeep
|
|t:|1715188257
|switch|p1a: Jellicent|Jellicent, M|100/100
|-item|p1a: Jellicent|Air Balloon
|turn|5
|
|t:|1715188265
|switch|p2a: East-Side|Gastrodon-East, M|100/100
|-damage|p2a: East-Side|94/100|[from] Stealth Rock
|move|p1a: Jellicent|Ice Beam|p2a: East-Side
|-damage|p2a: East-Side|71/100
|
|-heal|p2a: East-Side|77/100|[from] item: Leftovers
|upkeep
|turn|6
|
|t:|1715188276
|switch|p1a: Reuniclus|Reuniclus, F|100/100
|move|p2a: East-Side|Ice Beam|p1a: Reuniclus
|-crit|p1a: Reuniclus
|-damage|p1a: Reuniclus|61/100
|
|-heal|p2a: East-Side|83/100|[from] item: Leftovers
|upkeep
|turn|7
|
|t:|1715188284
|switch|p2a: The Big One!!!|Tyranitar, M|100/100
|-damage|p2a: The Big One!!!|88/100|[from] Stealth Rock
|-weather|Sandstorm|[from] ability: Sand Stream|[of] p2a: The Big One!!!
|move|p1a: Reuniclus|Psyshock|p2a: The Big One!!!
|-immune|p2a: The Big One!!!
|
|-weather|Sandstorm|[upkeep]
|-fieldend|move: Trick Room
|upkeep
|turn|8
|
|t:|1715188302
|move|p2a: The Big One!!!|Crunch|p1a: Reuniclus
|-supereffective|p1a: Reuniclus
|-damage|p1a: Reuniclus|0 fnt
|faint|p1a: Reuniclus
|
|-weather|Sandstorm|[upkeep]
|upkeep
|
|t:|1715188307
|switch|p1a: Conkeldurr|Conkeldurr, F|100/100
|turn|9
|
|t:|1715188316
|switch|p2a: MY GOAT RAAAHHHH|Breloom, F|45/100
|-damage|p2a: MY GOAT RAAAHHHH|39/100|[from] Stealth Rock
|move|p1a: Conkeldurr|Drain Punch|p2a: MY GOAT RAAAHHHH
|-crit|p2a: MY GOAT RAAAHHHH
|-damage|p2a: MY GOAT RAAAHHHH|0 fnt
|faint|p2a: MY GOAT RAAAHHHH
|-damage|p1a: Conkeldurr|91/100|[from] item: Life Orb
|
|-weather|Sandstorm|[upkeep]
|-damage|p1a: Conkeldurr|85/100|[from] Sandstorm
|upkeep
|
|t:|1715188327
|switch|p2a: East-Side|Gastrodon-East, M|83/100
|-damage|p2a: East-Side|77/100|[from] Stealth Rock
|turn|10
|inactive|av2336 has 120 seconds left.
|
|t:|1715188377
|move|p2a: East-Side|Scald|p1a: Conkeldurr
|-damage|p1a: Conkeldurr|57/100
|move|p1a: Conkeldurr|Drain Punch|p2a: East-Side
|-damage|p2a: East-Side|27/100
|-heal|p1a: Conkeldurr|83/100|[from] drain|[of] p2a: East-Side
|-damage|p1a: Conkeldurr|73/100|[from] item: Life Orb
|
|-weather|Sandstorm|[upkeep]
|-damage|p1a: Conkeldurr|67/100|[from] Sandstorm
|-heal|p2a: East-Side|33/100|[from] item: Leftovers
|upkeep
|turn|11
|
|t:|1715188390
|move|p2a: East-Side|Scald|p1a: Conkeldurr
|-damage|p1a: Conkeldurr|37/100
|move|p1a: Conkeldurr|Drain Punch|p2a: East-Side
|-damage|p2a: East-Side|0 fnt
|-heal|p1a: Conkeldurr|54/100|[from] drain|[of] p2a: East-Side
|faint|p2a: East-Side
|-damage|p1a: Conkeldurr|44/100|[from] item: Life Orb
|
|-weather|Sandstorm|[upkeep]
|-damage|p1a: Conkeldurr|38/100|[from] Sandstorm
|upkeep
|
|t:|1715188399
|switch|p2a: Broom|Alakazam, F|100/100
|turn|12
|
|t:|1715188412
|move|p1a: Conkeldurr|Mach Punch|p2a: Broom
|-resisted|p2a: Broom
|-damage|p2a: Broom|52/100
|-damage|p1a: Conkeldurr|29/100|[from] item: Life Orb
|move|p2a: Broom|Psychic|p1a: Conkeldurr
|-supereffective|p1a: Conkeldurr
|-crit|p1a: Conkeldurr
|-damage|p1a: Conkeldurr|0 fnt
|faint|p1a: Conkeldurr
|
|-weather|Sandstorm|[upkeep]
|upkeep
|
|t:|1715188429
|switch|p1a: Jellicent|Jellicent, M|100/100
|-item|p1a: Jellicent|Air Balloon
|turn|13
|
|t:|1715188448
|switch|p2a: The Big One!!!|Tyranitar, M|88/100
|-damage|p2a: The Big One!!!|76/100|[from] Stealth Rock
|move|p1a: Jellicent|Trick Room|p1a: Jellicent
|-fieldstart|move: Trick Room|[of] p1a: Jellicent
|
|-weather|Sandstorm|[upkeep]
|-damage|p1a: Jellicent|94/100|[from] Sandstorm
|upkeep
|turn|14
|
|t:|1715188456
|move|p1a: Jellicent|Surf|p2a: The Big One!!!
|-supereffective|p2a: The Big One!!!
|-damage|p2a: The Big One!!!|37/100
|move|p2a: The Big One!!!|Pursuit|p1a: Jellicent
|-supereffective|p1a: Jellicent
|-damage|p1a: Jellicent|44/100
|-enditem|p1a: Jellicent|Air Balloon
|
|-weather|Sandstorm|[upkeep]
|-damage|p1a: Jellicent|38/100|[from] Sandstorm
|upkeep
|turn|15
|
|t:|1715188463
|move|p1a: Jellicent|Surf|p2a: The Big One!!!
|-supereffective|p2a: The Big One!!!
|-damage|p2a: The Big One!!!|0 fnt
|faint|p2a: The Big One!!!
|
|-weather|Sandstorm|[upkeep]
|-damage|p1a: Jellicent|31/100|[from] Sandstorm
|upkeep
|
|t:|1715188475
|switch|p2a: OHKO|Excadrill, F|100/100
|-damage|p2a: OHKO|97/100|[from] Stealth Rock
|turn|16
|
|t:|1715188479
|move|p2a: OHKO|Protect|p2a: OHKO
|-singleturn|p2a: OHKO|Protect
|move|p1a: Jellicent|Surf|p2a: OHKO
|-activate|p2a: OHKO|move: Protect
|
|-weather|Sandstorm|[upkeep]
|-damage|p1a: Jellicent|25/100|[from] Sandstorm
|-heal|p2a: OHKO|100/100|[from] item: Leftovers
|upkeep
|turn|17
|
|t:|1715188482
|move|p2a: OHKO|Protect||[still]
|-fail|p2a: OHKO
|move|p1a: Jellicent|Surf|p2a: OHKO
|-supereffective|p2a: OHKO
|-damage|p2a: OHKO|4/100
|
|-weather|Sandstorm|[upkeep]
|-damage|p1a: Jellicent|19/100|[from] Sandstorm
|-heal|p2a: OHKO|10/100|[from] item: Leftovers
|-fieldend|move: Trick Room
|upkeep
|turn|18
|
|t:|1715188486
|move|p2a: OHKO|Iron Head|p1a: Jellicent
|-resisted|p1a: Jellicent
|-damage|p1a: Jellicent|0 fnt
|faint|p1a: Jellicent
|
|-weather|Sandstorm|[upkeep]
|-heal|p2a: OHKO|16/100|[from] item: Leftovers
|upkeep
|
|t:|1715188493
|switch|p1a: Gallade|Gallade, M|100/100
|turn|19
|
|t:|1715188497
|move|p2a: OHKO|Earthquake|p1a: Gallade
|-damage|p1a: Gallade|16/100
|move|p1a: Gallade|Trick Room|p1a: Gallade
|-fieldstart|move: Trick Room|[of] p1a: Gallade
|
|-weather|Sandstorm|[upkeep]
|-damage|p1a: Gallade|10/100|[from] Sandstorm
|-heal|p2a: OHKO|22/100|[from] item: Leftovers
|upkeep
|turn|20
|
|t:|1715188505
|move|p2a: OHKO|Protect|p2a: OHKO
|-singleturn|p2a: OHKO|Protect
|move|p1a: Gallade|Close Combat|p2a: OHKO
|-activate|p2a: OHKO|move: Protect
|
|-weather|Sandstorm|[upkeep]
|-damage|p1a: Gallade|4/100|[from] Sandstorm
|-heal|p2a: OHKO|28/100|[from] item: Leftovers
|upkeep
|turn|21
|
|t:|1715188508
|move|p2a: OHKO|Protect|p2a: OHKO
|-singleturn|p2a: OHKO|Protect
|move|p1a: Gallade|Ice Punch|p2a: OHKO
|-activate|p2a: OHKO|move: Protect
|
|-weather|Sandstorm|[upkeep]
|-damage|p1a: Gallade|0 fnt|[from] Sandstorm
|faint|p1a: Gallade
|-heal|p2a: OHKO|34/100|[from] item: Leftovers
|upkeep
|
|t:|1715188511
|switch|p1a: Dragonite|Dragonite, M|100/100
|turn|22
|
|t:|1715188517
|move|p1a: Dragonite|Outrage|p2a: OHKO
|-resisted|p2a: OHKO
|-damage|p2a: OHKO|0 fnt
|faint|p2a: OHKO
|
|-weather|Sandstorm|[upkeep]
|-damage|p1a: Dragonite|94/100|[from] Sandstorm
|upkeep
|
|t:|1715188522
|switch|p2a: Broom|Alakazam, F|52/100
|turn|23
|
|t:|1715188524
|move|p1a: Dragonite|Outrage|p2a: Broom|[from]lockedmove
|-crit|p2a: Broom
|-damage|p2a: Broom|0 fnt
|faint|p2a: Broom
|
|-weather|Sandstorm|[upkeep]
|-damage|p1a: Dragonite|88/100|[from] Sandstorm
|-fieldend|move: Trick Room
|upkeep
|
|t:|1715188527
|switch|p2a: freaky-chomp|Garchomp, M|100/100
|-damage|p2a: freaky-chomp|94/100|[from] Stealth Rock
|turn|24
|
|t:|1715188529
|move|p2a: freaky-chomp|Outrage|p1a: Dragonite
|-supereffective|p1a: Dragonite
|-damage|p1a: Dragonite|0 fnt
|faint|p1a: Dragonite
|
|win|ImaginewasTaken
|raw|av2336's rating: 1309 &rarr; <strong>1292</strong><br />(-17 for losing)
|raw|ImaginewasTaken's rating: 1358 &rarr; <strong>1375</strong><br />(+17 for winning)
|c|☆ImaginewasTaken|gg
