|j|☆Hope96
|j|☆fcip
|player|p1|Hope96|249|1454
|player|p2|fcip|266|1421
|teamsize|p1|6
|teamsize|p2|6
|gametype|singles
|gen|5
|tier|[Gen 5] OU
|rated|
|clearpoke
|poke|p1|Infernape, F|item
|poke|p1|Conkeldurr, M|item
|poke|p1|Tyranitar, F|item
|poke|p1|Jellicent, M|item
|poke|p1|Bronzong|item
|poke|p1|Reuniclus, F|item
|poke|p2|Tyranitar, M|item
|poke|p2|Latios, M|item
|poke|p2|Keldeo|item
|poke|p2|Terrakion|item
|poke|p2|Garchomp, F|item
|poke|p2|Ferrothorn, F|item
|rule|Species Clause: Limit one of each Pokémon
|rule|OHKO Clause: OHKO moves are banned
|rule|Moody Clause: Moody is banned
|rule|Evasion Moves Clause: Evasion moves are banned
|rule|Endless Battle Clause: Forcing endless battles is banned
|rule|HP Percentage Mod: HP is shown in percentages
|rule|Evasion Abilities Clause: Evasion abilities are banned
|rule|Baton Pass Clause: Limit one Baton Passer, can't pass Spe and other stats simultaneously
|rule|Sleep Clause: Sleep-inducing moves are banned
|rule|Swagger Clause: Swagger is banned
|teampreview
|inactive|Battle timer is ON: inactive players will automatically lose when time's up. (requested by Hope96)
|
|start
|switch|p1a: Infernape|Infernape, F|100/100
|switch|p2a: Terrakion|Terrakion|100/100
|turn|1
|
|switch|p2a: Latios|Latios, M|100/100
|move|p1a: Infernape|Close Combat|p2a: Latios
|-resisted|p2a: Latios
|-damage|p2a: Latios|66/100
|-unboost|p1a: Infernape|def|1
|-unboost|p1a: Infernape|spd|1
|
|upkeep
|turn|2
|
|move|p2a: Latios|Draco Meteor|p1a: Infernape
|-enditem|p1a: Infernape|Focus Sash
|-damage|p1a: Infernape|1/100
|-unboost|p2a: Latios|spa|2
|move|p1a: Infernape|Stealth Rock|p2a: Latios
|-sidestart|p2: fcip|move: Stealth Rock
|
|upkeep
|turn|3
|
|move|p2a: Latios|Draco Meteor|p1a: Infernape
|-damage|p1a: Infernape|0 fnt
|-unboost|p2a: Latios|spa|2
|faint|p1a: Infernape
|
|upkeep
|
|switch|p1a: Bronzong|Bronzong|100/100
|turn|4
|
|switch|p2a: Ferrothorn|Ferrothorn, F|100/100
|-damage|p2a: Ferrothorn|94/100|[from] Stealth Rock
|switch|p1a: Conkeldurr|Conkeldurr, M|100/100
|
|-heal|p2a: Ferrothorn|100/100|[from] item: Leftovers
|upkeep
|turn|5
|
|move|p1a: Conkeldurr|Drain Punch|p2a: Ferrothorn
|-supereffective|p2a: Ferrothorn
|-damage|p2a: Ferrothorn|4/100
|-damage|p1a: Conkeldurr|88/100|[from] ability: Iron Barbs|[of] p2a: Ferrothorn
|-damage|p1a: Conkeldurr|78/100|[from] item: Life Orb
|move|p2a: Ferrothorn|Stealth Rock|p1a: Conkeldurr
|-sidestart|p1: Hope96|move: Stealth Rock
|
|-heal|p2a: Ferrothorn|11/100|[from] item: Leftovers
|upkeep
|turn|6
|
|move|p1a: Conkeldurr|Drain Punch|p2a: Ferrothorn
|-supereffective|p2a: Ferrothorn
|-damage|p2a: Ferrothorn|0 fnt
|-heal|p1a: Conkeldurr|83/100|[from] drain|[of] p2a: Ferrothorn
|-damage|p1a: Conkeldurr|71/100|[from] ability: Iron Barbs|[of] p2a: Ferrothorn
|-damage|p1a: Conkeldurr|61/100|[from] item: Life Orb
|faint|p2a: Ferrothorn
|
|upkeep
|
|switch|p2a: Latios|Latios, M|66/100
|-damage|p2a: Latios|53/100|[from] Stealth Rock
|turn|7
|
|switch|p1a: Bronzong|Bronzong|100/100
|-damage|p1a: Bronzong|94/100|[from] Stealth Rock
|move|p2a: Latios|Draco Meteor|p1a: Bronzong
|-resisted|p1a: Bronzong
|-damage|p1a: Bronzong|45/100
|-unboost|p2a: Latios|spa|2
|
|upkeep
|turn|8
|
|move|p2a: Latios|Draco Meteor|p1a: Bronzong
|-resisted|p1a: Bronzong
|-crit|p1a: Bronzong
|-damage|p1a: Bronzong|0 fnt
|-unboost|p2a: Latios|spa|2
|faint|p1a: Bronzong
|
|upkeep
|c|☆Hope96|Oh come on !!!
|c|☆fcip|harder?
|c|☆Hope96|It's ALWAYS like this !!! 6,25% chance of Crit ! FUCKTHIS FUCKING BROKEN RNG
|inactive|Hope96 has 120 seconds left.
|
|switch|p1a: Reuniclus|Reuniclus, F|100/100
|turn|9
|
|switch|p2a: Tyranitar|Tyranitar, M|100/100
|-damage|p2a: Tyranitar|88/100|[from] Stealth Rock
|-weather|Sandstorm|[from] ability: Sand Stream|[of] p2a: Tyranitar
|move|p1a: Reuniclus|Trick Room|p1a: Reuniclus
|-fieldstart|move: Trick Room|[of] p1a: Reuniclus
|
|-weather|Sandstorm|[upkeep]
|upkeep
|turn|10
|
|move|p1a: Reuniclus|Focus Blast|p2a: Tyranitar|[miss]
|-miss|p1a: Reuniclus|p2a: Tyranitar
|move|p2a: Tyranitar|Crunch|p1a: Reuniclus
|-supereffective|p1a: Reuniclus
|-damage|p1a: Reuniclus|0 fnt
|faint|p1a: Reuniclus
|
|-weather|Sandstorm|[upkeep]
|upkeep
|c|☆Hope96|FUCKYOU !!!!!!!!!!!
|
|switch|p1a: Conkeldurr|Conkeldurr, M|61/100
|-damage|p1a: Conkeldurr|55/100|[from] Stealth Rock
|turn|11
|
|switch|p2a: Garchomp|Garchomp, F|100/100
|-damage|p2a: Garchomp|94/100|[from] Stealth Rock
|move|p1a: Conkeldurr|Drain Punch|p2a: Garchomp
|-damage|p2a: Garchomp|20/100
|-heal|p1a: Conkeldurr|89/100|[from] drain|[of] p2a: Garchomp
|-damage|p1a: Conkeldurr|77/100|[from] ability: Rough Skin|[of] p2a: Garchomp
|-damage|p1a: Conkeldurr|67/100|[from] item: Life Orb
|
|-weather|Sandstorm|[upkeep]
|-damage|p1a: Conkeldurr|61/100|[from] Sandstorm
|upkeep
|turn|12
|
|move|p1a: Conkeldurr|Drain Punch|p2a: Garchomp
|-damage|p2a: Garchomp|0 fnt
|-heal|p1a: Conkeldurr|70/100|[from] drain|[of] p2a: Garchomp
|-damage|p1a: Conkeldurr|58/100|[from] ability: Rough Skin|[of] p2a: Garchomp
|-damage|p1a: Conkeldurr|48/100|[from] item: Life Orb
|faint|p2a: Garchomp
|
|-weather|Sandstorm|[upkeep]
|-damage|p1a: Conkeldurr|42/100|[from] Sandstorm
|upkeep
|
|switch|p2a: Latios|Latios, M|53/100
|-damage|p2a: Latios|41/100|[from] Stealth Rock
|turn|13
|
|move|p1a: Conkeldurr|Ice Punch|p2a: Latios
|-supereffective|p2a: Latios
|-damage|p2a: Latios|0 fnt
|-damage|p1a: Conkeldurr|32/100|[from] item: Life Orb
|faint|p2a: Latios
|
|-weather|Sandstorm|[upkeep]
|-damage|p1a: Conkeldurr|26/100|[from] Sandstorm
|-fieldend|move: Trick Room
|upkeep
|inactive|fcip has 120 seconds left.
|
|switch|p2a: Terrakion|Terrakion|100/100
|-damage|p2a: Terrakion|94/100|[from] Stealth Rock
|turn|14
|
|switch|p1a: Jellicent|Jellicent, M, shiny|100/100
|-damage|p1a: Jellicent|88/100|[from] Stealth Rock
|move|p2a: Terrakion|Earthquake|p1a: Jellicent
|-damage|p1a: Jellicent|29/100
|
|-weather|Sandstorm|[upkeep]
|-damage|p1a: Jellicent|23/100|[from] Sandstorm
|-heal|p1a: Jellicent|29/100|[from] item: Leftovers
|upkeep
|turn|15
|
|move|p2a: Terrakion|Earthquake|p1a: Jellicent
|-damage|p1a: Jellicent|0 fnt
|faint|p1a: Jellicent
|
|-weather|Sandstorm|[upkeep]
|upkeep
|
|switch|p1a: Conkeldurr|Conkeldurr, M|26/100
|-damage|p1a: Conkeldurr|20/100|[from] Stealth Rock
|turn|16
|
|move|p1a: Conkeldurr|Mach Punch|p2a: Terrakion
|-supereffective|p2a: Terrakion
|-damage|p2a: Terrakion|4/100
|-damage|p1a: Conkeldurr|10/100|[from] item: Life Orb
|move|p2a: Terrakion|Earthquake|p1a: Conkeldurr
|-damage|p1a: Conkeldurr|0 fnt
|faint|p1a: Conkeldurr
|
|-weather|Sandstorm|[upkeep]
|upkeep
|inactive|Hope96 has 120 seconds left.
|c|☆Hope96|Fuckyour fucking mom ok ? Your way of playing IS fucking stupid, your team sucks, but AS ALWAYS you're a fucking lucky son of bitch and since hax is the stongest thing on this fucking broken simulator, I just can't win against this !
|inactive|Hope96 has 90 seconds left.
|c|☆Hope96|You don't deserve this win fucking son of bitch
|
|switch|p1a: Tyranitar|Tyranitar, F|100/100
|-damage|p1a: Tyranitar|88/100|[from] Stealth Rock
|turn|17
|
|move|p2a: Terrakion|Earthquake|p1a: Tyranitar
|-supereffective|p1a: Tyranitar
|-damage|p1a: Tyranitar|0 fnt
|faint|p1a: Tyranitar
|
|win|fcip
|raw|Hope96's rating: 1454 &rarr; <strong>1432</strong><br />(-22 for losing)
|raw|fcip's rating: 1421 &rarr; <strong>1443</strong><br />(+22 for winning)
