|j|☆The Daisuke
|j|☆AeolusMiao
|player|p1|The Daisuke|290
|player|p2|AeolusMiao|161
|teamsize|p1|6
|teamsize|p2|6
|gametype|singles
|gen|5
|tier|[Gen 5] OU
|rated|
|rule|Sleep Clause Mod: Limit one foe put to sleep
|rule|Species Clause: Limit one of each Pokémon
|rule|OHKO Clause: OHKO moves are banned
|rule|Moody Clause: Moody is banned
|rule|Evasion Moves Clause: Evasion moves are banned
|rule|Endless Battle Clause: Forcing endless battles is banned
|rule|HP Percentage Mod: HP is shown in percentages
|rule|Evasion Abilities Clause: Evasion abilities are banned
|rule|Baton Pass Clause: Limit one Baton Passer, can't pass Spe and other stats simultaneously
|rule|Swagger Clause: Swagger is banned
|clearpoke
|poke|p1|Tyranitar, M|item
|poke|p1|Keldeo-Resolute|item
|poke|p1|Landorus-Therian, M|item
|poke|p1|Rotom-Wash|item
|poke|p1|Scizor, F|item
|poke|p1|Alakazam, F|item
|poke|p2|Alakazam, F|item
|poke|p2|Garchomp, F|item
|poke|p2|Ferrothorn, F|item
|poke|p2|Landorus-Therian, M|item
|poke|p2|Jellicent, M|item
|poke|p2|Tyranitar, F|item
|teampreview
|
|start
|switch|p1a: Landorus|Landorus-Therian, M|100/100
|switch|p2a: Ferrothorn|Ferrothorn, F|100/100
|-ability|p1a: Landorus|Intimidate|boost
|-unboost|p2a: Ferrothorn|atk|1
|turn|1
|inactive|Battle timer is ON: inactive players will automatically lose when time's up. (requested by AeolusMiao)
|
|move|p2a: Ferrothorn|Protect|p2a: Ferrothorn
|-singleturn|p2a: Ferrothorn|Protect
|move|p1a: Landorus|U-turn|p2a: Ferrothorn
|-activate|p2a: Ferrothorn|move: Protect
|
|upkeep
|turn|2
|
|move|p1a: Landorus|U-turn|p2a: Ferrothorn
|-damage|p2a: Ferrothorn|82/100
|-damage|p1a: Landorus|88/100|[from] ability: Iron Barbs|[of] p2a: Ferrothorn
|
|switch|p1a: Rotom|Rotom-Wash|100/100
|move|p2a: Ferrothorn|Leech Seed|p1a: Rotom
|-start|p1a: Rotom|move: Leech Seed
|
|-heal|p2a: Ferrothorn|88/100|[from] item: Leftovers
|-damage|p1a: Rotom|88/100|[from] Leech Seed|[of] p2a: Ferrothorn
|-heal|p2a: Ferrothorn|99/100|[silent]
|upkeep
|turn|3
|
|switch|p1a: Alakazam|Alakazam, F|100/100
|move|p2a: Ferrothorn|Protect|p2a: Ferrothorn
|-fail|p2a: Ferrothorn
|
|-heal|p2a: Ferrothorn|100/100|[from] item: Leftovers
|upkeep
|turn|4
|
|move|p1a: Alakazam|Focus Blast|p2a: Ferrothorn|[miss]
|-miss|p1a: Alakazam|p2a: Ferrothorn
|move|p2a: Ferrothorn|Gyro Ball|p1a: Alakazam
|-damage|p1a: Alakazam|13/100
|
|upkeep
|turn|5
|
|switch|p1a: Rotom|Rotom-Wash|88/100
|move|p2a: Ferrothorn|Gyro Ball|p1a: Rotom
|-resisted|p1a: Rotom
|-damage|p1a: Rotom|82/100
|
|-heal|p1a: Rotom|88/100|[from] item: Leftovers
|upkeep
|turn|6
|
|move|p1a: Rotom|Will-O-Wisp|p2a: Ferrothorn
|-status|p2a: Ferrothorn|brn
|move|p2a: Ferrothorn|Leech Seed|p1a: Rotom
|-start|p1a: Rotom|move: Leech Seed
|
|-heal|p1a: Rotom|95/100|[from] item: Leftovers
|-damage|p1a: Rotom|82/100|[from] Leech Seed|[of] p2a: Ferrothorn
|-damage|p2a: Ferrothorn|88/100 brn|[from] brn
|upkeep
|turn|7
|
|switch|p1a: Alakazam|Alakazam, F|13/100
|move|p2a: Ferrothorn|Spikes|p1a: Alakazam
|-sidestart|p1: The Daisuke|Spikes
|
|-heal|p2a: Ferrothorn|94/100 brn|[from] item: Leftovers
|-damage|p2a: Ferrothorn|82/100 brn|[from] brn
|upkeep
|turn|8
|
|move|p1a: Alakazam|Focus Blast|p2a: Ferrothorn
|-supereffective|p2a: Ferrothorn
|-damage|p2a: Ferrothorn|25/100 brn
|move|p2a: Ferrothorn|Gyro Ball|p1a: Alakazam
|-damage|p1a: Alakazam|0
|faint|p1a: Alakazam
|
|-heal|p2a: Ferrothorn|31/100 brn|[from] item: Leftovers
|-damage|p2a: Ferrothorn|19/100 brn|[from] brn
|upkeep
|l|☆AeolusMiao
|inactive|AeolusMiao disconnected and has a minute to reconnect!
|player|p2|
|
|switch|p1a: Landorus|Landorus-Therian, M|88/100
|-ability|p1a: Landorus|Intimidate|boost
|-unboost|p2a: Ferrothorn|atk|1
|turn|9
|j|☆AeolusMiao
|inactive|AeolusMiao reconnected and has 150 seconds left.
|player|p2|AeolusMiao|161
|
|move|p2a: Ferrothorn|Protect|p2a: Ferrothorn
|-singleturn|p2a: Ferrothorn|Protect
|move|p1a: Landorus|Earthquake|p2a: Ferrothorn
|-activate|p2a: Ferrothorn|move: Protect
|
|-heal|p2a: Ferrothorn|25/100 brn|[from] item: Leftovers
|-damage|p2a: Ferrothorn|12/100 brn|[from] brn
|upkeep
|turn|10
|
|switch|p1a: Rotom|Rotom-Wash|82/100
|switch|p2a: Landorus|Landorus-Therian, M|100/100
|-ability|p2a: Landorus|Intimidate|boost
|-unboost|p1a: Rotom|atk|1
|
|-heal|p1a: Rotom|88/100|[from] item: Leftovers
|upkeep
|turn|11
|
|move|p2a: Landorus|U-turn|p1a: Rotom
|-damage|p1a: Rotom|68/100
|
|switch|p2a: Ferrothorn|Ferrothorn, F|12/100 brn
|move|p1a: Rotom|Volt Switch|p2a: Ferrothorn
|-resisted|p2a: Ferrothorn
|-damage|p2a: Ferrothorn|4/100 brn
|
|switch|p1a: Landorus|Landorus-Therian, M|88/100
|-ability|p1a: Landorus|Intimidate|boost
|-unboost|p2a: Ferrothorn|atk|1
|
|-heal|p2a: Ferrothorn|10/100 brn|[from] item: Leftovers
|-damage|p2a: Ferrothorn|0 brn|[from] brn
|upkeep
|faint|p2a: Ferrothorn
|
|switch|p2a: Jellicent|Jellicent, M|100/100
|turn|12
|
|move|p1a: Landorus|U-turn|p2a: Jellicent
|-resisted|p2a: Jellicent
|-damage|p2a: Jellicent|90/100
|
|switch|p1a: Rotom|Rotom-Wash|68/100
|move|p2a: Jellicent|Will-O-Wisp|p1a: Rotom
|-status|p1a: Rotom|brn
|
|-heal|p1a: Rotom|74/100 brn|[from] item: Leftovers
|-damage|p1a: Rotom|62/100 brn|[from] brn
|upkeep
|turn|13
|
|switch|p2a: Alakazam|Alakazam, F|100/100
|move|p1a: Rotom|Volt Switch|p2a: Alakazam
|-crit|p2a: Alakazam
|-damage|p2a: Alakazam|18/100
|
|switch|p1a: Landorus|Landorus-Therian, M|88/100
|-ability|p1a: Landorus|Intimidate|boost
|-unboost|p2a: Alakazam|atk|1
|
|upkeep
|turn|14
|
|switch|p2a: Landorus|Landorus-Therian, M|100/100
|-ability|p2a: Landorus|Intimidate|boost
|-unboost|p1a: Landorus|atk|1
|move|p1a: Landorus|U-turn|p2a: Landorus
|-resisted|p2a: Landorus
|-damage|p2a: Landorus|91/100
|
|switch|p1a: Keldeo|Keldeo-Resolute|100/100
|-damage|p1a: Keldeo|88/100|[from] Spikes
|
|upkeep
|turn|15
|
|switch|p2a: Jellicent|Jellicent, M|90/100
|move|p1a: Keldeo|Hidden Power|p2a: Jellicent
|-resisted|p2a: Jellicent
|-damage|p2a: Jellicent|79/100
|
|upkeep
|turn|16
|
|switch|p1a: Rotom|Rotom-Wash|62/100 brn
|move|p2a: Jellicent|Scald|p1a: Rotom
|-resisted|p1a: Rotom
|-damage|p1a: Rotom|48/100 brn
|
|-heal|p1a: Rotom|54/100 brn|[from] item: Leftovers
|-damage|p1a: Rotom|42/100 brn|[from] brn
|upkeep
|turn|17
|
|switch|p2a: Tyranitar|Tyranitar, F|100/100
|-weather|Sandstorm|[from] ability: Sand Stream|[of] p2a: Tyranitar
|move|p1a: Rotom|Volt Switch|p2a: Tyranitar
|-damage|p2a: Tyranitar|89/100
|
|switch|p1a: Scizor|Scizor, F|100/100
|-damage|p1a: Scizor|88/100|[from] Spikes
|
|-weather|Sandstorm|[upkeep]
|upkeep
|turn|18
|
|switch|p2a: Landorus|Landorus-Therian, M|91/100
|-ability|p2a: Landorus|Intimidate|boost
|-unboost|p1a: Scizor|atk|1
|move|p1a: Scizor|U-turn|p2a: Landorus
|-resisted|p2a: Landorus
|-crit|p2a: Landorus
|-damage|p2a: Landorus|23/100
|
|switch|p1a: Landorus|Landorus-Therian, M|88/100
|-ability|p1a: Landorus|Intimidate|boost
|-unboost|p2a: Landorus|atk|1
|
|-weather|Sandstorm|[upkeep]
|upkeep
|turn|19
|
|switch|p2a: Jellicent|Jellicent, M|79/100
|move|p1a: Landorus|U-turn|p2a: Jellicent
|-resisted|p2a: Jellicent
|-damage|p2a: Jellicent|68/100
|
|switch|p1a: Rotom|Rotom-Wash|42/100 brn
|
|-weather|Sandstorm|[upkeep]
|-damage|p1a: Rotom|35/100 brn|[from] Sandstorm
|-damage|p2a: Jellicent|62/100|[from] Sandstorm
|-heal|p1a: Rotom|42/100 brn|[from] item: Leftovers
|-damage|p1a: Rotom|29/100 brn|[from] brn
|upkeep
|turn|20
|
|move|p1a: Rotom|Will-O-Wisp|p2a: Jellicent|[miss]
|-miss|p1a: Rotom|p2a: Jellicent
|move|p2a: Jellicent|Recover|p2a: Jellicent
|-heal|p2a: Jellicent|100/100
|
|-weather|Sandstorm|[upkeep]
|-damage|p1a: Rotom|23/100 brn|[from] Sandstorm
|-damage|p2a: Jellicent|94/100|[from] Sandstorm
|-heal|p1a: Rotom|29/100 brn|[from] item: Leftovers
|-damage|p1a: Rotom|17/100 brn|[from] brn
|upkeep
|turn|21
|
|switch|p2a: Garchomp|Garchomp, F, shiny|100/100
|move|p1a: Rotom|Volt Switch|p2a: Garchomp
|-immune|p2a: Garchomp|[msg]
|
|-weather|Sandstorm|[upkeep]
|-damage|p1a: Rotom|10/100 brn|[from] Sandstorm
|-heal|p1a: Rotom|17/100 brn|[from] item: Leftovers
|-damage|p1a: Rotom|4/100 brn|[from] brn
|upkeep
|turn|22
|
|move|p2a: Garchomp|Dual Chop|p1a: Rotom|[miss]
|-miss|p2a: Garchomp|p1a: Rotom
|move|p1a: Rotom|Hydro Pump|p2a: Garchomp
|-damage|p2a: Garchomp|53/100
|
|-weather|Sandstorm|[upkeep]
|-damage|p1a: Rotom|0 brn|[from] Sandstorm
|upkeep
|faint|p1a: Rotom
|
|switch|p1a: Landorus|Landorus-Therian, M|88/100
|-ability|p1a: Landorus|Intimidate|boost
|-unboost|p2a: Garchomp|atk|1
|turn|23
|
|switch|p2a: Landorus|Landorus-Therian, M|23/100
|-ability|p2a: Landorus|Intimidate|boost
|-unboost|p1a: Landorus|atk|1
|move|p1a: Landorus|Hidden Power|p2a: Landorus
|-supereffective|p2a: Landorus
|-crit|p2a: Landorus
|-damage|p2a: Landorus|0
|faint|p2a: Landorus
|
|-weather|Sandstorm|[upkeep]
|upkeep
|
|switch|p2a: Jellicent|Jellicent, M|94/100
|turn|24
|
|switch|p1a: Tyranitar|Tyranitar, M|100/100
|-damage|p1a: Tyranitar|88/100|[from] Spikes
|move|p2a: Jellicent|Scald|p1a: Tyranitar
|-supereffective|p1a: Tyranitar
|-damage|p1a: Tyranitar|67/100
|-status|p1a: Tyranitar|brn
|
|-weather|Sandstorm|[upkeep]
|-damage|p2a: Jellicent|88/100|[from] Sandstorm
|-heal|p1a: Tyranitar|74/100 brn|[from] item: Leftovers
|-damage|p1a: Tyranitar|61/100 brn|[from] brn
|upkeep
|turn|25
|
|move|p2a: Jellicent|Magic Coat|p2a: Jellicent
|-singleturn|p2a: Jellicent|move: Magic Coat
|move|p1a: Tyranitar|Stealth Rock|p2a: Jellicent
|move|p2a: Jellicent|Stealth Rock|p1a: Tyranitar|[from]Magic Coat
|-sidestart|p1: The Daisuke|move: Stealth Rock
|
|-weather|Sandstorm|[upkeep]
|-damage|p2a: Jellicent|82/100|[from] Sandstorm
|-heal|p1a: Tyranitar|67/100 brn|[from] item: Leftovers
|-damage|p1a: Tyranitar|55/100 brn|[from] brn
|upkeep
|turn|26
|
|move|p1a: Tyranitar|Stealth Rock|p2a: Jellicent
|-sidestart|p2: AeolusMiao|move: Stealth Rock
|move|p2a: Jellicent|Scald|p1a: Tyranitar
|-supereffective|p1a: Tyranitar
|-damage|p1a: Tyranitar|36/100 brn
|
|-weather|Sandstorm|[upkeep]
|-damage|p2a: Jellicent|76/100|[from] Sandstorm
|-heal|p1a: Tyranitar|42/100 brn|[from] item: Leftovers
|-damage|p1a: Tyranitar|29/100 brn|[from] brn
|upkeep
|turn|27
|
|move|p1a: Tyranitar|Stone Edge|p2a: Jellicent
|-damage|p2a: Jellicent|57/100
|move|p2a: Jellicent|Scald|p1a: Tyranitar
|-supereffective|p1a: Tyranitar
|-damage|p1a: Tyranitar|10/100 brn
|
|-weather|Sandstorm|[upkeep]
|-damage|p2a: Jellicent|51/100|[from] Sandstorm
|-heal|p1a: Tyranitar|16/100 brn|[from] item: Leftovers
|-damage|p1a: Tyranitar|3/100 brn|[from] brn
|upkeep
|turn|28
|
|move|p1a: Tyranitar|Stone Edge|p2a: Jellicent
|-damage|p2a: Jellicent|32/100
|move|p2a: Jellicent|Recover|p2a: Jellicent
|-heal|p2a: Jellicent|82/100
|
|-weather|Sandstorm|[upkeep]
|-damage|p2a: Jellicent|76/100|[from] Sandstorm
|-heal|p1a: Tyranitar|10/100 brn|[from] item: Leftovers
|-damage|p1a: Tyranitar|0 brn|[from] brn
|upkeep
|faint|p1a: Tyranitar
|
|switch|p1a: Scizor|Scizor, F|88/100
|-damage|p1a: Scizor|76/100|[from] Spikes
|-damage|p1a: Scizor|64/100|[from] Stealth Rock
|turn|29
|
|move|p1a: Scizor|Pursuit|p2a: Jellicent
|-supereffective|p2a: Jellicent
|-enditem|p2a: Jellicent|Colbur Berry|[eat]
|-enditem|p2a: Jellicent|Colbur Berry|[weaken]
|-damage|p2a: Jellicent|47/100
|move|p2a: Jellicent|Will-O-Wisp|p1a: Scizor
|-status|p1a: Scizor|brn
|
|-weather|Sandstorm|[upkeep]
|-damage|p2a: Jellicent|41/100|[from] Sandstorm
|-damage|p1a: Scizor|52/100 brn|[from] brn
|upkeep
|turn|30
|
|move|p1a: Scizor|Pursuit|p2a: Jellicent
|-supereffective|p2a: Jellicent
|-damage|p2a: Jellicent|13/100
|move|p2a: Jellicent|Recover|p2a: Jellicent
|-heal|p2a: Jellicent|63/100
|
|-weather|Sandstorm|[upkeep]
|-damage|p2a: Jellicent|57/100|[from] Sandstorm
|-damage|p1a: Scizor|39/100 brn|[from] brn
|upkeep
|turn|31
|
|move|p1a: Scizor|Pursuit|p2a: Jellicent
|-supereffective|p2a: Jellicent
|-damage|p2a: Jellicent|30/100
|move|p2a: Jellicent|Recover|p2a: Jellicent
|-heal|p2a: Jellicent|80/100
|
|-weather|Sandstorm|[upkeep]
|-damage|p2a: Jellicent|74/100|[from] Sandstorm
|-damage|p1a: Scizor|27/100 brn|[from] brn
|upkeep
|turn|32
|
|move|p1a: Scizor|Pursuit|p2a: Jellicent
|-supereffective|p2a: Jellicent
|-damage|p2a: Jellicent|49/100
|move|p2a: Jellicent|Recover|p2a: Jellicent
|-heal|p2a: Jellicent|99/100
|
|-weather|Sandstorm|[upkeep]
|-damage|p2a: Jellicent|93/100|[from] Sandstorm
|-damage|p1a: Scizor|15/100 brn|[from] brn
|upkeep
|turn|33
|
|move|p1a: Scizor|Pursuit|p2a: Jellicent
|-supereffective|p2a: Jellicent
|-damage|p2a: Jellicent|67/100
|move|p2a: Jellicent|Recover|p2a: Jellicent
|-heal|p2a: Jellicent|100/100
|
|-weather|Sandstorm|[upkeep]
|-damage|p2a: Jellicent|94/100|[from] Sandstorm
|-damage|p1a: Scizor|3/100 brn|[from] brn
|upkeep
|turn|34
|
|move|p1a: Scizor|Pursuit|p2a: Jellicent
|-supereffective|p2a: Jellicent
|-damage|p2a: Jellicent|67/100
|move|p2a: Jellicent|Recover|p2a: Jellicent
|-heal|p2a: Jellicent|100/100
|
|-weather|Sandstorm|[upkeep]
|-damage|p2a: Jellicent|94/100|[from] Sandstorm
|-damage|p1a: Scizor|0 brn|[from] brn
|upkeep
|faint|p1a: Scizor
|
|switch|p1a: Landorus|Landorus-Therian, M|88/100
|-damage|p1a: Landorus|76/100|[from] Stealth Rock
|-ability|p1a: Landorus|Intimidate|boost
|-unboost|p2a: Jellicent|atk|1
|turn|35
|
|move|p1a: Landorus|Earthquake|p2a: Jellicent
|-damage|p2a: Jellicent|48/100
|move|p2a: Jellicent|Scald|p1a: Landorus
|-supereffective|p1a: Landorus
|-damage|p1a: Landorus|6/100
|
|-weather|Sandstorm|[upkeep]
|-damage|p2a: Jellicent|42/100|[from] Sandstorm
|upkeep
|turn|36
|
|move|p1a: Landorus|Earthquake|p2a: Jellicent
|-damage|p2a: Jellicent|0
|faint|p2a: Jellicent
|
|-weather|Sandstorm|[upkeep]
|upkeep
|
|switch|p2a: Tyranitar|Tyranitar, F|89/100
|-damage|p2a: Tyranitar|76/100|[from] Stealth Rock
|turn|37
|
|move|p1a: Landorus|Earthquake|p2a: Tyranitar
|-supereffective|p2a: Tyranitar
|-damage|p2a: Tyranitar|0
|faint|p2a: Tyranitar
|
|-weather|Sandstorm|[upkeep]
|upkeep
|
|switch|p2a: Garchomp|Garchomp, F, shiny|53/100
|-damage|p2a: Garchomp|46/100|[from] Stealth Rock
|turn|38
|
|move|p1a: Landorus|Earthquake|p2a: Garchomp
|-damage|p2a: Garchomp|0
|faint|p2a: Garchomp
|
|-weather|Sandstorm|[upkeep]
|upkeep
|-message|AeolusMiao forfeited.
|
|win|The Daisuke
|l|☆AeolusMiao
|raw|The Daisuke's rating: 1429 &rarr; <strong>1443</strong><br />(+14 for winning)
|raw|AeolusMiao's rating: 1333 &rarr; <strong>1318</strong><br />(-15 for losing)
