|j|☆porrompompom
|j|☆ScarfedGaryBusey
|player|p1|porrompompom|102|1515
|player|p2|ScarfedGaryBusey|2|1346
|teamsize|p1|6
|teamsize|p2|6
|gametype|singles
|gen|5
|tier|[Gen 5] OU
|rated|
|rule|Sleep Clause Mod: Limit one foe put to sleep
|rule|Species Clause: Limit one of each Pokémon
|rule|OHKO Clause: OHKO moves are banned
|rule|Moody Clause: Moody is banned
|rule|Evasion Moves Clause: Evasion moves are banned
|rule|Endless Battle Clause: Forcing endless battles is banned
|rule|HP Percentage Mod: HP is shown in percentages
|rule|Evasion Abilities Clause: Evasion abilities are banned
|rule|Baton Pass Clause: Limit one Baton Passer, can't pass Spe and other stats simultaneously
|rule|Swagger Clause: Swagger is banned
|clearpoke
|poke|p1|Landorus-Therian, M|item
|poke|p1|Xatu, F|item
|poke|p1|Tyranitar, M|item
|poke|p1|Keldeo|item
|poke|p1|Celebi|item
|poke|p1|Scizor, F|item
|poke|p2|Politoed, F|item
|poke|p2|Ferrothorn, F|item
|poke|p2|Tentacruel, F|item
|poke|p2|Landorus-Therian, M|item
|poke|p2|Thundurus-Therian, M|item
|poke|p2|Weavile, M|item
|teampreview
|
|start
|switch|p1a: Tyranitar|Tyranitar, M|100/100
|switch|p2a: Weavile|Weavile, M|100/100
|-ability|p2a: Weavile|Pressure
|-weather|Sandstorm|[from] ability: Sand Stream|[of] p1a: Tyranitar
|turn|1
|inactive|Battle timer is ON: inactive players will automatically lose when time's up. (requested by porrompompom)
|
|switch|p1a: Scizor|Scizor, F|100/100
|move|p2a: Weavile|Low Kick|p1a: Scizor
|-damage|p1a: Scizor|61/100
|-damage|p2a: Weavile|91/100|[from] item: Life Orb
|
|-weather|Sandstorm|[upkeep]
|-damage|p2a: Weavile|84/100|[from] Sandstorm
|-heal|p1a: Scizor|68/100|[from] item: Leftovers
|upkeep
|turn|2
|
|switch|p2a: Landorus|Landorus-Therian, M, shiny|100/100
|-ability|p2a: Landorus|Intimidate|boost
|-unboost|p1a: Scizor|atk|1
|switch|p1a: Tyranitar|Tyranitar, M|100/100
|
|-weather|Sandstorm|[upkeep]
|upkeep
|turn|3
|
|switch|p1a: Landorus|Landorus-Therian, M|100/100
|-ability|p1a: Landorus|Intimidate|boost
|-unboost|p2a: Landorus|atk|1
|move|p2a: Landorus|Knock Off|p1a: Landorus
|-damage|p1a: Landorus|97/100
|-enditem|p1a: Landorus|Leftovers|[from] move: Knock Off|[of] p2a: Landorus
|
|-weather|Sandstorm|[upkeep]
|upkeep
|turn|4
|
|move|p2a: Landorus|Stealth Rock|p1a: Landorus
|-sidestart|p1: porrompompom|move: Stealth Rock
|move|p1a: Landorus|Hidden Power|p2a: Landorus
|-supereffective|p2a: Landorus
|-damage|p2a: Landorus|20/100
|
|-weather|Sandstorm|[upkeep]
|-heal|p2a: Landorus|27/100|[from] item: Leftovers
|upkeep
|turn|5
|
|switch|p2a: Ferrothorn|Ferrothorn, F, shiny|100/100
|move|p1a: Landorus|Stealth Rock|p2a: Ferrothorn
|-sidestart|p2: ScarfedGaryBusey|move: Stealth Rock
|
|-weather|Sandstorm|[upkeep]
|upkeep
|turn|6
|
|move|p1a: Landorus|U-turn|p2a: Ferrothorn
|-damage|p2a: Ferrothorn|86/100
|-damage|p1a: Landorus|85/100|[from] ability: Iron Barbs|[of] p2a: Ferrothorn
|
|switch|p1a: Xatu|Xatu, F|100/100|[from]move: U-turn
|-damage|p1a: Xatu|76/100|[from] Stealth Rock
|move|p2a: Ferrothorn|Gyro Ball|p1a: Xatu
|-damage|p1a: Xatu|20/100
|-damage|p2a: Ferrothorn|69/100|[from] item: Rocky Helmet|[of] p1a: Xatu
|
|-weather|Sandstorm|[upkeep]
|-damage|p1a: Xatu|14/100|[from] Sandstorm
|-heal|p2a: Ferrothorn|75/100|[from] item: Leftovers
|upkeep
|turn|7
|
|move|p1a: Xatu|Heat Wave|p2a: Ferrothorn
|-supereffective|p2a: Ferrothorn
|-crit|p2a: Ferrothorn
|-damage|p2a: Ferrothorn|0 fnt
|faint|p2a: Ferrothorn
|
|-weather|Sandstorm|[upkeep]
|-damage|p1a: Xatu|8/100|[from] Sandstorm
|upkeep
|c|☆ScarfedGaryBusey|x2 cheating
|
|switch|p2a: Tentacruel|Tentacruel, F, shiny|100/100
|-damage|p2a: Tentacruel|88/100|[from] Stealth Rock
|turn|8
|
|move|p2a: Tentacruel|Rapid Spin|p1a: Xatu
|-damage|p1a: Xatu|4/100
|-damage|p2a: Tentacruel|72/100|[from] item: Rocky Helmet|[of] p1a: Xatu
|-sideend|p2: ScarfedGaryBusey|Stealth Rock|[from] move: Rapid Spin|[of] p2a: Tentacruel
|move|p1a: Xatu|Roost|p1a: Xatu
|-heal|p1a: Xatu|54/100
|-singleturn|p1a: Xatu|move: Roost
|
|-weather|Sandstorm|[upkeep]
|-damage|p1a: Xatu|48/100|[from] Sandstorm
|-damage|p2a: Tentacruel|66/100|[from] Sandstorm
|-heal|p2a: Tentacruel|72/100|[from] item: Black Sludge
|upkeep
|turn|9
|
|switch|p2a: Politoed|Politoed, F, shiny|100/100
|-weather|RainDance|[from] ability: Drizzle|[of] p2a: Politoed
|move|p1a: Xatu|U-turn|p2a: Politoed
|-damage|p2a: Politoed|92/100
|
|switch|p1a: Tyranitar|Tyranitar, M|100/100|[from]move: U-turn
|-damage|p1a: Tyranitar|88/100|[from] Stealth Rock
|-weather|Sandstorm|[from] ability: Sand Stream|[of] p1a: Tyranitar
|
|-weather|Sandstorm|[upkeep]
|-damage|p2a: Politoed|86/100|[from] Sandstorm
|-heal|p2a: Politoed|92/100|[from] item: Leftovers
|upkeep
|turn|10
|
|move|p2a: Politoed|Protect|p2a: Politoed
|-singleturn|p2a: Politoed|Protect
|move|p1a: Tyranitar|Pursuit|p2a: Politoed
|-activate|p2a: Politoed|move: Protect
|
|-weather|Sandstorm|[upkeep]
|-damage|p2a: Politoed|86/100|[from] Sandstorm
|-heal|p2a: Politoed|92/100|[from] item: Leftovers
|upkeep
|turn|11
|
|switch|p1a: Celebi|Celebi|100/100
|-damage|p1a: Celebi|88/100|[from] Stealth Rock
|move|p2a: Politoed|Toxic|p1a: Celebi
|-status|p1a: Celebi|tox
|
|-weather|Sandstorm|[upkeep]
|-damage|p1a: Celebi|82/100 tox|[from] Sandstorm
|-damage|p2a: Politoed|86/100|[from] Sandstorm
|-heal|p1a: Celebi|88/100 tox|[from] item: Leftovers
|-heal|p2a: Politoed|92/100|[from] item: Leftovers
|-damage|p1a: Celebi|82/100 tox|[from] psn
|upkeep
|turn|12
|
|switch|p2a: Landorus|Landorus-Therian, M, shiny|27/100
|-ability|p2a: Landorus|Intimidate|boost
|-unboost|p1a: Celebi|atk|1
|move|p1a: Celebi|Baton Pass|p1a: Celebi
|
|switch|p1a: Keldeo|Keldeo|100/100|[from]move: Baton Pass
|-damage|p1a: Keldeo|94/100|[from] Stealth Rock
|
|-weather|Sandstorm|[upkeep]
|-damage|p1a: Keldeo|88/100|[from] Sandstorm
|-heal|p2a: Landorus|33/100|[from] item: Leftovers
|upkeep
|turn|13
|
|move|p1a: Keldeo|Scald|p2a: Landorus
|-supereffective|p2a: Landorus
|-damage|p2a: Landorus|0 fnt
|faint|p2a: Landorus
|
|-weather|Sandstorm|[upkeep]
|-damage|p1a: Keldeo|82/100|[from] Sandstorm
|upkeep
|
|switch|p2a: Politoed|Politoed, F, shiny|92/100
|-weather|RainDance|[from] ability: Drizzle|[of] p2a: Politoed
|turn|14
|
|switch|p1a: Xatu|Xatu, F|48/100
|-damage|p1a: Xatu|23/100|[from] Stealth Rock
|move|p2a: Politoed|Scald|p1a: Xatu
|-damage|p1a: Xatu|0 fnt
|faint|p1a: Xatu
|
|-weather|RainDance|[upkeep]
|-heal|p2a: Politoed|98/100|[from] item: Leftovers
|upkeep
|
|switch|p1a: Tyranitar|Tyranitar, M|88/100
|-damage|p1a: Tyranitar|76/100|[from] Stealth Rock
|-weather|Sandstorm|[from] ability: Sand Stream|[of] p1a: Tyranitar
|turn|15
|
|move|p1a: Tyranitar|Stone Edge|p2a: Politoed|[miss]
|-miss|p1a: Tyranitar|p2a: Politoed
|move|p2a: Politoed|Scald|p1a: Tyranitar
|-supereffective|p1a: Tyranitar
|-damage|p1a: Tyranitar|44/100
|-status|p1a: Tyranitar|brn
|
|-weather|Sandstorm|[upkeep]
|-damage|p2a: Politoed|92/100|[from] Sandstorm
|-heal|p2a: Politoed|98/100|[from] item: Leftovers
|-damage|p1a: Tyranitar|31/100 brn|[from] brn
|upkeep
|turn|16
|
|switch|p1a: Celebi|Celebi|82/100
|-damage|p1a: Celebi|69/100|[from] Stealth Rock
|move|p2a: Politoed|Toxic|p1a: Celebi
|-status|p1a: Celebi|tox
|
|-weather|Sandstorm|[upkeep]
|-damage|p1a: Celebi|63/100 tox|[from] Sandstorm
|-damage|p2a: Politoed|92/100|[from] Sandstorm
|-heal|p1a: Celebi|69/100 tox|[from] item: Leftovers
|-heal|p2a: Politoed|98/100|[from] item: Leftovers
|-damage|p1a: Celebi|63/100 tox|[from] psn
|upkeep
|turn|17
|
|move|p1a: Celebi|Nasty Plot|p1a: Celebi
|-boost|p1a: Celebi|spa|2
|move|p2a: Politoed|Perish Song|p2a: Politoed
|-start|p1a: Celebi|perish3|[silent]
|-start|p2a: Politoed|perish3|[silent]
|-fieldactivate|move: Perish Song
|
|-weather|Sandstorm|[upkeep]
|-damage|p1a: Celebi|57/100 tox|[from] Sandstorm
|-damage|p2a: Politoed|92/100|[from] Sandstorm
|-heal|p1a: Celebi|63/100 tox|[from] item: Leftovers
|-heal|p2a: Politoed|98/100|[from] item: Leftovers
|-damage|p1a: Celebi|51/100 tox|[from] psn
|-start|p1a: Celebi|perish3
|-start|p2a: Politoed|perish3
|upkeep
|turn|18
|
|move|p1a: Celebi|Recover|p1a: Celebi
|-heal|p1a: Celebi|100/100 tox
|move|p2a: Politoed|Scald|p1a: Celebi
|-resisted|p1a: Celebi
|-damage|p1a: Celebi|92/100 tox
|
|-weather|Sandstorm|[upkeep]
|-damage|p1a: Celebi|86/100 tox|[from] Sandstorm
|-damage|p2a: Politoed|92/100|[from] Sandstorm
|-heal|p1a: Celebi|92/100 tox|[from] item: Leftovers
|-heal|p2a: Politoed|98/100|[from] item: Leftovers
|-damage|p1a: Celebi|73/100 tox|[from] psn
|-start|p1a: Celebi|perish2
|-start|p2a: Politoed|perish2
|upkeep
|turn|19
|
|-curestatus|p1a: Celebi|tox|[from] ability: Natural Cure
|switch|p1a: Landorus|Landorus-Therian, M|85/100
|-damage|p1a: Landorus|72/100|[from] Stealth Rock
|-ability|p1a: Landorus|Intimidate|boost
|-unboost|p2a: Politoed|atk|1
|switch|p2a: Thundurus|Thundurus-Therian, M|100/100
|
|-weather|Sandstorm|[upkeep]
|-damage|p2a: Thundurus|94/100|[from] Sandstorm
|upkeep
|turn|20
|
|move|p2a: Thundurus|Hidden Power|p1a: Landorus
|-supereffective|p1a: Landorus
|-damage|p1a: Landorus|0 fnt
|-damage|p2a: Thundurus|85/100|[from] item: Life Orb
|faint|p1a: Landorus
|
|-weather|Sandstorm|[upkeep]
|-damage|p2a: Thundurus|79/100|[from] Sandstorm
|upkeep
|
|switch|p1a: Keldeo|Keldeo|82/100
|-damage|p1a: Keldeo|76/100|[from] Stealth Rock
|turn|21
|
|move|p1a: Keldeo|Hydro Pump|p2a: Thundurus
|-damage|p2a: Thundurus|0 fnt
|faint|p2a: Thundurus
|
|-weather|Sandstorm|[upkeep]
|-damage|p1a: Keldeo|70/100|[from] Sandstorm
|upkeep
|
|switch|p2a: Politoed|Politoed, F, shiny|98/100
|-weather|RainDance|[from] ability: Drizzle|[of] p2a: Politoed
|turn|22
|
|switch|p1a: Celebi|Celebi|73/100
|-damage|p1a: Celebi|61/100|[from] Stealth Rock
|switch|p2a: Tentacruel|Tentacruel, F, shiny|72/100
|
|-weather|RainDance|[upkeep]
|-heal|p2a: Tentacruel|78/100|[from] ability: Rain Dish
|-heal|p2a: Tentacruel|84/100|[from] item: Black Sludge
|-heal|p1a: Celebi|67/100|[from] item: Leftovers
|upkeep
|turn|23
|
|move|p2a: Tentacruel|Knock Off|p1a: Celebi
|-supereffective|p1a: Celebi
|-damage|p1a: Celebi|61/100
|-enditem|p1a: Celebi|Leftovers|[from] move: Knock Off|[of] p2a: Tentacruel
|move|p1a: Celebi|Baton Pass|p1a: Celebi
|
|switch|p1a: Tyranitar|Tyranitar, M|31/100 brn|[from]move: Baton Pass
|-damage|p1a: Tyranitar|19/100 brn|[from] Stealth Rock
|-weather|Sandstorm|[from] ability: Sand Stream|[of] p1a: Tyranitar
|
|-weather|Sandstorm|[upkeep]
|-damage|p2a: Tentacruel|78/100|[from] Sandstorm
|-heal|p2a: Tentacruel|84/100|[from] item: Black Sludge
|-damage|p1a: Tyranitar|7/100 brn|[from] brn
|upkeep
|turn|24
|
|switch|p2a: Politoed|Politoed, F, shiny|98/100
|-weather|RainDance|[from] ability: Drizzle|[of] p2a: Politoed
|move|p1a: Tyranitar|Crunch|p2a: Politoed
|-damage|p2a: Politoed|70/100
|-unboost|p2a: Politoed|def|1
|
|-weather|RainDance|[upkeep]
|-heal|p2a: Politoed|76/100|[from] item: Leftovers
|-damage|p1a: Tyranitar|0 fnt|[from] brn
|faint|p1a: Tyranitar
|upkeep
|
|switch|p1a: Celebi|Celebi|61/100
|-damage|p1a: Celebi|49/100|[from] Stealth Rock
|turn|25
|
|move|p1a: Celebi|Recover|p1a: Celebi
|-heal|p1a: Celebi|99/100
|move|p2a: Politoed|Perish Song|p2a: Politoed
|-start|p1a: Celebi|perish3|[silent]
|-start|p2a: Politoed|perish3|[silent]
|-fieldactivate|move: Perish Song
|
|-weather|RainDance|[upkeep]
|-heal|p2a: Politoed|82/100|[from] item: Leftovers
|-start|p1a: Celebi|perish3
|-start|p2a: Politoed|perish3
|upkeep
|turn|26
|
|switch|p2a: Tentacruel|Tentacruel, F, shiny|84/100
|move|p1a: Celebi|Psychic|p2a: Tentacruel
|-supereffective|p2a: Tentacruel
|-damage|p2a: Tentacruel|29/100
|
|-weather|RainDance|[upkeep]
|-heal|p2a: Tentacruel|35/100|[from] ability: Rain Dish
|-heal|p2a: Tentacruel|41/100|[from] item: Black Sludge
|-start|p1a: Celebi|perish2
|upkeep
|turn|27
|
|switch|p2a: Weavile|Weavile, M|84/100
|-ability|p2a: Weavile|Pressure
|switch|p1a: Scizor|Scizor, F|68/100
|-damage|p1a: Scizor|55/100|[from] Stealth Rock
|
|-weather|RainDance|[upkeep]
|-heal|p1a: Scizor|61/100|[from] item: Leftovers
|upkeep
|turn|28
|
|switch|p2a: Politoed|Politoed, F, shiny|82/100
|move|p1a: Scizor|Swords Dance|p1a: Scizor
|-boost|p1a: Scizor|atk|2
|
|-weather|RainDance|[upkeep]
|-heal|p2a: Politoed|88/100|[from] item: Leftovers
|-heal|p1a: Scizor|68/100|[from] item: Leftovers
|upkeep
|turn|29
|
|move|p2a: Politoed|Scald|p1a: Scizor
|-damage|p1a: Scizor|35/100
|-status|p1a: Scizor|brn
|move|p1a: Scizor|Bug Bite|p2a: Politoed
|-damage|p2a: Politoed|67/100
|
|-weather|RainDance|[upkeep]
|-heal|p2a: Politoed|73/100|[from] item: Leftovers
|-heal|p1a: Scizor|41/100 brn|[from] item: Leftovers
|-damage|p1a: Scizor|29/100 brn|[from] brn
|upkeep
|turn|30
|
|move|p2a: Politoed|Scald|p1a: Scizor
|-damage|p1a: Scizor|0 fnt
|faint|p1a: Scizor
|
|-weather|RainDance|[upkeep]
|-heal|p2a: Politoed|79/100|[from] item: Leftovers
|upkeep
|
|switch|p1a: Celebi|Celebi|99/100
|-damage|p1a: Celebi|87/100|[from] Stealth Rock
|turn|31
|
|move|p1a: Celebi|Nasty Plot|p1a: Celebi
|-boost|p1a: Celebi|spa|2
|move|p2a: Politoed|Perish Song|p2a: Politoed
|-start|p1a: Celebi|perish3|[silent]
|-start|p2a: Politoed|perish3|[silent]
|-fieldactivate|move: Perish Song
|
|-weather|RainDance|[upkeep]
|-heal|p2a: Politoed|85/100|[from] item: Leftovers
|-start|p1a: Celebi|perish3
|-start|p2a: Politoed|perish3
|upkeep
|turn|32
|
|switch|p2a: Weavile|Weavile, M|84/100
|-ability|p2a: Weavile|Pressure
|move|p1a: Celebi|Psychic|p2a: Weavile
|-immune|p2a: Weavile
|
|-weather|RainDance|[upkeep]
|-start|p1a: Celebi|perish2
|upkeep
|turn|33
|
|switch|p1a: Keldeo|Keldeo|70/100
|-damage|p1a: Keldeo|63/100|[from] Stealth Rock
|move|p2a: Weavile|Low Kick|p1a: Keldeo
|-damage|p1a: Keldeo|35/100
|-damage|p2a: Weavile|75/100|[from] item: Life Orb
|
|-weather|RainDance|[upkeep]
|upkeep
|turn|34
|
|switch|p2a: Politoed|Politoed, F, shiny|85/100
|move|p1a: Keldeo|Hydro Pump|p2a: Politoed
|-resisted|p2a: Politoed
|-damage|p2a: Politoed|47/100
|
|-weather|RainDance|[upkeep]
|-heal|p2a: Politoed|53/100|[from] item: Leftovers
|upkeep
|turn|35
|
|switch|p1a: Celebi|Celebi|87/100
|-damage|p1a: Celebi|74/100|[from] Stealth Rock
|move|p2a: Politoed|Toxic|p1a: Celebi
|-status|p1a: Celebi|tox
|
|-weather|RainDance|[upkeep]
|-heal|p2a: Politoed|59/100|[from] item: Leftovers
|-damage|p1a: Celebi|68/100 tox|[from] psn
|upkeep
|turn|36
|
|move|p1a: Celebi|Baton Pass|p1a: Celebi
|
|-curestatus|p1a: Celebi|tox|[from] ability: Natural Cure
|switch|p1a: Keldeo|Keldeo|35/100|[from]move: Baton Pass
|-damage|p1a: Keldeo|29/100|[from] Stealth Rock
|move|p2a: Politoed|Perish Song|p2a: Politoed
|-start|p1a: Keldeo|perish3|[silent]
|-start|p2a: Politoed|perish3|[silent]
|-fieldactivate|move: Perish Song
|
|-weather|RainDance|[upkeep]
|-heal|p2a: Politoed|65/100|[from] item: Leftovers
|-start|p1a: Keldeo|perish3
|-start|p2a: Politoed|perish3
|upkeep
|turn|37
|
|switch|p1a: Celebi|Celebi|68/100
|-damage|p1a: Celebi|56/100|[from] Stealth Rock
|move|p2a: Politoed|Protect||[still]
|-fail|p2a: Politoed
|
|-weather|RainDance|[upkeep]
|-heal|p2a: Politoed|72/100|[from] item: Leftovers
|-start|p2a: Politoed|perish2
|upkeep
|turn|38
|
|move|p1a: Celebi|Baton Pass|p1a: Celebi
|
|switch|p1a: Keldeo|Keldeo|29/100|[from]move: Baton Pass
|-damage|p1a: Keldeo|23/100|[from] Stealth Rock
|move|p2a: Politoed|Perish Song|p2a: Politoed
|-start|p1a: Keldeo|perish3|[silent]
|-fieldactivate|move: Perish Song
|
|-weather|RainDance|[upkeep]
|-heal|p2a: Politoed|78/100|[from] item: Leftovers
|-start|p1a: Keldeo|perish3
|-start|p2a: Politoed|perish1
|upkeep
|turn|39
|
|switch|p2a: Tentacruel|Tentacruel, F, shiny|41/100
|move|p1a: Keldeo|Hydro Pump|p2a: Tentacruel
|-resisted|p2a: Tentacruel
|-damage|p2a: Tentacruel|2/100
|
|-weather|RainDance|[upkeep]
|-heal|p2a: Tentacruel|8/100|[from] ability: Rain Dish
|-heal|p2a: Tentacruel|15/100|[from] item: Black Sludge
|-start|p1a: Keldeo|perish2
|upkeep
|turn|40
|
|move|p1a: Keldeo|Hydro Pump|p2a: Tentacruel
|-resisted|p2a: Tentacruel
|-damage|p2a: Tentacruel|0 fnt
|faint|p2a: Tentacruel
|
|-weather|RainDance|[upkeep]
|-start|p1a: Keldeo|perish1
|upkeep
|
|switch|p2a: Politoed|Politoed, F, shiny|78/100
|turn|41
|
|switch|p1a: Celebi|Celebi|56/100
|-damage|p1a: Celebi|43/100|[from] Stealth Rock
|move|p2a: Politoed|Toxic|p1a: Celebi
|-status|p1a: Celebi|tox
|
|-weather|RainDance|[upkeep]
|-heal|p2a: Politoed|84/100|[from] item: Leftovers
|-damage|p1a: Celebi|37/100 tox|[from] psn
|upkeep
|turn|42
|
|switch|p2a: Weavile|Weavile, M|75/100
|-ability|p2a: Weavile|Pressure
|move|p1a: Celebi|Recover|p1a: Celebi
|-heal|p1a: Celebi|87/100 tox
|
|-weather|RainDance|[upkeep]
|-damage|p1a: Celebi|75/100 tox|[from] psn
|upkeep
|turn|43
|
|move|p2a: Weavile|Low Kick|p1a: Celebi
|-resisted|p1a: Celebi
|-damage|p1a: Celebi|71/100 tox
|-damage|p2a: Weavile|65/100|[from] item: Life Orb
|move|p1a: Celebi|Baton Pass|p1a: Celebi
|
|-curestatus|p1a: Celebi|tox|[from] ability: Natural Cure
|switch|p1a: Keldeo|Keldeo|23/100|[from]move: Baton Pass
|-damage|p1a: Keldeo|17/100|[from] Stealth Rock
|
|-weather|RainDance|[upkeep]
|upkeep
|turn|44
|
|switch|p2a: Politoed|Politoed, F, shiny|84/100
|move|p1a: Keldeo|Hydro Pump|p2a: Politoed
|-resisted|p2a: Politoed
|-damage|p2a: Politoed|46/100
|
|-weather|RainDance|[upkeep]
|-heal|p2a: Politoed|53/100|[from] item: Leftovers
|upkeep
|turn|45
|
|move|p1a: Keldeo|Hydro Pump|p2a: Politoed
|-resisted|p2a: Politoed
|-damage|p2a: Politoed|10/100
|move|p2a: Politoed|Scald|p1a: Keldeo
|-resisted|p1a: Keldeo
|-damage|p1a: Keldeo|0 fnt
|faint|p1a: Keldeo
|
|-weather|RainDance|[upkeep]
|-heal|p2a: Politoed|17/100|[from] item: Leftovers
|upkeep
|
|switch|p1a: Celebi|Celebi|71/100
|-damage|p1a: Celebi|59/100|[from] Stealth Rock
|turn|46
|
|move|p1a: Celebi|Psychic|p2a: Politoed
|-damage|p2a: Politoed|0 fnt
|faint|p2a: Politoed
|
|-weather|RainDance|[upkeep]
|upkeep
|
|switch|p2a: Weavile|Weavile, M|65/100
|-ability|p2a: Weavile|Pressure
|turn|47
|
|move|p2a: Weavile|Night Slash|p1a: Celebi
|-supereffective|p1a: Celebi
|-damage|p1a: Celebi|0 fnt
|-damage|p2a: Weavile|55/100|[from] item: Life Orb
|faint|p1a: Celebi
|
|win|ScarfedGaryBusey
|raw|porrompompom's rating: 1515 &rarr; <strong>1486</strong><br />(-29 for losing)
|raw|ScarfedGaryBusey's rating: 1346 &rarr; <strong>1375</strong><br />(+29 for winning)
