|j|☆MCDTeach
|j|☆bmy
|player|p1|MCDTeach|167
|player|p2|bmy|282
|teamsize|p1|6
|teamsize|p2|6
|gametype|singles
|gen|5
|tier|[Gen 5] OU
|rated|
|rule|Sleep Clause Mod: Limit one foe put to sleep
|rule|Species Clause: Limit one of each Pokémon
|rule|OHKO Clause: OHKO moves are banned
|rule|Moody Clause: Moody is banned
|rule|Evasion Moves Clause: Evasion moves are banned
|rule|Endless Battle Clause: Forcing endless battles is banned
|rule|HP Percentage Mod: HP is shown in percentages
|rule|Evasion Abilities Clause: Evasion abilities are banned
|rule|Baton Pass Clause: Limit one Baton Passer, can't pass Spe and other stats simultaneously
|rule|Swagger Clause: Swagger is banned
|clearpoke
|poke|p1|Garchomp, F|item
|poke|p1|Breloom, M|item
|poke|p1|Starmie|item
|poke|p1|Volcarona, M|item
|poke|p1|Dragonite, F|item
|poke|p1|Scizor, F|item
|poke|p2|Breloom, F|item
|poke|p2|Aerodactyl, M|item
|poke|p2|Starmie|item
|poke|p2|Gengar, F|item
|poke|p2|Scizor, F|item
|poke|p2|Dragonite, F|item
|teampreview
|
|start
|switch|p1a: Breloom|Breloom, M|100/100
|switch|p2a: Aerodactyl|Aerodactyl, M|100/100
|-ability|p2a: Aerodactyl|Pressure
|turn|1
|
|move|p2a: Aerodactyl|Stealth Rock|p1a: Breloom
|-sidestart|p1: MCDTeach|move: Stealth Rock
|move|p1a: Breloom|Bullet Seed|p2a: Aerodactyl
|-damage|p2a: Aerodactyl|63/100
|-damage|p2a: Aerodactyl|27/100
|-hitcount|p2a: Aerodactyl|2
|
|upkeep
|turn|2
|
|switch|p2a: Dragonite|Dragonite, F|100/100
|move|p1a: Breloom|Spore|p2a: Dragonite
|-status|p2a: Dragonite|slp
|-enditem|p2a: Dragonite|Lum Berry|[eat]
|-curestatus|p2a: Dragonite|slp|[msg]
|
|upkeep
|turn|3
|
|move|p2a: Dragonite|Extreme Speed|p1a: Breloom
|-damage|p1a: Breloom|49/100
|move|p1a: Breloom|Spore|p2a: Dragonite
|-status|p2a: Dragonite|slp
|
|upkeep
|turn|4
|
|switch|p2a: Gengar|Gengar, F|100/100
|move|p1a: Breloom|Low Sweep|p2a: Gengar
|-immune|p2a: Gengar|[msg]
|
|upkeep
|turn|5
|
|switch|p1a: Scizor|Scizor, F|100/100
|-damage|p1a: Scizor|88/100|[from] Stealth Rock
|move|p2a: Gengar|Shadow Ball|p1a: Scizor
|-resisted|p1a: Scizor
|-damage|p1a: Scizor|62/100
|-unboost|p1a: Scizor|spd|1
|
|upkeep
|turn|6
|
|move|p1a: Scizor|Bullet Punch|p2a: Gengar
|-damage|p2a: Gengar|6/100
|move|p2a: Gengar|Shadow Ball|p1a: Scizor
|-resisted|p1a: Scizor
|-damage|p1a: Scizor|26/100
|-unboost|p1a: Scizor|spd|1
|
|upkeep
|turn|7
|
|switch|p2a: Scizor|Scizor, F|100/100
|switch|p1a: Garchomp|Garchomp, F|100/100
|-damage|p1a: Garchomp|94/100|[from] Stealth Rock
|
|upkeep
|turn|8
|
|switch|p2a: Starmie|Starmie|100/100
|move|p1a: Garchomp|Stealth Rock|p2a: Starmie
|-sidestart|p2: bmy|move: Stealth Rock
|
|upkeep
|turn|9
|
|switch|p1a: Starmie|Starmie|100/100
|-damage|p1a: Starmie|88/100|[from] Stealth Rock
|move|p2a: Starmie|Rapid Spin|p1a: Starmie
|-damage|p1a: Starmie|81/100
|-sideend|p2: bmy|Stealth Rock|[from] move: Rapid Spin|[of] p2a: Starmie
|-damage|p2a: Starmie|91/100|[from] item: Life Orb
|
|upkeep
|turn|10
|
|move|p2a: Starmie|Hydro Pump|p1a: Starmie|[miss]
|-miss|p2a: Starmie|p1a: Starmie
|move|p1a: Starmie|Rapid Spin|p2a: Starmie
|-damage|p2a: Starmie|84/100
|-sideend|p1: MCDTeach|Stealth Rock|[from] move: Rapid Spin|[of] p1a: Starmie
|
|upkeep
|turn|11
|
|move|p1a: Starmie|Hydro Pump|p2a: Starmie
|-resisted|p2a: Starmie
|-damage|p2a: Starmie|44/100
|move|p2a: Starmie|Hydro Pump|p1a: Starmie
|-resisted|p1a: Starmie
|-crit|p1a: Starmie
|-damage|p1a: Starmie|0 fnt
|-damage|p2a: Starmie|34/100|[from] item: Life Orb
|faint|p1a: Starmie
|
|upkeep
|j| Neverwinter knight
|
|switch|p1a: Dragonite|Dragonite, F|100/100
|turn|12
|
|move|p1a: Dragonite|Extreme Speed|p2a: Starmie
|-damage|p2a: Starmie|0 fnt
|faint|p2a: Starmie
|
|upkeep
|
|switch|p2a: Gengar|Gengar, F|6/100
|turn|13
|
|move|p2a: Gengar|Trick|p1a: Dragonite
|-activate|p2a: Gengar|move: Trick|[of] p1a: Dragonite
|-item|p1a: Dragonite|Choice Scarf|[from] move: Trick
|-item|p2a: Gengar|Lum Berry|[from] move: Trick
|move|p1a: Dragonite|Dragon Dance|p1a: Dragonite
|-boost|p1a: Dragonite|atk|1
|-boost|p1a: Dragonite|spe|1
|
|upkeep
|turn|14
|
|switch|p1a: Breloom|Breloom, M|49/100
|move|p2a: Gengar|Shadow Ball|p1a: Breloom
|-damage|p1a: Breloom|0 fnt
|faint|p1a: Breloom
|
|upkeep
|
|switch|p1a: Volcarona|Volcarona, M|100/100
|turn|15
|
|move|p2a: Gengar|Shadow Ball|p1a: Volcarona
|-damage|p1a: Volcarona|60/100
|move|p1a: Volcarona|Quiver Dance|p1a: Volcarona
|-boost|p1a: Volcarona|spa|1
|-boost|p1a: Volcarona|spd|1
|-boost|p1a: Volcarona|spe|1
|
|upkeep
|turn|16
|
|move|p1a: Volcarona|Flamethrower|p2a: Gengar
|-damage|p2a: Gengar|0 fnt
|faint|p2a: Gengar
|
|upkeep
|
|switch|p2a: Dragonite|Dragonite, F|100/100 slp
|turn|17
|
|cant|p2a: Dragonite|slp
|move|p1a: Volcarona|Flamethrower|p2a: Dragonite
|-resisted|p2a: Dragonite
|-damage|p2a: Dragonite|80/100 slp
|
|upkeep
|turn|18
|
|switch|p1a: Garchomp|Garchomp, F|94/100
|cant|p2a: Dragonite|slp
|
|upkeep
|turn|19
|
|move|p1a: Garchomp|Stealth Rock|p2a: Dragonite
|-sidestart|p2: bmy|move: Stealth Rock
|-curestatus|p2a: Dragonite|slp|[msg]
|move|p2a: Dragonite|Dragon Dance|p2a: Dragonite
|-boost|p2a: Dragonite|atk|1
|-boost|p2a: Dragonite|spe|1
|
|upkeep
|turn|20
|
|move|p2a: Dragonite|Outrage|p1a: Garchomp
|-supereffective|p1a: Garchomp
|-damage|p1a: Garchomp|0 fnt
|-damage|p2a: Dragonite|68/100|[from] ability: Rough Skin|[of] p1a: Garchomp
|faint|p1a: Garchomp
|
|upkeep
|
|switch|p1a: Scizor|Scizor, F|26/100
|turn|21
|
|move|p1a: Scizor|Bullet Punch|p2a: Dragonite
|-crit|p2a: Dragonite
|-damage|p2a: Dragonite|0 fnt
|faint|p2a: Dragonite
|
|upkeep
|
|switch|p2a: Breloom|Breloom, F|100/100
|-damage|p2a: Breloom|94/100|[from] Stealth Rock
|turn|22
|inactive|Battle timer is ON: inactive players will automatically lose when time's up. (requested by MCDTeach)
|
|move|p2a: Breloom|Mach Punch|p1a: Scizor
|-damage|p1a: Scizor|0 fnt
|faint|p1a: Scizor
|
|upkeep
|
|switch|p1a: Volcarona|Volcarona, M|60/100
|turn|23
|
|move|p1a: Volcarona|Flamethrower|p2a: Breloom
|-supereffective|p2a: Breloom
|-damage|p2a: Breloom|0 fnt
|faint|p2a: Breloom
|
|upkeep
|
|switch|p2a: Aerodactyl|Aerodactyl, M|27/100
|-damage|p2a: Aerodactyl|2/100|[from] Stealth Rock
|-ability|p2a: Aerodactyl|Pressure
|turn|24
|
|switch|p1a: Dragonite|Dragonite, F|100/100
|move|p2a: Aerodactyl|Stone Edge|p1a: Dragonite
|-supereffective|p1a: Dragonite
|-damage|p1a: Dragonite|54/100
|
|upkeep
|turn|25
|
|move|p1a: Dragonite|Extreme Speed|p2a: Aerodactyl
|-resisted|p2a: Aerodactyl
|-damage|p2a: Aerodactyl|0 fnt
|faint|p2a: Aerodactyl
|
|upkeep
|
|switch|p2a: Scizor|Scizor, F|100/100
|-damage|p2a: Scizor|88/100|[from] Stealth Rock
|turn|26
|
|switch|p1a: Volcarona|Volcarona, M|60/100
|move|p2a: Scizor|Swords Dance|p2a: Scizor
|-boost|p2a: Scizor|atk|2
|
|upkeep
|turn|27
|
|move|p2a: Scizor|Bullet Punch|p1a: Volcarona
|-resisted|p1a: Volcarona
|-damage|p1a: Volcarona|2/100
|move|p1a: Volcarona|Flamethrower|p2a: Scizor
|-supereffective|p2a: Scizor
|-damage|p2a: Scizor|0 fnt
|faint|p2a: Scizor
|
|win|MCDTeach
|raw|MCDTeach's rating: 1425 &rarr; <strong>1448</strong><br />(+23 for winning)
|raw|bmy's rating: 1476 &rarr; <strong>1453</strong><br />(-23 for losing)
|l|☆bmy
