|j|HB Joyita
|j|Dire Miralis
|player|p1|HB Joyita|91
|player|p2|Dire Miralis|184
|gametype|singles
|gen|5
|tier|[Gen 5] OU
|rated
|seed|
|rule|Evasion Abilities Clause: Evasion abilities are banned
|rule|Baton Pass Clause: Limit one Baton Passer, can't pass Spe and other stats simultaneously
|rule|Swagger Clause: Swagger is banned
|clearpoke
|poke|p1|Tyranitar, M|item
|poke|p1|Landorus-Therian, M|item
|poke|p1|Latios, M|item
|poke|p1|Infernape, M|item
|poke|p1|Ferrothorn, M|item
|poke|p1|Rotom-Wash|item
|poke|p2|Azelf|item
|poke|p2|Breloom, F|item
|poke|p2|Scizor, F|item
|poke|p2|Dragonite, M|item
|poke|p2|Salamence, M|item
|poke|p2|Garchomp, M|item
|rule|Sleep Clause Mod: Limit one foe put to sleep
|rule|Species Clause: Limit one of each Pokémon
|rule|OHKO Clause: OHKO moves are banned
|rule|Moody Clause: Moody is banned
|rule|Evasion Moves Clause: Evasion moves are banned
|rule|Endless Battle Clause: Forcing endless battles is banned
|rule|HP Percentage Mod: HP is shown in percentages
|teampreview
|choice||
|
|start
|switch|p1a: Joya´s Flying Dog|Landorus-Therian, M|100/100
|switch|p2a: Azelf|Azelf|100/100
|-ability|p1a: Joya´s Flying Dog|Intimidate|boost
|-unboost|p2a: Azelf|atk|1
|turn|1
|choice||
|
|move|p2a: Azelf|Stealth Rock|p1a: Joya´s Flying Dog
|-sidestart|p1: HB Joyita|move: Stealth Rock
|move|p1a: Joya´s Flying Dog|Stealth Rock|p2a: Azelf
|-sidestart|p2: Dire Miralis|move: Stealth Rock
|
|turn|2
|choice||
|
|move|p2a: Azelf|Hidden Power|p1a: Joya´s Flying Dog
|-supereffective|p1a: Joya´s Flying Dog
|-damage|p1a: Joya´s Flying Dog|0 fnt
|faint|p1a: Joya´s Flying Dog
|
|c|★HB Joyita|jajajajaaja
|choice||
|
|switch|p1a: Tyrano|Tyranitar, M|100/100
|-damage|p1a: Tyrano|88/100|[from] Stealth Rock
|-weather|Sandstorm|[from] ability: Sand Stream|[of] p1a: Tyrano
|turn|3
|c|★HB Joyita|jajajaajaja
|c|★HB Joyita|hp ice
|choice||
|
|move|p1a: Tyrano|Crunch|p2a: Azelf
|-supereffective|p2a: Azelf
|-enditem|p2a: Azelf|Focus Sash
|-damage|p2a: Azelf|1/100
|-unboost|p2a: Azelf|def|1
|move|p2a: Azelf|Explosion|p1a: Tyrano
|-resisted|p1a: Tyrano
|-damage|p1a: Tyrano|65/100
|faint|p2a: Azelf
|
|-weather|Sandstorm|[upkeep]
|c|★HB Joyita|jajajajaaja
|choice||
|
|switch|p2a: Breloom|Breloom, F|100/100
|-damage|p2a: Breloom|94/100|[from] Stealth Rock
|turn|4
|choice||
|
|switch|p1a: Ferrero Rocher|Ferrothorn, M|100/100
|-damage|p1a: Ferrero Rocher|94/100|[from] Stealth Rock
|move|p2a: Breloom|Spore|p1a: Ferrero Rocher
|-status|p1a: Ferrero Rocher|slp
|
|-weather|Sandstorm|[upkeep]
|-damage|p2a: Breloom|88/100|[from] sandstorm
|-heal|p1a: Ferrero Rocher|100/100 slp|[from] item: Leftovers
|turn|5
|choice||
|
|-singleturn|p2a: Breloom|move: Focus Punch
|switch|p1a: Eon|Latios, M|100/100
|-damage|p1a: Eon|88/100|[from] Stealth Rock
|move|p2a: Breloom|Focus Punch|p1a: Eon
|-enditem|p2a: Breloom|Fighting Gem|[from] gem|[move] Focus Punch
|-resisted|p1a: Eon
|-damage|p1a: Eon|0 fnt
|faint|p1a: Eon
|
|-weather|Sandstorm|[upkeep]
|-damage|p2a: Breloom|82/100|[from] sandstorm
|choice||
|
|switch|p1a: The Lord|Infernape, M|100/100
|-damage|p1a: The Lord|88/100|[from] Stealth Rock
|turn|6
|choice||
|
|switch|p2a: Garchomp|Garchomp, M|100/100
|-damage|p2a: Garchomp|94/100|[from] Stealth Rock
|move|p1a: The Lord|Close Combat|p2a: Garchomp
|-damage|p2a: Garchomp|10/100
|-damage|p1a: The Lord|76/100|[from] ability: Rough Skin|[of] p2a: Garchomp
|-unboost|p1a: The Lord|def|1
|-unboost|p1a: The Lord|spd|1
|
|-weather|Sandstorm|[upkeep]
|-damage|p1a: The Lord|70/100|[from] sandstorm
|turn|7
|choice||
|
|move|p1a: The Lord|Close Combat|p2a: Garchomp
|-damage|p2a: Garchomp|0 fnt
|-damage|p1a: The Lord|58/100|[from] ability: Rough Skin|[of] p2a: Garchomp
|-unboost|p1a: The Lord|def|1
|-unboost|p1a: The Lord|spd|1
|faint|p2a: Garchomp
|
|-weather|Sandstorm|[upkeep]
|-damage|p1a: The Lord|52/100|[from] sandstorm
|choice||
|
|switch|p2a: Breloom|Breloom, F|82/100
|-damage|p2a: Breloom|76/100|[from] Stealth Rock
|turn|8
|choice||
|
|move|p2a: Breloom|Mach Punch|p1a: The Lord
|-damage|p1a: The Lord|0 fnt
|faint|p1a: The Lord
|
|-weather|Sandstorm|[upkeep]
|-damage|p2a: Breloom|70/100|[from] sandstorm
|choice||
|
|switch|p1a: Bosch|Rotom-Wash|100/100
|-damage|p1a: Bosch|88/100|[from] Stealth Rock
|turn|9
|choice||
|
|move|p2a: Breloom|Bullet Seed|p1a: Bosch
|-supereffective|p1a: Bosch
|-damage|p1a: Bosch|43/100
|-supereffective|p1a: Bosch
|-crit|p1a: Bosch
|-damage|p1a: Bosch|0 fnt
|-hitcount|p1a: Bosch|2
|faint|p1a: Bosch
|
|-weather|Sandstorm|[upkeep]
|-damage|p2a: Breloom|64/100|[from] sandstorm
|choice||
|
|switch|p1a: Tyrano|Tyranitar, M|65/100
|-damage|p1a: Tyrano|52/100|[from] Stealth Rock
|turn|10
|choice||
|
|move|p2a: Breloom|Mach Punch|p1a: Tyrano
|-supereffective|p1a: Tyrano
|-damage|p1a: Tyrano|0 fnt
|faint|p1a: Tyrano
|
|-weather|Sandstorm|[upkeep]
|-damage|p2a: Breloom|58/100|[from] sandstorm
|c|★Dire Miralis|rip
|-message|HB Joyita forfeited.
|
|win|Dire Miralis
|player|p1
|player|p2
|raw|HB Joyita's rating: 1303 &rarr; <strong>1292</strong><br />(-11 for losing)
|raw|Dire Miralis's rating: 1474 &rarr; <strong>1485</strong><br />(+11 for winning)