|join|bluri
|join|99 Red drifloon
|player|p1|bluri|97
|player|p2|99 Red drifloon|102
|gametype|singles
|gen|5
|tier|[Gen 5] OU
|rated
|rule|Evasion Abilities Clause: Evasion abilities are banned
|clearpoke
|poke|p1|Starmie
|poke|p1|Ferrothorn, F
|poke|p1|Landorus-Therian, M
|poke|p1|Jirachi
|poke|p1|Tyranitar, M
|poke|p1|Yanmega, M
|poke|p2|Tyranitar, M
|poke|p2|Magnezone
|poke|p2|Terrakion
|poke|p2|Latios, M, shiny
|poke|p2|Scizor, M, shiny
|poke|p2|Landorus-Therian, M
|rule|Sleep Clause Mod: Limit one foe put to sleep
|rule|Species Clause: Limit one of each Pokémon
|rule|OHKO Clause: OHKO moves are banned
|rule|Moody Clause: Moody is banned
|rule|Evasion Moves Clause: Evasion moves are banned
|rule|Endless Battle Clause: Forcing endless battles is banned
|rule|HP Percentage Mod: HP is shown in percentages
|teampreview
|join|NHC
|c|★bluri|gl
|c| NHC|hey
|c| NHC|u are crazy
|c|★bluri|heey :D
|c|★bluri|Loooool :D
|c|★bluri|I´m just bored :D
|
|start
|switch|p1a: Jirachi|Jirachi|341/341
|switch|p2a: Pat Riely|Tyranitar, M|403/403
|-weather|Sandstorm|[from] ability: Sand Stream|[of] p2a: Pat Riely
|turn|1
|
|move|p1a: Jirachi|Stealth Rock|p2a: Pat Riely
|-sidestart|p2: 99 Red drifloon|move: Stealth Rock
|move|p2a: Pat Riely|Stealth Rock|p1a: Jirachi
|-sidestart|p1: bluri|move: Stealth Rock
|
|-weather|Sandstorm|[upkeep]
|turn|2
|
|switch|p2a: Ray Allen|Magnezone|283/283
|-damage|p2a: Ray Allen|266/283|[from] Stealth Rock
|move|p1a: Jirachi|Iron Head|p2a: Ray Allen
|-resisted|p2a: Ray Allen
|-damage|p2a: Ray Allen|245/283
|
|-weather|Sandstorm|[upkeep]
|-heal|p2a: Ray Allen|262/283|[from] item: Leftovers
|turn|3
|
|move|p1a: Jirachi|Hidden Power|p2a: Ray Allen
|-supereffective|p2a: Ray Allen
|-damage|p2a: Ray Allen|118/283
|move|p2a: Ray Allen|Substitute|p2a: Ray Allen
|-start|p2a: Ray Allen|Substitute
|-damage|p2a: Ray Allen|48/283
|
|-weather|Sandstorm|[upkeep]
|-heal|p2a: Ray Allen|65/283|[from] item: Leftovers
|turn|4
|
|move|p1a: Jirachi|Hidden Power|p2a: Ray Allen
|-supereffective|p2a: Ray Allen
|-end|p2a: Ray Allen|Substitute
|move|p2a: Ray Allen|Hidden Power|p1a: Jirachi
|-supereffective|p1a: Jirachi
|-enditem|p1a: Jirachi|Occa Berry|[eat]
|-damage|p1a: Jirachi|258/341
|
|-weather|Sandstorm|[upkeep]
|-heal|p2a: Ray Allen|82/283|[from] item: Leftovers
|turn|5
|
|switch|p2a: Bron Bron|Landorus-Therian, M|382/382
|-damage|p2a: Bron Bron|335/382|[from] Stealth Rock
|-ability|p2a: Bron Bron|Intimidate|[of] p1a: Jirachi
|-unboost|p1a: Jirachi|atk|1
|move|p1a: Jirachi|Hidden Power|p2a: Bron Bron
|-damage|p2a: Bron Bron|242/382
|
|-weather|Sandstorm|[upkeep]
|turn|6
|
|switch|p1a: Landorus-Therian|Landorus-Therian, M|319/319
|-damage|p1a: Landorus-Therian|280/319|[from] Stealth Rock
|-ability|p1a: Landorus-Therian|Intimidate|[of] p2a: Bron Bron
|-unboost|p2a: Bron Bron|atk|1
|move|p2a: Bron Bron|U-turn|p1a: Landorus-Therian
|-resisted|p1a: Landorus-Therian
|-damage|p1a: Landorus-Therian|243/319
|
|switch|p2a: Miller|Scizor, M, shiny|343/343
|-damage|p2a: Miller|301/343|[from] Stealth Rock
|
|-weather|Sandstorm|[upkeep]
|turn|7
|
|move|p2a: Miller|Bullet Punch|p1a: Landorus-Therian
|-damage|p1a: Landorus-Therian|47/319
|move|p1a: Landorus-Therian|U-turn|p2a: Miller
|-resisted|p2a: Miller
|-damage|p2a: Miller|256/343
|
|switch|p1a: Jirachi|Jirachi|258/341
|-damage|p1a: Jirachi|237/341|[from] Stealth Rock
|
|-weather|Sandstorm|[upkeep]
|turn|8
|
|switch|p2a: Bosh|Latios, M, shiny|301/301
|-damage|p2a: Bosh|264/301|[from] Stealth Rock
|move|p1a: Jirachi|Hidden Power|p2a: Bosh
|-resisted|p2a: Bosh
|-damage|p2a: Bosh|234/301
|
|-weather|Sandstorm|[upkeep]
|-damage|p2a: Bosh|216/301|[from] sandstorm
|turn|9
|
|switch|p1a: Ferrothorn|Ferrothorn, F|352/352
|-damage|p1a: Ferrothorn|330/352|[from] Stealth Rock
|move|p2a: Bosh|Surf|p1a: Ferrothorn
|-resisted|p1a: Ferrothorn
|-damage|p1a: Ferrothorn|285/352
|
|-weather|Sandstorm|[upkeep]
|-damage|p2a: Bosh|198/301|[from] sandstorm
|-heal|p1a: Ferrothorn|307/352|[from] item: Leftovers
|turn|10
|
|switch|p2a: Bron Bron|Landorus-Therian, M|242/382
|-damage|p2a: Bron Bron|195/382|[from] Stealth Rock
|-ability|p2a: Bron Bron|Intimidate|[of] p1a: Ferrothorn
|-unboost|p1a: Ferrothorn|atk|1
|switch|p1a: Tyranitar|Tyranitar, M|401/401
|-damage|p1a: Tyranitar|351/401|[from] Stealth Rock
|
|-weather|Sandstorm|[upkeep]
|turn|11
|
|switch|p1a: Ferrothorn|Ferrothorn, F|307/352
|-damage|p1a: Ferrothorn|285/352|[from] Stealth Rock
|move|p2a: Bron Bron|Hidden Power|p1a: Ferrothorn
|-damage|p1a: Ferrothorn|238/352
|
|-weather|Sandstorm|[upkeep]
|-heal|p1a: Ferrothorn|260/352|[from] item: Leftovers
|turn|12
|
|switch|p1a: Jirachi|Jirachi|237/341
|-damage|p1a: Jirachi|216/341|[from] Stealth Rock
|move|p2a: Bron Bron|U-turn|p1a: Jirachi
|-damage|p1a: Jirachi|106/341
|
|switch|p2a: D.Wade|Terrakion|323/323
|-damage|p2a: D.Wade|303/323|[from] Stealth Rock
|
|-weather|Sandstorm|[upkeep]
|turn|13
|c|★bluri|oh no choice
|
|move|p2a: D.Wade|Close Combat|p1a: Jirachi
|-damage|p1a: Jirachi|0 fnt
|-unboost|p2a: D.Wade|def|1
|-unboost|p2a: D.Wade|spd|1
|faint|p1a: Jirachi
|
|-weather|Sandstorm|[upkeep]
|c| NHC|can u teach me, how to find a new match so quick?
|
|switch|p1a: Starmie|Starmie|323/323
|-damage|p1a: Starmie|283/323|[from] Stealth Rock
|turn|14
|
|switch|p2a: Pat Riely|Tyranitar, M|403/403
|-damage|p2a: Pat Riely|353/403|[from] Stealth Rock
|move|p1a: Starmie|Rapid Spin|p2a: Pat Riely
|-resisted|p2a: Pat Riely
|-damage|p2a: Pat Riely|348/403
|-sideend|p1: bluri|Stealth Rock|[from] move: Rapid Spin|[of] p1a: Starmie
|
|-weather|Sandstorm|[upkeep]
|-damage|p1a: Starmie|263/323|[from] sandstorm
|-heal|p1a: Starmie|283/323|[from] item: Leftovers
|-heal|p2a: Pat Riely|373/403|[from] item: Leftovers
|turn|15
|
|move|p1a: Starmie|Reflect Type|p2a: Pat Riely
|-start|p1a: Starmie|typechange|[from] move: Reflect Type|[of] p2a: Pat Riely
|move|p2a: Pat Riely|Pursuit|p1a: Starmie
|-resisted|p1a: Starmie
|-damage|p1a: Starmie|251/323
|
|-weather|Sandstorm|[upkeep]
|-heal|p1a: Starmie|271/323|[from] item: Leftovers
|-heal|p2a: Pat Riely|398/403|[from] item: Leftovers
|turn|16
|
|move|p1a: Starmie|Scald|p2a: Pat Riely
|-supereffective|p2a: Pat Riely
|-damage|p2a: Pat Riely|332/403
|move|p2a: Pat Riely|Stealth Rock|p1a: Starmie
|-sidestart|p1: bluri|move: Stealth Rock
|
|-weather|Sandstorm|[upkeep]
|-heal|p1a: Starmie|291/323|[from] item: Leftovers
|-heal|p2a: Pat Riely|357/403|[from] item: Leftovers
|turn|17
|
|switch|p2a: Bosh|Latios, M, shiny|198/301
|-damage|p2a: Bosh|161/301|[from] Stealth Rock
|move|p1a: Starmie|Rapid Spin|p2a: Bosh
|-damage|p2a: Bosh|147/301
|-sideend|p1: bluri|Stealth Rock|[from] move: Rapid Spin|[of] p1a: Starmie
|
|-weather|Sandstorm|[upkeep]
|-damage|p2a: Bosh|129/301|[from] sandstorm
|-heal|p1a: Starmie|311/323|[from] item: Leftovers
|turn|18
|
|switch|p1a: Tyranitar|Tyranitar, M|351/401
|switch|p2a: Ray Allen|Magnezone|82/283
|-damage|p2a: Ray Allen|65/283|[from] Stealth Rock
|
|-weather|Sandstorm|[upkeep]
|-heal|p2a: Ray Allen|82/283|[from] item: Leftovers
|turn|19
|leave|NHC
|
|move|p2a: Ray Allen|Substitute|p2a: Ray Allen
|-start|p2a: Ray Allen|Substitute
|-damage|p2a: Ray Allen|12/283
|move|p1a: Tyranitar|Fire Blast|p2a: Ray Allen
|-supereffective|p2a: Ray Allen
|-end|p2a: Ray Allen|Substitute
|
|-weather|Sandstorm|[upkeep]
|-heal|p2a: Ray Allen|29/283|[from] item: Leftovers
|turn|20
|
|move|p2a: Ray Allen|Flash Cannon|p1a: Tyranitar
|-supereffective|p1a: Tyranitar
|-damage|p1a: Tyranitar|195/401
|move|p1a: Tyranitar|Crunch|p2a: Ray Allen
|-crit|p2a: Ray Allen
|-resisted|p2a: Ray Allen
|-damage|p2a: Ray Allen|0 fnt
|faint|p2a: Ray Allen
|
|-weather|Sandstorm|[upkeep]
|
|switch|p2a: D.Wade|Terrakion|303/323
|-damage|p2a: D.Wade|283/323|[from] Stealth Rock
|turn|21
|
|switch|p1a: Starmie|Starmie|311/323
|move|p2a: D.Wade|Close Combat|p1a: Starmie
|-resisted|p1a: Starmie
|-damage|p1a: Starmie|198/323
|-unboost|p2a: D.Wade|def|1
|-unboost|p2a: D.Wade|spd|1
|
|-weather|Sandstorm|[upkeep]
|-damage|p1a: Starmie|178/323|[from] sandstorm
|-heal|p1a: Starmie|198/323|[from] item: Leftovers
|turn|22
|
|switch|p2a: Pat Riely|Tyranitar, M|357/403
|-damage|p2a: Pat Riely|307/403|[from] Stealth Rock
|move|p1a: Starmie|Scald|p2a: Pat Riely
|-supereffective|p2a: Pat Riely
|-damage|p2a: Pat Riely|211/403
|
|-weather|Sandstorm|[upkeep]
|-damage|p1a: Starmie|178/323|[from] sandstorm
|-heal|p1a: Starmie|198/323|[from] item: Leftovers
|-heal|p2a: Pat Riely|236/403|[from] item: Leftovers
|turn|23
|
|move|p1a: Starmie|Reflect Type|p2a: Pat Riely
|-start|p1a: Starmie|typechange|[from] move: Reflect Type|[of] p2a: Pat Riely
|move|p2a: Pat Riely|Roar|p1a: Starmie
|drag|p1a: Yanmega|Yanmega, M|314/314
|
|-weather|Sandstorm|[upkeep]
|-damage|p1a: Yanmega|295/314|[from] sandstorm
|-heal|p2a: Pat Riely|261/403|[from] item: Leftovers
|turn|24
|
|move|p1a: Yanmega|Bug Buzz|p2a: Pat Riely
|-supereffective|p2a: Pat Riely
|-damage|p2a: Pat Riely|79/403
|-damage|p1a: Yanmega|264/314|[from] item: Life Orb
|move|p2a: Pat Riely|Ice Beam|p1a: Yanmega
|-supereffective|p1a: Yanmega
|-damage|p1a: Yanmega|18/314
|
|-weather|Sandstorm|[upkeep]
|-damage|p1a: Yanmega|0 fnt|[from] sandstorm
|-heal|p2a: Pat Riely|104/403|[from] item: Leftovers
|faint|p1a: Yanmega
|
|switch|p1a: Landorus-Therian|Landorus-Therian, M|47/319
|-ability|p1a: Landorus-Therian|Intimidate|[of] p2a: Pat Riely
|-unboost|p2a: Pat Riely|atk|1
|turn|25
|
|move|p1a: Landorus-Therian|U-turn|p2a: Pat Riely
|-supereffective|p2a: Pat Riely
|-damage|p2a: Pat Riely|0 fnt
|faint|p2a: Pat Riely
|
|switch|p1a: Starmie|Starmie|198/323
|
|-weather|Sandstorm|[upkeep]
|-damage|p1a: Starmie|178/323|[from] sandstorm
|-heal|p1a: Starmie|198/323|[from] item: Leftovers
|
|switch|p2a: D.Wade|Terrakion|283/323
|-damage|p2a: D.Wade|263/323|[from] Stealth Rock
|turn|26
|
|switch|p1a: Ferrothorn|Ferrothorn, F|260/352
|move|p2a: D.Wade|X-Scissor|p1a: Ferrothorn
|-crit|p1a: Ferrothorn
|-damage|p1a: Ferrothorn|118/352
|-damage|p2a: D.Wade|223/323|[from] ability: Iron Barbs|[of] p1a: Ferrothorn
|
|-weather|Sandstorm|[upkeep]
|-heal|p1a: Ferrothorn|140/352|[from] item: Leftovers
|turn|27
|
|switch|p2a: Bron Bron|Landorus-Therian, M|195/382
|-damage|p2a: Bron Bron|148/382|[from] Stealth Rock
|-ability|p2a: Bron Bron|Intimidate|[of] p1a: Ferrothorn
|-unboost|p1a: Ferrothorn|atk|1
|move|p1a: Ferrothorn|Leech Seed|p2a: Bron Bron|[miss]
|-miss|p1a: Ferrothorn|p2a: Bron Bron
|
|-weather|Sandstorm|[upkeep]
|-heal|p1a: Ferrothorn|162/352|[from] item: Leftovers
|turn|28
|
|move|p2a: Bron Bron|U-turn|p1a: Ferrothorn
|-damage|p1a: Ferrothorn|94/352
|-damage|p2a: Bron Bron|101/382|[from] ability: Iron Barbs|[of] p1a: Ferrothorn
|
|switch|p2a: Miller|Scizor, M, shiny|256/343
|-damage|p2a: Miller|214/343|[from] Stealth Rock
|move|p1a: Ferrothorn|Leech Seed|p2a: Miller
|-start|p2a: Miller|move: Leech Seed
|
|-weather|Sandstorm|[upkeep]
|-heal|p1a: Ferrothorn|116/352|[from] item: Leftovers
|-damage|p2a: Miller|172/343|[from] Leech Seed|[of] p1a: Ferrothorn
|-heal|p1a: Ferrothorn|158/352|[silent]
|turn|29
|
|switch|p1a: Landorus-Therian|Landorus-Therian, M|47/319
|-ability|p1a: Landorus-Therian|Intimidate|[of] p2a: Miller
|-unboost|p2a: Miller|atk|1
|move|p2a: Miller|U-turn|p1a: Landorus-Therian
|-resisted|p1a: Landorus-Therian
|-damage|p1a: Landorus-Therian|0 fnt
|faint|p1a: Landorus-Therian
|
|switch|p2a: Bosh|Latios, M, shiny|129/301
|-damage|p2a: Bosh|92/301|[from] Stealth Rock
|
|-weather|Sandstorm|[upkeep]
|-damage|p2a: Bosh|74/301|[from] sandstorm
|
|switch|p1a: Tyranitar|Tyranitar, M|195/401
|turn|30
|
|move|p2a: Bosh|Surf|p1a: Tyranitar
|-supereffective|p1a: Tyranitar
|-damage|p1a: Tyranitar|58/401
|move|p1a: Tyranitar|Pursuit|p2a: Bosh
|-supereffective|p2a: Bosh
|-damage|p2a: Bosh|0 fnt
|faint|p2a: Bosh
|
|-weather|Sandstorm|[upkeep]
|
|switch|p2a: Miller|Scizor, M, shiny|172/343
|-damage|p2a: Miller|130/343|[from] Stealth Rock
|turn|31
|
|move|p2a: Miller|Bullet Punch|p1a: Tyranitar
|-supereffective|p1a: Tyranitar
|-damage|p1a: Tyranitar|0 fnt
|faint|p1a: Tyranitar
|
|-weather|Sandstorm|[upkeep]
|
|switch|p1a: Starmie|Starmie|198/323
|turn|32
|
|move|p2a: Miller|Bullet Punch|p1a: Starmie
|-resisted|p1a: Starmie
|-damage|p1a: Starmie|99/323
|move|p1a: Starmie|Recover|p1a: Starmie
|-heal|p1a: Starmie|261/323
|
|-weather|Sandstorm|[upkeep]
|-damage|p1a: Starmie|241/323|[from] sandstorm
|-heal|p1a: Starmie|261/323|[from] item: Leftovers
|turn|33
|
|move|p2a: Miller|Bullet Punch|p1a: Starmie
|-resisted|p1a: Starmie
|-damage|p1a: Starmie|168/323
|move|p1a: Starmie|Recover|p1a: Starmie
|-heal|p1a: Starmie|323/323
|
|-weather|Sandstorm|[upkeep]
|-damage|p1a: Starmie|303/323|[from] sandstorm
|-heal|p1a: Starmie|323/323|[from] item: Leftovers
|turn|34
|
|move|p2a: Miller|Bullet Punch|p1a: Starmie
|-resisted|p1a: Starmie
|-damage|p1a: Starmie|229/323
|move|p1a: Starmie|Scald|p2a: Miller
|-damage|p2a: Miller|12/343
|
|-weather|Sandstorm|[upkeep]
|-damage|p1a: Starmie|209/323|[from] sandstorm
|-heal|p1a: Starmie|229/323|[from] item: Leftovers
|turn|35
|
|move|p2a: Miller|Bullet Punch|p1a: Starmie
|-resisted|p1a: Starmie
|-damage|p1a: Starmie|131/323
|move|p1a: Starmie|Recover|p1a: Starmie
|-heal|p1a: Starmie|293/323
|
|-weather|Sandstorm|[upkeep]
|-damage|p1a: Starmie|273/323|[from] sandstorm
|-heal|p1a: Starmie|293/323|[from] item: Leftovers
|turn|36
|
|move|p2a: Miller|Bullet Punch|p1a: Starmie
|-resisted|p1a: Starmie
|-damage|p1a: Starmie|197/323
|move|p1a: Starmie|Recover|p1a: Starmie
|-heal|p1a: Starmie|323/323
|
|-weather|Sandstorm|[upkeep]
|-damage|p1a: Starmie|303/323|[from] sandstorm
|-heal|p1a: Starmie|323/323|[from] item: Leftovers
|turn|37
|
|move|p2a: Miller|Bullet Punch|p1a: Starmie
|-resisted|p1a: Starmie
|-damage|p1a: Starmie|221/323
|move|p1a: Starmie|Scald|p2a: Miller
|-damage|p2a: Miller|0 fnt
|faint|p2a: Miller
|
|-weather|Sandstorm|[upkeep]
|-damage|p1a: Starmie|201/323|[from] sandstorm
|-heal|p1a: Starmie|221/323|[from] item: Leftovers
|
|switch|p2a: D.Wade|Terrakion|223/323
|-damage|p2a: D.Wade|203/323|[from] Stealth Rock
|turn|38
|
|move|p2a: D.Wade|X-Scissor|p1a: Starmie
|-supereffective|p1a: Starmie
|-damage|p1a: Starmie|23/323
|move|p1a: Starmie|Recover|p1a: Starmie
|-heal|p1a: Starmie|185/323
|
|-weather|Sandstorm|[upkeep]
|-damage|p1a: Starmie|165/323|[from] sandstorm
|-heal|p1a: Starmie|185/323|[from] item: Leftovers
|turn|39
|
|switch|p1a: Ferrothorn|Ferrothorn, F|158/352
|move|p2a: D.Wade|X-Scissor|p1a: Ferrothorn
|-damage|p1a: Ferrothorn|94/352
|-damage|p2a: D.Wade|163/323|[from] ability: Iron Barbs|[of] p1a: Ferrothorn
|
|-weather|Sandstorm|[upkeep]
|-heal|p1a: Ferrothorn|116/352|[from] item: Leftovers
|turn|40
|
|switch|p2a: Bron Bron|Landorus-Therian, M|101/382
|-damage|p2a: Bron Bron|54/382|[from] Stealth Rock
|-ability|p2a: Bron Bron|Intimidate|[of] p1a: Ferrothorn
|-unboost|p1a: Ferrothorn|atk|1
|move|p1a: Ferrothorn|Leech Seed|p2a: Bron Bron|[miss]
|-miss|p1a: Ferrothorn|p2a: Bron Bron
|
|-weather|Sandstorm|[upkeep]
|-heal|p1a: Ferrothorn|138/352|[from] item: Leftovers
|turn|41
|
|move|p2a: Bron Bron|Earthquake|p1a: Ferrothorn
|-damage|p1a: Ferrothorn|0 fnt
|faint|p1a: Ferrothorn
|
|-weather|Sandstorm|[upkeep]
|
|switch|p1a: Starmie|Starmie|185/323
|turn|42
|
|move|p1a: Starmie|Reflect Type|p2a: Bron Bron
|-start|p1a: Starmie|typechange|[from] move: Reflect Type|[of] p2a: Bron Bron
|move|p2a: Bron Bron|Earthquake|p1a: Starmie
|-immune|p1a: Starmie|[msg]
|
|-weather|Sandstorm|[upkeep]
|-heal|p1a: Starmie|205/323|[from] item: Leftovers
|turn|43
|
|move|p1a: Starmie|Scald|p2a: Bron Bron
|-supereffective|p2a: Bron Bron
|-damage|p2a: Bron Bron|0 fnt
|faint|p2a: Bron Bron
|
|-weather|Sandstorm|[upkeep]
|-heal|p1a: Starmie|225/323|[from] item: Leftovers
|
|switch|p2a: D.Wade|Terrakion|163/323
|-damage|p2a: D.Wade|143/323|[from] Stealth Rock
|turn|44
|
|move|p2a: D.Wade|Stone Edge|p1a: Starmie
|-crit|p1a: Starmie
|-damage|p1a: Starmie|0 fnt
|faint|p1a: Starmie
|
|win|99 Red drifloon
|raw|Ladder updating...
|c|★99 Red drifloon|gg
|raw|bluri's rating: 1366 &rarr; <strong>1346</strong><br />(-20 for losing)
|raw|99 Red drifloon's rating: 1375 &rarr; <strong>1394</strong><br />(+19 for winning)
|c|★bluri|gg