|j|☆mudkipslaps
|j|☆Jellium
|t:|1714866144
|gametype|singles
|player|p1|mudkipslaps|caitlin|1380
|player|p2|Jellium|scientist-gen4|1335
|teamsize|p1|6
|teamsize|p2|6
|gen|5
|tier|[Gen 5] OU
|rated|
|rule|Species Clause: Limit one of each Pokémon
|rule|OHKO Clause: OHKO moves are banned
|rule|Moody Clause: Moody is banned
|rule|Evasion Items Clause: Evasion items are banned
|rule|Evasion Moves Clause: Evasion moves are banned
|rule|Endless Battle Clause: Forcing endless battles is banned
|rule|HP Percentage Mod: HP is shown in percentages
|rule|Evasion Abilities Clause: Evasion abilities are banned
|rule|Sleep Moves Clause: Sleep-inducing moves are banned
|rule|Swagger Clause: Swagger is banned
|rule|Baton Pass Stat Clause: No Baton Passer may have a way to boost its stats
|clearpoke
|poke|p1|Tyranitar, M|item
|poke|p1|Landorus-Therian, M|item
|poke|p1|Excadrill, F|item
|poke|p1|Garchomp, M|item
|poke|p1|Celebi|item
|poke|p1|Rotom-Wash|item
|poke|p2|Tyranitar, M|item
|poke|p2|Landorus-Therian, M|item
|poke|p2|Excadrill, M|item
|poke|p2|Latias, F|item
|poke|p2|Clefable, F|item
|poke|p2|Slowbro, M|item
|teampreview
|inactive|Battle timer is ON: inactive players will automatically lose when time's up. (requested by mudkipslaps)
|
|t:|1714866167
|start
|switch|p1a: Glorp|Rotom-Wash|100/100
|switch|p2a: Landorus|Landorus-Therian, M|100/100
|-ability|p2a: Landorus|Intimidate|boost
|-unboost|p1a: Glorp|atk|1
|turn|1
|
|t:|1714866172
|move|p2a: Landorus|U-turn|p1a: Glorp
|-damage|p1a: Glorp|64/100
|
|t:|1714866179
|switch|p2a: Clefable|Clefable, F|100/100|[from] U-turn
|move|p1a: Glorp|Hydro Pump|p2a: Clefable
|-damage|p2a: Clefable|71/100
|
|-heal|p1a: Glorp|70/100|[from] item: Leftovers
|-heal|p2a: Clefable|77/100|[from] item: Leftovers
|upkeep
|turn|2
|
|t:|1714866185
|move|p1a: Glorp|Volt Switch|p2a: Clefable
|-damage|p2a: Clefable|60/100
|
|t:|1714866190
|switch|p1a: Scrimblo|Tyranitar, M|100/100|[from] Volt Switch
|-weather|Sandstorm|[from] ability: Sand Stream|[of] p1a: Scrimblo
|move|p2a: Clefable|Stealth Rock|p1a: Scrimblo
|-sidestart|p1: mudkipslaps|move: Stealth Rock
|
|-weather|Sandstorm|[upkeep]
|-heal|p2a: Clefable|66/100|[from] item: Leftovers
|upkeep
|turn|3
|
|t:|1714866199
|switch|p2a: Landorus|Landorus-Therian, M|100/100
|-ability|p2a: Landorus|Intimidate|boost
|-unboost|p1a: Scrimblo|atk|1
|move|p1a: Scrimblo|Crunch|p2a: Landorus
|-damage|p2a: Landorus|65/100
|-unboost|p2a: Landorus|def|1
|
|-weather|Sandstorm|[upkeep]
|upkeep
|turn|4
|
|t:|1714866216
|switch|p1a: Theodore|Landorus-Therian, M|100/100
|-damage|p1a: Theodore|88/100|[from] Stealth Rock
|-ability|p1a: Theodore|Intimidate|boost
|-unboost|p2a: Landorus|atk|1
|move|p2a: Landorus|U-turn|p1a: Theodore
|-resisted|p1a: Theodore
|-damage|p1a: Theodore|70/100
|inactive|Jellium has 120 seconds left.
|
|t:|1714866250
|switch|p2a: Tyranitar|Tyranitar, M|100/100|[from] U-turn
|
|-weather|Sandstorm|[upkeep]
|-heal|p1a: Theodore|76/100|[from] item: Leftovers
|upkeep
|turn|5
|
|t:|1714866268
|switch|p1a: Gibby|Excadrill, F|100/100
|-damage|p1a: Gibby|98/100|[from] Stealth Rock
|move|p2a: Tyranitar|Ice Beam|p1a: Gibby
|-damage|p1a: Gibby|79/100
|
|-weather|Sandstorm|[upkeep]
|-heal|p1a: Gibby|85/100|[from] item: Leftovers
|upkeep
|turn|6
|
|t:|1714866277
|switch|p2a: Slowbro|Slowbro, M|100/100
|move|p1a: Gibby|Earthquake|p2a: Slowbro
|-damage|p2a: Slowbro|64/100
|
|-weather|Sandstorm|[upkeep]
|-damage|p2a: Slowbro|58/100|[from] Sandstorm
|-heal|p1a: Gibby|91/100|[from] item: Leftovers
|-heal|p2a: Slowbro|64/100|[from] item: Leftovers
|upkeep
|turn|7
|
|t:|1714866288
|move|p1a: Gibby|Rapid Spin|p2a: Slowbro
|-damage|p2a: Slowbro|60/100
|-sideend|p1: mudkipslaps|Stealth Rock|[from] move: Rapid Spin|[of] p1a: Gibby
|move|p2a: Slowbro|Scald|p1a: Gibby
|-supereffective|p1a: Gibby
|-damage|p1a: Gibby|39/100
|
|-weather|Sandstorm|[upkeep]
|-damage|p2a: Slowbro|54/100|[from] Sandstorm
|-heal|p1a: Gibby|45/100|[from] item: Leftovers
|-heal|p2a: Slowbro|60/100|[from] item: Leftovers
|upkeep
|turn|8
|
|t:|1714866292
|switch|p1a: Bibi|Celebi|100/100
|move|p2a: Slowbro|Ice Beam|p1a: Bibi
|-supereffective|p1a: Bibi
|-damage|p1a: Bibi|76/100
|
|-weather|Sandstorm|[upkeep]
|-damage|p1a: Bibi|70/100|[from] Sandstorm
|-damage|p2a: Slowbro|54/100|[from] Sandstorm
|-heal|p1a: Bibi|76/100|[from] item: Leftovers
|-heal|p2a: Slowbro|60/100|[from] item: Leftovers
|upkeep
|turn|9
|
|t:|1714866297
|switch|p2a: Clefable|Clefable, F|66/100
|move|p1a: Bibi|Thunder Wave|p2a: Clefable
|-status|p2a: Clefable|par
|
|-weather|Sandstorm|[upkeep]
|-damage|p1a: Bibi|70/100|[from] Sandstorm
|-heal|p1a: Bibi|76/100|[from] item: Leftovers
|-heal|p2a: Clefable|72/100 par|[from] item: Leftovers
|upkeep
|turn|10
|
|t:|1714866301
|move|p1a: Bibi|Baton Pass|p1a: Bibi
|
|t:|1714866303
|switch|p1a: Scrimblo|Tyranitar, M|100/100|[from] Baton Pass
|move|p2a: Clefable|Stealth Rock|p1a: Scrimblo
|-sidestart|p1: mudkipslaps|move: Stealth Rock
|
|-weather|Sandstorm|[upkeep]
|-heal|p2a: Clefable|78/100 par|[from] item: Leftovers
|upkeep
|turn|11
|
|t:|1714866310
|move|p1a: Scrimblo|Crunch|p2a: Clefable
|-damage|p2a: Clefable|32/100 par
|move|p2a: Clefable|Thunder Wave|p1a: Scrimblo
|-status|p1a: Scrimblo|par
|
|-weather|Sandstorm|[upkeep]
|-heal|p2a: Clefable|38/100 par|[from] item: Leftovers
|upkeep
|turn|12
|
|t:|1714866317
|switch|p2a: Excadrill|Excadrill, M|100/100
|move|p1a: Scrimblo|Stealth Rock|p2a: Excadrill
|-sidestart|p2: Jellium|move: Stealth Rock
|
|-weather|Sandstorm|[upkeep]
|upkeep
|turn|13
|
|t:|1714866323
|move|p2a: Excadrill|Rapid Spin|p1a: Scrimblo
|-resisted|p1a: Scrimblo
|-damage|p1a: Scrimblo|97/100 par
|-sideend|p2: Jellium|Stealth Rock|[from] move: Rapid Spin|[of] p2a: Excadrill
|cant|p1a: Scrimblo|par
|
|-weather|Sandstorm|[upkeep]
|upkeep
|turn|14
|
|t:|1714866327
|switch|p1a: Theodore|Landorus-Therian, M|76/100
|-damage|p1a: Theodore|64/100|[from] Stealth Rock
|-ability|p1a: Theodore|Intimidate|boost
|-unboost|p2a: Excadrill|atk|1
|move|p2a: Excadrill|Earthquake|p1a: Theodore
|-immune|p1a: Theodore
|
|-weather|Sandstorm|[upkeep]
|-heal|p1a: Theodore|70/100|[from] item: Leftovers
|upkeep
|turn|15
|
|t:|1714866339
|switch|p2a: Slowbro|Slowbro, M|93/100
|move|p1a: Theodore|Substitute|p1a: Theodore
|-start|p1a: Theodore|Substitute
|-damage|p1a: Theodore|45/100
|
|-weather|Sandstorm|[upkeep]
|-damage|p2a: Slowbro|87/100|[from] Sandstorm
|-heal|p1a: Theodore|51/100|[from] item: Leftovers
|-heal|p2a: Slowbro|93/100|[from] item: Leftovers
|upkeep
|turn|16
|
|t:|1714866344
|move|p1a: Theodore|Earthquake|p2a: Slowbro
|-damage|p2a: Slowbro|58/100
|move|p2a: Slowbro|Ice Beam|p1a: Theodore
|-supereffective|p1a: Theodore
|-end|p1a: Theodore|Substitute
|
|-weather|Sandstorm|[upkeep]
|-damage|p2a: Slowbro|52/100|[from] Sandstorm
|-heal|p1a: Theodore|57/100|[from] item: Leftovers
|-heal|p2a: Slowbro|58/100|[from] item: Leftovers
|upkeep
|turn|17
|
|t:|1714866349
|switch|p1a: Glorp|Rotom-Wash|70/100
|-damage|p1a: Glorp|57/100|[from] Stealth Rock
|move|p2a: Slowbro|Scald|p1a: Glorp
|-resisted|p1a: Glorp
|-damage|p1a: Glorp|43/100
|
|-weather|Sandstorm|[upkeep]
|-damage|p1a: Glorp|37/100|[from] Sandstorm
|-damage|p2a: Slowbro|52/100|[from] Sandstorm
|-heal|p1a: Glorp|43/100|[from] item: Leftovers
|-heal|p2a: Slowbro|58/100|[from] item: Leftovers
|upkeep
|turn|18
|
|t:|1714866354
|switch|p2a: Latias|Latias, F|100/100
|move|p1a: Glorp|Volt Switch|p2a: Latias
|-resisted|p2a: Latias
|-damage|p2a: Latias|91/100
|
|t:|1714866358
|switch|p1a: Scrimblo|Tyranitar, M|97/100 par|[from] Volt Switch
|-damage|p1a: Scrimblo|85/100 par|[from] Stealth Rock
|
|-weather|Sandstorm|[upkeep]
|-damage|p2a: Latias|85/100|[from] Sandstorm
|-heal|p2a: Latias|91/100|[from] item: Leftovers
|upkeep
|turn|19
|
|t:|1714866374
|switch|p2a: Landorus|Landorus-Therian, M|65/100
|-ability|p2a: Landorus|Intimidate|boost
|-unboost|p1a: Scrimblo|atk|1
|move|p1a: Scrimblo|Crunch|p2a: Landorus
|-damage|p2a: Landorus|33/100
|
|-weather|Sandstorm|[upkeep]
|upkeep
|turn|20
|
|t:|1714866379
|move|p2a: Landorus|U-turn|p1a: Scrimblo
|-supereffective|p1a: Scrimblo
|-damage|p1a: Scrimblo|20/100 par
|
|t:|1714866393
|switch|p2a: Excadrill|Excadrill, M|100/100|[from] U-turn
|move|p1a: Scrimblo|Crunch|p2a: Excadrill
|-resisted|p2a: Excadrill
|-damage|p2a: Excadrill|82/100
|
|-weather|Sandstorm|[upkeep]
|-heal|p2a: Excadrill|88/100|[from] item: Leftovers
|upkeep
|turn|21
|
|t:|1714866398
|switch|p1a: Theodore|Landorus-Therian, M|57/100
|-damage|p1a: Theodore|45/100|[from] Stealth Rock
|-ability|p1a: Theodore|Intimidate|boost
|-unboost|p2a: Excadrill|atk|1
|move|p2a: Excadrill|Iron Head|p1a: Theodore
|-damage|p1a: Theodore|0 fnt
|faint|p1a: Theodore
|
|-weather|Sandstorm|[upkeep]
|-heal|p2a: Excadrill|94/100|[from] item: Leftovers
|upkeep
|
|t:|1714866402
|switch|p1a: Mom|Garchomp, M|100/100
|-damage|p1a: Mom|94/100|[from] Stealth Rock
|turn|22
|
|t:|1714866421
|move|p1a: Mom|Earthquake|p2a: Excadrill
|-supereffective|p2a: Excadrill
|-damage|p2a: Excadrill|0 fnt
|faint|p2a: Excadrill
|
|-weather|Sandstorm|[upkeep]
|upkeep
|
|t:|1714866439
|switch|p2a: Slowbro|Slowbro, M|91/100
|turn|23
|inactive|mudkipslaps has 120 seconds left.
|
|t:|1714866480
|switch|p1a: Gibby|Excadrill, F|45/100
|-damage|p1a: Gibby|43/100|[from] Stealth Rock
|move|p2a: Slowbro|Scald|p1a: Gibby
|-supereffective|p1a: Gibby
|-damage|p1a: Gibby|0 fnt
|faint|p1a: Gibby
|
|-weather|Sandstorm|[upkeep]
|-damage|p2a: Slowbro|85/100|[from] Sandstorm
|-heal|p2a: Slowbro|91/100|[from] item: Leftovers
|upkeep
|-message|mudkipslaps forfeited.
|
|win|Jellium
|raw|mudkipslaps's rating: 1380 &rarr; <strong>1357</strong><br />(-23 for losing)
|raw|Jellium's rating: 1335 &rarr; <strong>1358</strong><br />(+23 for winning)
|l|☆mudkipslaps
|player|p1|
