|j|☆RawrMX
|j|☆Soul Calibur XXX
|player|p1|RawrMX|1
|player|p2|Soul Calibur XXX|265
|teamsize|p1|6
|teamsize|p2|6
|gametype|singles
|gen|5
|tier|[Gen 5] OU
|rated|
|rule|Sleep Clause Mod: Limit one foe put to sleep
|rule|Species Clause: Limit one of each Pokémon
|rule|OHKO Clause: OHKO moves are banned
|rule|Moody Clause: Moody is banned
|rule|Evasion Moves Clause: Evasion moves are banned
|rule|Endless Battle Clause: Forcing endless battles is banned
|rule|HP Percentage Mod: HP is shown in percentages
|rule|Evasion Abilities Clause: Evasion abilities are banned
|rule|Baton Pass Clause: Limit one Baton Passer, can't pass Spe and other stats simultaneously
|rule|Swagger Clause: Swagger is banned
|clearpoke
|poke|p1|Ninetales, F|item
|poke|p1|Chansey, F|item
|poke|p1|Skarmory, M|item
|poke|p1|Hitmontop, M|item
|poke|p1|Sableye, F|item
|poke|p1|Cresselia, F|item
|poke|p2|Forretress, F|item
|poke|p2|Tangrowth, M|item
|poke|p2|Gastrodon, M|item
|poke|p2|Blissey, F|item
|poke|p2|Tyranitar, M|item
|poke|p2|Gliscor, M|item
|teampreview
|
|start
|switch|p1a: Umbra|Sableye, F|100/100
|switch|p2a: Tyranitar|Tyranitar, M|100/100
|-weather|Sandstorm|[from] ability: Sand Stream|[of] p2a: Tyranitar
|turn|1
|
|switch|p2a: Forretress|Forretress, F|100/100
|move|p1a: Umbra|Taunt|p2a: Forretress
|-start|p2a: Forretress|move: Taunt
|
|-weather|Sandstorm|[upkeep]
|-damage|p1a: Umbra|94/100|[from] Sandstorm
|-heal|p1a: Umbra|100/100|[from] item: Leftovers
|upkeep
|turn|2
|
|switch|p2a: Blissey|Blissey, F|100/100
|move|p1a: Umbra|Will-O-Wisp|p2a: Blissey
|-status|p2a: Blissey|brn
|
|-weather|Sandstorm|[upkeep]
|-damage|p2a: Blissey|94/100 brn|[from] Sandstorm
|-damage|p1a: Umbra|94/100|[from] Sandstorm
|-heal|p2a: Blissey|100/100 brn|[from] item: Leftovers
|-heal|p1a: Umbra|100/100|[from] item: Leftovers
|-damage|p2a: Blissey|88/100 brn|[from] brn
|upkeep
|turn|3
|
|switch|p2a: Gliscor|Gliscor, M|100/100
|move|p1a: Umbra|Taunt|p2a: Gliscor
|-start|p2a: Gliscor|move: Taunt
|
|-weather|Sandstorm|[upkeep]
|-damage|p1a: Umbra|94/100|[from] Sandstorm
|-heal|p1a: Umbra|100/100|[from] item: Leftovers
|-status|p2a: Gliscor|tox|[from] item: Toxic Orb
|upkeep
|turn|4
|
|switch|p1a: Joy|Chansey, F|100/100
|move|p2a: Gliscor|Earthquake|p1a: Joy
|-damage|p1a: Joy|79/100
|
|-weather|Sandstorm|[upkeep]
|-damage|p1a: Joy|73/100|[from] Sandstorm
|upkeep
|turn|5
|
|switch|p2a: Forretress|Forretress, F|100/100
|move|p1a: Joy|Stealth Rock|p2a: Forretress
|-sidestart|p2: Soul Calibur XXX|move: Stealth Rock
|
|-weather|Sandstorm|[upkeep]
|-damage|p1a: Joy|67/100|[from] Sandstorm
|upkeep
|turn|6
|
|switch|p1a: Umbra|Sableye, F|100/100
|move|p2a: Forretress|Spikes|p1a: Umbra
|-sidestart|p1: RawrMX|Spikes
|
|-weather|Sandstorm|[upkeep]
|-damage|p1a: Umbra|94/100|[from] Sandstorm
|-heal|p1a: Umbra|100/100|[from] item: Leftovers
|upkeep
|turn|7
|
|switch|p2a: Gliscor|Gliscor, M|100/100 tox
|-damage|p2a: Gliscor|88/100 tox|[from] Stealth Rock
|move|p1a: Umbra|Taunt|p2a: Gliscor
|-start|p2a: Gliscor|move: Taunt
|
|-weather|Sandstorm|[upkeep]
|-damage|p1a: Umbra|94/100|[from] Sandstorm
|-heal|p1a: Umbra|100/100|[from] item: Leftovers
|-heal|p2a: Gliscor|100/100 tox|[from] ability: Poison Heal
|upkeep
|turn|8
|
|switch|p1a: Helmaroc|Skarmory, M|100/100
|move|p2a: Gliscor|Earthquake|p1a: Helmaroc
|-immune|p1a: Helmaroc|[msg]
|
|-weather|Sandstorm|[upkeep]
|upkeep
|turn|9
|
|switch|p2a: Forretress|Forretress, F|100/100
|-damage|p2a: Forretress|88/100|[from] Stealth Rock
|move|p1a: Helmaroc|Spikes|p2a: Forretress
|-sidestart|p2: Soul Calibur XXX|Spikes
|
|-weather|Sandstorm|[upkeep]
|-heal|p2a: Forretress|94/100|[from] item: Leftovers
|upkeep
|turn|10
|
|switch|p1a: Umbra|Sableye, F|100/100
|-damage|p1a: Umbra|88/100|[from] Spikes
|move|p2a: Forretress|Spikes|p1a: Umbra
|-sidestart|p1: RawrMX|Spikes
|
|-weather|Sandstorm|[upkeep]
|-damage|p1a: Umbra|82/100|[from] Sandstorm
|-heal|p1a: Umbra|88/100|[from] item: Leftovers
|-heal|p2a: Forretress|100/100|[from] item: Leftovers
|upkeep
|turn|11
|
|switch|p2a: Gliscor|Gliscor, M|100/100 tox
|-damage|p2a: Gliscor|88/100 tox|[from] Stealth Rock
|move|p1a: Umbra|Taunt|p2a: Gliscor
|-start|p2a: Gliscor|move: Taunt
|
|-weather|Sandstorm|[upkeep]
|-damage|p1a: Umbra|82/100|[from] Sandstorm
|-heal|p1a: Umbra|88/100|[from] item: Leftovers
|-heal|p2a: Gliscor|100/100 tox|[from] ability: Poison Heal
|upkeep
|turn|12
|
|switch|p2a: Forretress|Forretress, F|100/100
|-damage|p2a: Forretress|88/100|[from] Stealth Rock
|-damage|p2a: Forretress|76/100|[from] Spikes
|switch|p1a: Tripler|Hitmontop, M|100/100
|-damage|p1a: Tripler|84/100|[from] Spikes
|-ability|p1a: Tripler|Intimidate|boost
|-unboost|p2a: Forretress|atk|1
|
|-weather|Sandstorm|[upkeep]
|-damage|p1a: Tripler|78/100|[from] Sandstorm
|-heal|p1a: Tripler|84/100|[from] item: Leftovers
|-heal|p2a: Forretress|82/100|[from] item: Leftovers
|upkeep
|turn|13
|
|switch|p1a: Umbra|Sableye, F|88/100
|-damage|p1a: Umbra|72/100|[from] Spikes
|move|p2a: Forretress|Rapid Spin|p1a: Umbra
|-immune|p1a: Umbra|[msg]
|
|-weather|Sandstorm|[upkeep]
|-damage|p1a: Umbra|65/100|[from] Sandstorm
|-heal|p1a: Umbra|72/100|[from] item: Leftovers
|-heal|p2a: Forretress|88/100|[from] item: Leftovers
|upkeep
|turn|14
|
|switch|p2a: Gliscor|Gliscor, M|100/100 tox
|-damage|p2a: Gliscor|88/100 tox|[from] Stealth Rock
|move|p1a: Umbra|Taunt|p2a: Gliscor
|-start|p2a: Gliscor|move: Taunt
|
|-weather|Sandstorm|[upkeep]
|-damage|p1a: Umbra|65/100|[from] Sandstorm
|-heal|p1a: Umbra|72/100|[from] item: Leftovers
|-heal|p2a: Gliscor|100/100 tox|[from] ability: Poison Heal
|upkeep
|turn|15
|
|switch|p1a: Tripler|Hitmontop, M|84/100
|-damage|p1a: Tripler|68/100|[from] Spikes
|-ability|p1a: Tripler|Intimidate|boost
|-unboost|p2a: Gliscor|atk|1
|move|p2a: Gliscor|Earthquake|p1a: Tripler
|-damage|p1a: Tripler|49/100
|
|-weather|Sandstorm|[upkeep]
|-damage|p1a: Tripler|42/100|[from] Sandstorm
|-heal|p1a: Tripler|49/100|[from] item: Leftovers
|upkeep
|turn|16
|
|move|p2a: Gliscor|Earthquake|p1a: Tripler
|-damage|p1a: Tripler|29/100
|move|p1a: Tripler|Rapid Spin|p2a: Gliscor
|-damage|p2a: Gliscor|97/100 tox
|-sideend|p1: RawrMX|Spikes|[from] move: Rapid Spin|[of] p1a: Tripler
|
|-weather|Sandstorm|[upkeep]
|-damage|p1a: Tripler|23/100|[from] Sandstorm
|-heal|p1a: Tripler|29/100|[from] item: Leftovers
|-heal|p2a: Gliscor|100/100 tox|[from] ability: Poison Heal
|-end|p2a: Gliscor|move: Taunt
|upkeep
|turn|17
|
|switch|p1a: Helmaroc|Skarmory, M|100/100
|move|p2a: Gliscor|Toxic|p1a: Helmaroc|[miss]
|-miss|p2a: Gliscor|p1a: Helmaroc
|
|-weather|Sandstorm|[upkeep]
|upkeep
|turn|18
|
|move|p2a: Gliscor|Taunt|p1a: Helmaroc
|-start|p1a: Helmaroc|move: Taunt
|cant|p1a: Helmaroc|move: Taunt|Whirlwind
|
|-weather|Sandstorm|[upkeep]
|upkeep
|turn|19
|
|move|p2a: Gliscor|Toxic|p1a: Helmaroc
|-immune|p1a: Helmaroc|[msg]
|move|p1a: Helmaroc|Brave Bird|p2a: Gliscor
|-damage|p2a: Gliscor|76/100 tox
|-damage|p1a: Helmaroc|91/100|[from] Recoil
|
|-weather|Sandstorm|[upkeep]
|-heal|p1a: Helmaroc|98/100|[from] item: Leftovers
|-heal|p2a: Gliscor|88/100 tox|[from] ability: Poison Heal
|upkeep
|turn|20
|
|move|p2a: Gliscor|Protect|p2a: Gliscor
|-singleturn|p2a: Gliscor|Protect
|move|p1a: Helmaroc|Brave Bird|p2a: Gliscor
|-activate|p2a: Gliscor|move: Protect
|
|-weather|Sandstorm|[upkeep]
|-heal|p1a: Helmaroc|100/100|[from] item: Leftovers
|-heal|p2a: Gliscor|99/100 tox|[from] ability: Poison Heal
|-end|p1a: Helmaroc|move: Taunt
|upkeep
|turn|21
|
|switch|p1a: Moonwalker|Cresselia, F|100/100
|move|p2a: Gliscor|Taunt|p1a: Moonwalker
|-start|p1a: Moonwalker|move: Taunt
|
|-weather|Sandstorm|[upkeep]
|-damage|p1a: Moonwalker|94/100|[from] Sandstorm
|-heal|p1a: Moonwalker|100/100|[from] item: Leftovers
|-heal|p2a: Gliscor|100/100 tox|[from] ability: Poison Heal
|upkeep
|turn|22
|
|switch|p2a: Blissey|Blissey, F|88/100
|-damage|p2a: Blissey|76/100|[from] Stealth Rock
|-damage|p2a: Blissey|63/100|[from] Spikes
|move|p1a: Moonwalker|Ice Beam|p2a: Blissey
|-damage|p2a: Blissey|58/100
|-status|p2a: Blissey|frz
|
|-weather|Sandstorm|[upkeep]
|-damage|p1a: Moonwalker|94/100|[from] Sandstorm
|-damage|p2a: Blissey|52/100 frz|[from] Sandstorm
|-heal|p1a: Moonwalker|100/100|[from] item: Leftovers
|-heal|p2a: Blissey|58/100 frz|[from] item: Leftovers
|upkeep
|turn|23
|
|switch|p1a: Helmaroc|Skarmory, M|100/100
|-curestatus|p2a: Blissey|frz|[from] ability: Natural Cure
|switch|p2a: Tyranitar|Tyranitar, M|100/100
|-damage|p2a: Tyranitar|88/100|[from] Spikes
|-damage|p2a: Tyranitar|76/100|[from] Stealth Rock
|
|-weather|Sandstorm|[upkeep]
|upkeep
|turn|24
|
|move|p1a: Helmaroc|Spikes|p2a: Tyranitar
|-sidestart|p2: Soul Calibur XXX|Spikes
|move|p2a: Tyranitar|Stone Edge|p1a: Helmaroc
|-damage|p1a: Helmaroc|46/100
|
|-weather|Sandstorm|[upkeep]
|-heal|p1a: Helmaroc|52/100|[from] item: Leftovers
|upkeep
|turn|25
|
|switch|p2a: Forretress|Forretress, F|88/100
|-damage|p2a: Forretress|71/100|[from] Spikes
|-damage|p2a: Forretress|59/100|[from] Stealth Rock
|move|p1a: Helmaroc|Roost|p1a: Helmaroc
|-heal|p1a: Helmaroc|100/100
|
|-weather|Sandstorm|[upkeep]
|-heal|p2a: Forretress|65/100|[from] item: Leftovers
|upkeep
|turn|26
|
|switch|p1a: Umbra|Sableye, F|72/100
|move|p2a: Forretress|Spikes|p1a: Umbra
|-sidestart|p1: RawrMX|Spikes
|
|-weather|Sandstorm|[upkeep]
|-damage|p1a: Umbra|65/100|[from] Sandstorm
|-heal|p1a: Umbra|72/100|[from] item: Leftovers
|-heal|p2a: Forretress|71/100|[from] item: Leftovers
|upkeep
|turn|27
|
|move|p1a: Umbra|Taunt|p2a: Forretress
|-start|p2a: Forretress|move: Taunt
|cant|p2a: Forretress|move: Taunt|Spikes
|
|-weather|Sandstorm|[upkeep]
|-damage|p1a: Umbra|65/100|[from] Sandstorm
|-heal|p1a: Umbra|72/100|[from] item: Leftovers
|-heal|p2a: Forretress|78/100|[from] item: Leftovers
|upkeep
|turn|28
|
|switch|p2a: Gliscor|Gliscor, M|100/100 tox
|-damage|p2a: Gliscor|88/100 tox|[from] Stealth Rock
|move|p1a: Umbra|Night Shade|p2a: Gliscor
|-damage|p2a: Gliscor|60/100 tox
|
|-weather|Sandstorm|[upkeep]
|-damage|p1a: Umbra|65/100|[from] Sandstorm
|-heal|p1a: Umbra|72/100|[from] item: Leftovers
|-heal|p2a: Gliscor|72/100 tox|[from] ability: Poison Heal
|upkeep
|turn|29
|
|switch|p1a: Helmaroc|Skarmory, M|100/100
|move|p2a: Gliscor|Earthquake|p1a: Helmaroc
|-immune|p1a: Helmaroc|[msg]
|
|-weather|Sandstorm|[upkeep]
|-heal|p2a: Gliscor|84/100 tox|[from] ability: Poison Heal
|upkeep
|turn|30
|
|switch|p1a: Moonwalker|Cresselia, F|100/100
|move|p2a: Gliscor|Taunt|p1a: Moonwalker
|-start|p1a: Moonwalker|move: Taunt
|
|-weather|Sandstorm|[upkeep]
|-damage|p1a: Moonwalker|94/100|[from] Sandstorm
|-heal|p1a: Moonwalker|100/100|[from] item: Leftovers
|-heal|p2a: Gliscor|96/100 tox|[from] ability: Poison Heal
|upkeep
|turn|31
|
|switch|p2a: Forretress|Forretress, F|78/100
|-damage|p2a: Forretress|61/100|[from] Spikes
|-damage|p2a: Forretress|49/100|[from] Stealth Rock
|move|p1a: Moonwalker|Psyshock|p2a: Forretress
|-resisted|p2a: Forretress
|-crit|p2a: Forretress
|-damage|p2a: Forretress|31/100
|
|-weather|Sandstorm|[upkeep]
|-damage|p1a: Moonwalker|94/100|[from] Sandstorm
|-heal|p1a: Moonwalker|100/100|[from] item: Leftovers
|-heal|p2a: Forretress|38/100|[from] item: Leftovers
|upkeep
|turn|32
|
|switch|p1a: Umbra|Sableye, F|72/100
|-damage|p1a: Umbra|59/100|[from] Spikes
|move|p2a: Forretress|Spikes|p1a: Umbra
|-sidestart|p1: RawrMX|Spikes
|
|-weather|Sandstorm|[upkeep]
|-damage|p1a: Umbra|53/100|[from] Sandstorm
|-heal|p1a: Umbra|59/100|[from] item: Leftovers
|-heal|p2a: Forretress|44/100|[from] item: Leftovers
|upkeep
|turn|33
|
|switch|p2a: Gliscor|Gliscor, M|96/100 tox
|-damage|p2a: Gliscor|84/100 tox|[from] Stealth Rock
|move|p1a: Umbra|Recover|p1a: Umbra
|-heal|p1a: Umbra|100/100
|
|-weather|Sandstorm|[upkeep]
|-damage|p1a: Umbra|94/100|[from] Sandstorm
|-heal|p1a: Umbra|100/100|[from] item: Leftovers
|-heal|p2a: Gliscor|96/100 tox|[from] ability: Poison Heal
|upkeep
|turn|34
|
|move|p1a: Umbra|Taunt|p2a: Gliscor
|-start|p2a: Gliscor|move: Taunt
|cant|p2a: Gliscor|move: Taunt|Taunt
|
|-weather|Sandstorm|[upkeep]
|-damage|p1a: Umbra|94/100|[from] Sandstorm
|-heal|p1a: Umbra|100/100|[from] item: Leftovers
|-heal|p2a: Gliscor|100/100 tox|[from] ability: Poison Heal
|upkeep
|turn|35
|
|switch|p2a: Blissey|Blissey, F|58/100
|-damage|p2a: Blissey|42/100|[from] Spikes
|-damage|p2a: Blissey|29/100|[from] Stealth Rock
|switch|p1a: Helmaroc|Skarmory, M|100/100
|
|-weather|Sandstorm|[upkeep]
|-damage|p2a: Blissey|23/100|[from] Sandstorm
|-heal|p2a: Blissey|29/100|[from] item: Leftovers
|upkeep
|turn|36
|
|move|p1a: Helmaroc|Spikes|p2a: Blissey
|-sidestart|p2: Soul Calibur XXX|Spikes
|move|p2a: Blissey|Soft-Boiled|p2a: Blissey
|-heal|p2a: Blissey|79/100
|
|-weather|Sandstorm|[upkeep]
|-damage|p2a: Blissey|73/100|[from] Sandstorm
|-heal|p2a: Blissey|79/100|[from] item: Leftovers
|upkeep
|turn|37
|
|move|p2a: Blissey|Stealth Rock|p1a: Helmaroc
|-sidestart|p1: RawrMX|move: Stealth Rock
|move|p1a: Helmaroc|Whirlwind|p2a: Blissey
|drag|p2a: Gliscor|Gliscor, M|100/100 tox
|-damage|p2a: Gliscor|88/100 tox|[from] Stealth Rock
|
|-weather|Sandstorm|[upkeep]
|-heal|p2a: Gliscor|100/100 tox|[from] ability: Poison Heal
|upkeep
|turn|38
|
|switch|p1a: Moonwalker|Cresselia, F|100/100
|-damage|p1a: Moonwalker|88/100|[from] Stealth Rock
|move|p2a: Gliscor|Taunt|p1a: Moonwalker
|-start|p1a: Moonwalker|move: Taunt
|
|-weather|Sandstorm|[upkeep]
|-damage|p1a: Moonwalker|82/100|[from] Sandstorm
|-heal|p1a: Moonwalker|88/100|[from] item: Leftovers
|upkeep
|turn|39
|
|switch|p2a: Gastrodon|Gastrodon, M|100/100
|-damage|p2a: Gastrodon|76/100|[from] Spikes
|-damage|p2a: Gastrodon|70/100|[from] Stealth Rock
|move|p1a: Moonwalker|Ice Beam|p2a: Gastrodon
|-damage|p2a: Gastrodon|54/100
|-status|p2a: Gastrodon|frz
|
|-weather|Sandstorm|[upkeep]
|-damage|p1a: Moonwalker|82/100|[from] Sandstorm
|-heal|p1a: Moonwalker|88/100|[from] item: Leftovers
|-heal|p2a: Gastrodon|60/100 frz|[from] item: Leftovers
|upkeep
|turn|40
|
|switch|p1a: Joy|Chansey, F|67/100
|-damage|p1a: Joy|54/100|[from] Stealth Rock
|-damage|p1a: Joy|37/100|[from] Spikes
|-curestatus|p2a: Gastrodon|frz|[from] move: Scald
|move|p2a: Gastrodon|Scald|p1a: Joy
|-damage|p1a: Joy|29/100
|
|-weather|Sandstorm|[upkeep]
|-damage|p1a: Joy|23/100|[from] Sandstorm
|-heal|p2a: Gastrodon|66/100|[from] item: Leftovers
|upkeep
|turn|41
|
|switch|p2a: Tangrowth|Tangrowth, M|100/100
|-damage|p2a: Tangrowth|75/100|[from] Spikes
|-damage|p2a: Tangrowth|63/100|[from] Stealth Rock
|move|p1a: Joy|Soft-Boiled|p1a: Joy
|-heal|p1a: Joy|73/100
|
|-weather|Sandstorm|[upkeep]
|-damage|p2a: Tangrowth|57/100|[from] Sandstorm
|-damage|p1a: Joy|66/100|[from] Sandstorm
|-heal|p2a: Tangrowth|63/100|[from] item: Leftovers
|upkeep
|turn|42
|
|move|p1a: Joy|Soft-Boiled|p1a: Joy
|-heal|p1a: Joy|100/100
|move|p2a: Tangrowth|Sleep Powder|p1a: Joy|[miss]
|-miss|p2a: Tangrowth|p1a: Joy
|
|-weather|Sandstorm|[upkeep]
|-damage|p1a: Joy|94/100|[from] Sandstorm
|-damage|p2a: Tangrowth|57/100|[from] Sandstorm
|-heal|p2a: Tangrowth|63/100|[from] item: Leftovers
|upkeep
|turn|43
|
|move|p1a: Joy|Seismic Toss|p2a: Tangrowth
|-damage|p2a: Tangrowth|38/100
|move|p2a: Tangrowth|Sleep Powder|p1a: Joy
|-status|p1a: Joy|slp
|
|-weather|Sandstorm|[upkeep]
|-damage|p1a: Joy|88/100 slp|[from] Sandstorm
|-damage|p2a: Tangrowth|32/100|[from] Sandstorm
|-heal|p2a: Tangrowth|38/100|[from] item: Leftovers
|upkeep
|turn|44
|
|switch|p2a: Tyranitar|Tyranitar, M|76/100
|-damage|p2a: Tyranitar|51/100|[from] Spikes
|-damage|p2a: Tyranitar|38/100|[from] Stealth Rock
|switch|p1a: Taiga|Ninetales, F|100/100
|-damage|p1a: Taiga|76/100|[from] Stealth Rock
|-damage|p1a: Taiga|59/100|[from] Spikes
|-weather|SunnyDay|[from] ability: Drought|[of] p1a: Taiga
|
|-weather|SunnyDay|[upkeep]
|-heal|p1a: Taiga|65/100|[from] item: Leftovers
|upkeep
|turn|45
|
|-activate|p1a: Taiga|move: Pursuit
|move|p2a: Tyranitar|Pursuit|p1a: Taiga|[from]Pursuit
|-damage|p1a: Taiga|0 fnt
|faint|p1a: Taiga
|
|-weather|SunnyDay|[upkeep]
|upkeep
|
|switch|p1a: Tripler|Hitmontop, M|29/100
|-damage|p1a: Tripler|23/100|[from] Stealth Rock
|-damage|p1a: Tripler|7/100|[from] Spikes
|-ability|p1a: Tripler|Intimidate|boost
|-unboost|p2a: Tyranitar|atk|1
|turn|46
|
|move|p2a: Tyranitar|Pursuit|p1a: Tripler
|-resisted|p1a: Tripler
|-damage|p1a: Tripler|0 fnt
|faint|p1a: Tripler
|
|-weather|SunnyDay|[upkeep]
|upkeep
|
|switch|p1a: Helmaroc|Skarmory, M|100/100
|-damage|p1a: Helmaroc|88/100|[from] Stealth Rock
|turn|47
|
|move|p1a: Helmaroc|Roost|p1a: Helmaroc
|-heal|p1a: Helmaroc|100/100
|move|p2a: Tyranitar|Pursuit|p1a: Helmaroc
|-resisted|p1a: Helmaroc
|-damage|p1a: Helmaroc|94/100
|
|-weather|SunnyDay|[upkeep]
|-heal|p1a: Helmaroc|99/100|[from] item: Leftovers
|upkeep
|turn|48
|
|move|p2a: Tyranitar|Pursuit|p1a: Helmaroc
|-resisted|p1a: Helmaroc
|-damage|p1a: Helmaroc|93/100
|move|p1a: Helmaroc|Whirlwind|p2a: Tyranitar
|drag|p2a: Gliscor|Gliscor, M|100/100 tox
|-damage|p2a: Gliscor|88/100 tox|[from] Stealth Rock
|
|-weather|SunnyDay|[upkeep]
|-heal|p1a: Helmaroc|99/100|[from] item: Leftovers
|-heal|p2a: Gliscor|100/100 tox|[from] ability: Poison Heal
|upkeep
|turn|49
|
|move|p2a: Gliscor|Toxic|p1a: Helmaroc
|-immune|p1a: Helmaroc|[msg]
|move|p1a: Helmaroc|Brave Bird|p2a: Gliscor
|-damage|p2a: Gliscor|73/100 tox
|-damage|p1a: Helmaroc|89/100|[from] Recoil
|
|-weather|SunnyDay|[upkeep]
|-heal|p1a: Helmaroc|95/100|[from] item: Leftovers
|-heal|p2a: Gliscor|85/100 tox|[from] ability: Poison Heal
|upkeep
|turn|50
|
|move|p2a: Gliscor|Toxic|p1a: Helmaroc
|-immune|p1a: Helmaroc|[msg]
|move|p1a: Helmaroc|Whirlwind|p2a: Gliscor
|drag|p2a: Blissey|Blissey, F|79/100
|-damage|p2a: Blissey|67/100|[from] Stealth Rock
|-damage|p2a: Blissey|42/100|[from] Spikes
|
|-weather|SunnyDay|[upkeep]
|-heal|p1a: Helmaroc|100/100|[from] item: Leftovers
|-heal|p2a: Blissey|48/100|[from] item: Leftovers
|upkeep
|turn|51
|j| LuckyRyu
|
|move|p2a: Blissey|Soft-Boiled|p2a: Blissey
|-heal|p2a: Blissey|98/100
|move|p1a: Helmaroc|Whirlwind|p2a: Blissey
|drag|p2a: Tyranitar|Tyranitar, M|38/100
|-damage|p2a: Tyranitar|26/100|[from] Stealth Rock
|-damage|p2a: Tyranitar|1/100|[from] Spikes
|-weather|Sandstorm|[from] ability: Sand Stream|[of] p2a: Tyranitar
|
|-weather|Sandstorm|[upkeep]
|upkeep
|turn|52
|
|move|p1a: Helmaroc|Roost|p1a: Helmaroc
|-fail|p1a: Helmaroc
|move|p2a: Tyranitar|Stone Edge|p1a: Helmaroc
|-damage|p1a: Helmaroc|47/100
|
|-weather|Sandstorm|[upkeep]
|-heal|p1a: Helmaroc|53/100|[from] item: Leftovers
|upkeep
|turn|53
|
|move|p1a: Helmaroc|Roost|p1a: Helmaroc
|-heal|p1a: Helmaroc|100/100
|move|p2a: Tyranitar|Stone Edge|p1a: Helmaroc
|-resisted|p1a: Helmaroc
|-damage|p1a: Helmaroc|74/100
|
|-weather|Sandstorm|[upkeep]
|-heal|p1a: Helmaroc|80/100|[from] item: Leftovers
|upkeep
|turn|54
|
|move|p1a: Helmaroc|Roost|p1a: Helmaroc
|-heal|p1a: Helmaroc|100/100
|move|p2a: Tyranitar|Stone Edge|p1a: Helmaroc|[miss]
|-miss|p2a: Tyranitar|p1a: Helmaroc
|
|-weather|Sandstorm|[upkeep]
|upkeep
|turn|55
|
|move|p1a: Helmaroc|Brave Bird|p2a: Tyranitar
|-resisted|p2a: Tyranitar
|-damage|p2a: Tyranitar|0 fnt
|-damage|p1a: Helmaroc|99/100|[from] Recoil
|faint|p2a: Tyranitar
|
|-weather|Sandstorm|[upkeep]
|-heal|p1a: Helmaroc|100/100|[from] item: Leftovers
|upkeep
|
|switch|p2a: Forretress|Forretress, F|44/100
|-damage|p2a: Forretress|31/100|[from] Stealth Rock
|-damage|p2a: Forretress|6/100|[from] Spikes
|turn|56
|
|move|p1a: Helmaroc|Brave Bird|p2a: Forretress
|-damage|p2a: Forretress|0 fnt
|-damage|p1a: Helmaroc|98/100|[from] Recoil
|faint|p2a: Forretress
|
|-weather|Sandstorm|[upkeep]
|-heal|p1a: Helmaroc|100/100|[from] item: Leftovers
|upkeep
|
|switch|p2a: Gliscor|Gliscor, M|85/100 tox
|-damage|p2a: Gliscor|73/100 tox|[from] Stealth Rock
|turn|57
|
|move|p2a: Gliscor|Taunt|p1a: Helmaroc
|-start|p1a: Helmaroc|move: Taunt
|cant|p1a: Helmaroc|move: Taunt|Whirlwind
|
|-weather|Sandstorm|[upkeep]
|-heal|p2a: Gliscor|85/100 tox|[from] ability: Poison Heal
|upkeep
|turn|58
|
|move|p2a: Gliscor|Toxic|p1a: Helmaroc
|-immune|p1a: Helmaroc|[msg]
|move|p1a: Helmaroc|Brave Bird|p2a: Gliscor
|-damage|p2a: Gliscor|58/100 tox
|-damage|p1a: Helmaroc|91/100|[from] Recoil
|
|-weather|Sandstorm|[upkeep]
|-heal|p1a: Helmaroc|97/100|[from] item: Leftovers
|-heal|p2a: Gliscor|71/100 tox|[from] ability: Poison Heal
|upkeep
|turn|59
|
|move|p2a: Gliscor|Protect|p2a: Gliscor
|-singleturn|p2a: Gliscor|Protect
|move|p1a: Helmaroc|Brave Bird|p2a: Gliscor
|-activate|p2a: Gliscor|move: Protect
|
|-weather|Sandstorm|[upkeep]
|-heal|p1a: Helmaroc|100/100|[from] item: Leftovers
|-heal|p2a: Gliscor|83/100 tox|[from] ability: Poison Heal
|-end|p1a: Helmaroc|move: Taunt
|upkeep
|turn|60
|
|move|p2a: Gliscor|Toxic|p1a: Helmaroc
|-immune|p1a: Helmaroc|[msg]
|move|p1a: Helmaroc|Whirlwind|p2a: Gliscor
|drag|p2a: Tangrowth|Tangrowth, M|72/100
|-damage|p2a: Tangrowth|47/100|[from] Spikes
|-damage|p2a: Tangrowth|34/100|[from] Stealth Rock
|
|-weather|Sandstorm|[upkeep]
|-damage|p2a: Tangrowth|28/100|[from] Sandstorm
|-heal|p2a: Tangrowth|34/100|[from] item: Leftovers
|upkeep
|turn|61
|
|move|p2a: Tangrowth|Protect|p2a: Tangrowth
|-singleturn|p2a: Tangrowth|Protect
|move|p1a: Helmaroc|Brave Bird|p2a: Tangrowth
|-activate|p2a: Tangrowth|move: Protect
|
|-weather|Sandstorm|[upkeep]
|-damage|p2a: Tangrowth|28/100|[from] Sandstorm
|-heal|p2a: Tangrowth|34/100|[from] item: Leftovers
|upkeep
|turn|62
|
|switch|p2a: Gliscor|Gliscor, M|83/100 tox
|-damage|p2a: Gliscor|71/100 tox|[from] Stealth Rock
|move|p1a: Helmaroc|Brave Bird|p2a: Gliscor
|-damage|p2a: Gliscor|43/100 tox
|-damage|p1a: Helmaroc|90/100|[from] Recoil
|
|-weather|Sandstorm|[upkeep]
|-heal|p1a: Helmaroc|97/100|[from] item: Leftovers
|-heal|p2a: Gliscor|55/100 tox|[from] ability: Poison Heal
|upkeep
|turn|63
|
|move|p2a: Gliscor|Protect|p2a: Gliscor
|-singleturn|p2a: Gliscor|Protect
|move|p1a: Helmaroc|Whirlwind|p2a: Gliscor
|-activate|p2a: Gliscor|move: Protect
|
|-weather|Sandstorm|[upkeep]
|-heal|p1a: Helmaroc|100/100|[from] item: Leftovers
|-heal|p2a: Gliscor|68/100 tox|[from] ability: Poison Heal
|upkeep
|turn|64
|
|move|p2a: Gliscor|Taunt|p1a: Helmaroc
|-start|p1a: Helmaroc|move: Taunt
|move|p1a: Helmaroc|Brave Bird|p2a: Gliscor
|-damage|p2a: Gliscor|40/100 tox
|-damage|p1a: Helmaroc|90/100|[from] Recoil
|
|-weather|Sandstorm|[upkeep]
|-heal|p1a: Helmaroc|97/100|[from] item: Leftovers
|-heal|p2a: Gliscor|52/100 tox|[from] ability: Poison Heal
|upkeep
|turn|65
|
|switch|p1a: Moonwalker|Cresselia, F|88/100
|-damage|p1a: Moonwalker|76/100|[from] Stealth Rock
|move|p2a: Gliscor|Toxic|p1a: Moonwalker
|-status|p1a: Moonwalker|tox
|
|-weather|Sandstorm|[upkeep]
|-damage|p1a: Moonwalker|70/100 tox|[from] Sandstorm
|-heal|p1a: Moonwalker|76/100 tox|[from] item: Leftovers
|-heal|p2a: Gliscor|65/100 tox|[from] ability: Poison Heal
|-damage|p1a: Moonwalker|70/100 tox|[from] psn
|upkeep
|turn|66
|j| Lord Thorx
|
|move|p2a: Gliscor|Protect|p2a: Gliscor
|-singleturn|p2a: Gliscor|Protect
|move|p1a: Moonwalker|Ice Beam|p2a: Gliscor
|-activate|p2a: Gliscor|move: Protect
|
|-weather|Sandstorm|[upkeep]
|-damage|p1a: Moonwalker|64/100 tox|[from] Sandstorm
|-heal|p1a: Moonwalker|70/100 tox|[from] item: Leftovers
|-heal|p2a: Gliscor|77/100 tox|[from] ability: Poison Heal
|-damage|p1a: Moonwalker|57/100 tox|[from] psn
|upkeep
|turn|67
|
|switch|p2a: Gastrodon|Gastrodon, M|66/100
|-damage|p2a: Gastrodon|41/100|[from] Spikes
|-damage|p2a: Gastrodon|35/100|[from] Stealth Rock
|move|p1a: Moonwalker|Ice Beam|p2a: Gastrodon
|-damage|p2a: Gastrodon|20/100
|
|-weather|Sandstorm|[upkeep]
|-damage|p1a: Moonwalker|51/100 tox|[from] Sandstorm
|-heal|p1a: Moonwalker|57/100 tox|[from] item: Leftovers
|-heal|p2a: Gastrodon|26/100|[from] item: Leftovers
|-damage|p1a: Moonwalker|39/100 tox|[from] psn
|upkeep
|turn|68
|
|switch|p1a: Joy|Chansey, F|88/100
|-damage|p1a: Joy|75/100|[from] Stealth Rock
|-damage|p1a: Joy|59/100|[from] Spikes
|move|p2a: Gastrodon|Recover|p2a: Gastrodon
|-heal|p2a: Gastrodon|76/100
|
|-weather|Sandstorm|[upkeep]
|-damage|p1a: Joy|53/100|[from] Sandstorm
|-heal|p2a: Gastrodon|82/100|[from] item: Leftovers
|upkeep
|turn|69
|
|switch|p2a: Gliscor|Gliscor, M|77/100 tox
|-damage|p2a: Gliscor|65/100 tox|[from] Stealth Rock
|move|p1a: Joy|Heal Bell|p1a: Joy
|-activate|p1a: Joy|move: Heal Bell
|-curestatus|p1: Moonwalker|tox|[msg]
|
|-weather|Sandstorm|[upkeep]
|-damage|p1a: Joy|46/100|[from] Sandstorm
|-heal|p2a: Gliscor|77/100 tox|[from] ability: Poison Heal
|upkeep
|turn|70
|
|move|p2a: Gliscor|Toxic|p1a: Joy
|-status|p1a: Joy|tox
|move|p1a: Joy|Seismic Toss|p2a: Gliscor
|-damage|p2a: Gliscor|48/100 tox
|
|-weather|Sandstorm|[upkeep]
|-damage|p1a: Joy|40/100 tox|[from] Sandstorm
|-heal|p2a: Gliscor|61/100 tox|[from] ability: Poison Heal
|-damage|p1a: Joy|34/100 tox|[from] psn
|upkeep
|turn|71
|
|-curestatus|p1a: Joy|tox|[from] ability: Natural Cure
|switch|p1a: Helmaroc|Skarmory, M|97/100
|-damage|p1a: Helmaroc|84/100|[from] Stealth Rock
|move|p2a: Gliscor|Taunt|p1a: Helmaroc
|-start|p1a: Helmaroc|move: Taunt
|
|-weather|Sandstorm|[upkeep]
|-heal|p1a: Helmaroc|90/100|[from] item: Leftovers
|-heal|p2a: Gliscor|73/100 tox|[from] ability: Poison Heal
|upkeep
|turn|72
|
|move|p2a: Gliscor|Protect|p2a: Gliscor
|-singleturn|p2a: Gliscor|Protect
|move|p1a: Helmaroc|Brave Bird|p2a: Gliscor
|-activate|p2a: Gliscor|move: Protect
|
|-weather|Sandstorm|[upkeep]
|-heal|p1a: Helmaroc|97/100|[from] item: Leftovers
|-heal|p2a: Gliscor|85/100 tox|[from] ability: Poison Heal
|upkeep
|turn|73
|
|move|p2a: Gliscor|Earthquake|p1a: Helmaroc
|-immune|p1a: Helmaroc|[msg]
|move|p1a: Helmaroc|Brave Bird|p2a: Gliscor
|-damage|p2a: Gliscor|60/100 tox
|-damage|p1a: Helmaroc|87/100|[from] Recoil
|
|-weather|Sandstorm|[upkeep]
|-heal|p1a: Helmaroc|94/100|[from] item: Leftovers
|-heal|p2a: Gliscor|72/100 tox|[from] ability: Poison Heal
|-end|p1a: Helmaroc|move: Taunt
|upkeep
|turn|74
|
|move|p2a: Gliscor|Taunt|p1a: Helmaroc
|-start|p1a: Helmaroc|move: Taunt
|cant|p1a: Helmaroc|move: Taunt|Whirlwind
|
|-weather|Sandstorm|[upkeep]
|-heal|p1a: Helmaroc|99/100|[from] item: Leftovers
|-heal|p2a: Gliscor|84/100 tox|[from] ability: Poison Heal
|upkeep
|turn|75
|
|move|p2a: Gliscor|Earthquake|p1a: Helmaroc
|-immune|p1a: Helmaroc|[msg]
|move|p1a: Helmaroc|Brave Bird|p2a: Gliscor
|-damage|p2a: Gliscor|59/100 tox
|-damage|p1a: Helmaroc|91/100|[from] Recoil
|
|-weather|Sandstorm|[upkeep]
|-heal|p1a: Helmaroc|97/100|[from] item: Leftovers
|-heal|p2a: Gliscor|71/100 tox|[from] ability: Poison Heal
|upkeep
|turn|76
|
|move|p2a: Gliscor|Toxic|p1a: Helmaroc
|-immune|p1a: Helmaroc|[msg]
|move|p1a: Helmaroc|Brave Bird|p2a: Gliscor
|-damage|p2a: Gliscor|44/100 tox
|-damage|p1a: Helmaroc|87/100|[from] Recoil
|
|-weather|Sandstorm|[upkeep]
|-heal|p1a: Helmaroc|93/100|[from] item: Leftovers
|-heal|p2a: Gliscor|56/100 tox|[from] ability: Poison Heal
|-end|p1a: Helmaroc|move: Taunt
|upkeep
|turn|77
|
|move|p2a: Gliscor|Taunt|p1a: Helmaroc
|-start|p1a: Helmaroc|move: Taunt
|cant|p1a: Helmaroc|move: Taunt|Whirlwind
|
|-weather|Sandstorm|[upkeep]
|-heal|p1a: Helmaroc|99/100|[from] item: Leftovers
|-heal|p2a: Gliscor|68/100 tox|[from] ability: Poison Heal
|upkeep
|turn|78
|
|move|p2a: Gliscor|Protect|p2a: Gliscor
|-singleturn|p2a: Gliscor|Protect
|move|p1a: Helmaroc|Brave Bird|p2a: Gliscor
|-activate|p2a: Gliscor|move: Protect
|
|-weather|Sandstorm|[upkeep]
|-heal|p1a: Helmaroc|100/100|[from] item: Leftovers
|-heal|p2a: Gliscor|81/100 tox|[from] ability: Poison Heal
|upkeep
|turn|79
|
|move|p2a: Gliscor|Earthquake|p1a: Helmaroc
|-immune|p1a: Helmaroc|[msg]
|move|p1a: Helmaroc|Brave Bird|p2a: Gliscor
|-damage|p2a: Gliscor|55/100 tox
|-damage|p1a: Helmaroc|91/100|[from] Recoil
|
|-weather|Sandstorm|[upkeep]
|-heal|p1a: Helmaroc|97/100|[from] item: Leftovers
|-heal|p2a: Gliscor|67/100 tox|[from] ability: Poison Heal
|-end|p1a: Helmaroc|move: Taunt
|upkeep
|turn|80
|
|move|p2a: Gliscor|Taunt|p1a: Helmaroc
|-start|p1a: Helmaroc|move: Taunt
|cant|p1a: Helmaroc|move: Taunt|Whirlwind
|
|-weather|Sandstorm|[upkeep]
|-heal|p1a: Helmaroc|100/100|[from] item: Leftovers
|-heal|p2a: Gliscor|79/100 tox|[from] ability: Poison Heal
|upkeep
|turn|81
|
|move|p2a: Gliscor|Taunt|p1a: Helmaroc
|-fail|p2a: Gliscor
|move|p1a: Helmaroc|Brave Bird|p2a: Gliscor
|-damage|p2a: Gliscor|54/100 tox
|-damage|p1a: Helmaroc|91/100|[from] Recoil
|
|-weather|Sandstorm|[upkeep]
|-heal|p1a: Helmaroc|98/100|[from] item: Leftovers
|-heal|p2a: Gliscor|67/100 tox|[from] ability: Poison Heal
|upkeep
|turn|82
|
|move|p2a: Gliscor|Taunt|p1a: Helmaroc
|-fail|p2a: Gliscor
|move|p1a: Helmaroc|Brave Bird|p2a: Gliscor
|-damage|p2a: Gliscor|39/100 tox
|-damage|p1a: Helmaroc|88/100|[from] Recoil
|
|-weather|Sandstorm|[upkeep]
|-heal|p1a: Helmaroc|94/100|[from] item: Leftovers
|-heal|p2a: Gliscor|51/100 tox|[from] ability: Poison Heal
|-end|p1a: Helmaroc|move: Taunt
|upkeep
|turn|83
|
|move|p2a: Gliscor|Protect|p2a: Gliscor
|-singleturn|p2a: Gliscor|Protect
|move|p1a: Helmaroc|Whirlwind|p2a: Gliscor
|-activate|p2a: Gliscor|move: Protect
|
|-weather|Sandstorm|[upkeep]
|-heal|p1a: Helmaroc|99/100|[from] item: Leftovers
|-heal|p2a: Gliscor|64/100 tox|[from] ability: Poison Heal
|upkeep
|turn|84
|
|switch|p1a: Moonwalker|Cresselia, F|39/100
|-damage|p1a: Moonwalker|27/100|[from] Stealth Rock
|move|p2a: Gliscor|Taunt|p1a: Moonwalker
|-start|p1a: Moonwalker|move: Taunt
|
|-weather|Sandstorm|[upkeep]
|-damage|p1a: Moonwalker|21/100|[from] Sandstorm
|-heal|p1a: Moonwalker|27/100|[from] item: Leftovers
|-heal|p2a: Gliscor|76/100 tox|[from] ability: Poison Heal
|upkeep
|turn|85
|
|switch|p2a: Blissey|Blissey, F|98/100
|-damage|p2a: Blissey|73/100|[from] Spikes
|-damage|p2a: Blissey|61/100|[from] Stealth Rock
|move|p1a: Moonwalker|Ice Beam|p2a: Blissey
|-damage|p2a: Blissey|55/100
|
|-weather|Sandstorm|[upkeep]
|-damage|p1a: Moonwalker|21/100|[from] Sandstorm
|-damage|p2a: Blissey|49/100|[from] Sandstorm
|-heal|p1a: Moonwalker|27/100|[from] item: Leftovers
|-heal|p2a: Blissey|55/100|[from] item: Leftovers
|upkeep
|turn|86
|
|move|p1a: Moonwalker|Psyshock|p2a: Blissey
|-damage|p2a: Blissey|31/100
|move|p2a: Blissey|Soft-Boiled|p2a: Blissey
|-heal|p2a: Blissey|81/100
|
|-weather|Sandstorm|[upkeep]
|-damage|p1a: Moonwalker|21/100|[from] Sandstorm
|-damage|p2a: Blissey|75/100|[from] Sandstorm
|-heal|p1a: Moonwalker|27/100|[from] item: Leftovers
|-heal|p2a: Blissey|81/100|[from] item: Leftovers
|-end|p1a: Moonwalker|move: Taunt
|upkeep
|turn|87
|
|move|p1a: Moonwalker|Moonlight|p1a: Moonwalker
|-heal|p1a: Moonwalker|52/100
|move|p2a: Blissey|Toxic|p1a: Moonwalker
|-status|p1a: Moonwalker|tox
|
|-weather|Sandstorm|[upkeep]
|-damage|p1a: Moonwalker|46/100 tox|[from] Sandstorm
|-damage|p2a: Blissey|75/100|[from] Sandstorm
|-heal|p1a: Moonwalker|52/100 tox|[from] item: Leftovers
|-heal|p2a: Blissey|81/100|[from] item: Leftovers
|-damage|p1a: Moonwalker|46/100 tox|[from] psn
|upkeep
|turn|88
|
|switch|p1a: Joy|Chansey, F|34/100
|-damage|p1a: Joy|17/100|[from] Spikes
|-damage|p1a: Joy|5/100|[from] Stealth Rock
|move|p2a: Blissey|Toxic|p1a: Joy
|-status|p1a: Joy|tox
|
|-weather|Sandstorm|[upkeep]
|-damage|p2a: Blissey|75/100|[from] Sandstorm
|-damage|p1a: Joy|0 fnt|[from] Sandstorm
|-heal|p2a: Blissey|81/100|[from] item: Leftovers
|upkeep
|faint|p1a: Joy
|
|switch|p1a: Umbra|Sableye, F|100/100
|-damage|p1a: Umbra|88/100|[from] Stealth Rock
|-damage|p1a: Umbra|72/100|[from] Spikes
|turn|89
|
|switch|p2a: Gastrodon|Gastrodon, M|82/100
|-damage|p2a: Gastrodon|76/100|[from] Stealth Rock
|-damage|p2a: Gastrodon|51/100|[from] Spikes
|move|p1a: Umbra|Taunt|p2a: Gastrodon
|-start|p2a: Gastrodon|move: Taunt
|
|-weather|Sandstorm|[upkeep]
|-damage|p1a: Umbra|65/100|[from] Sandstorm
|-heal|p1a: Umbra|72/100|[from] item: Leftovers
|-heal|p2a: Gastrodon|57/100|[from] item: Leftovers
|upkeep
|turn|90
|
|move|p1a: Umbra|Night Shade|p2a: Gastrodon
|-damage|p2a: Gastrodon|33/100
|move|p2a: Gastrodon|Scald|p1a: Umbra
|-crit|p1a: Umbra
|-damage|p1a: Umbra|6/100
|
|-weather|Sandstorm|[upkeep]
|-damage|p1a: Umbra|0 fnt|[from] Sandstorm
|-heal|p2a: Gastrodon|39/100|[from] item: Leftovers
|upkeep
|faint|p1a: Umbra
|-message|RawrMX forfeited.
|
|win|Soul Calibur XXX
|l|☆RawrMX
|raw|RawrMX's rating: 1414 &rarr; <strong>1389</strong><br />(-25 for losing)
|raw|Soul Calibur XXX's rating: 1315 &rarr; <strong>1341</strong><br />(+26 for winning)
|l| Lord Thorx
|l|☆Soul Calibur XXX
