|j|☆Crowned Crystals ♔
|j|☆SwordIsBored
|t:|1744549968
|gametype|singles
|player|p1|Crowned Crystals ♔|102|1565
|player|p2|SwordIsBored|irida|1469
|teamsize|p1|6
|teamsize|p2|6
|gen|5
|tier|[Gen 5] OU
|rated|
|rule|Species Clause: Limit one of each Pokémon
|rule|OHKO Clause: OHKO moves are banned
|rule|Moody Clause: Moody is banned
|rule|Evasion Items Clause: Evasion items are banned
|rule|Evasion Moves Clause: Evasion moves are banned
|rule|Endless Battle Clause: Forcing endless battles is banned
|rule|HP Percentage Mod: HP is shown in percentages
|rule|Evasion Abilities Clause: Evasion abilities are banned
|rule|Sleep Moves Clause: Sleep-inducing moves are banned
|rule|Swagger Clause: Swagger is banned
|rule|Baton Pass Stat Clause: No Baton Passer may have a way to boost its stats
|clearpoke
|poke|p1|Tyranitar, F|item
|poke|p1|Ferrothorn, F|item
|poke|p1|Landorus-Therian, M|item
|poke|p1|Excadrill, M|item
|poke|p1|Latias, F|item
|poke|p1|Latios, M|item
|poke|p2|Excadrill, F|item
|poke|p2|Rotom-Wash|item
|poke|p2|Celebi|item
|poke|p2|Tyranitar, M|item
|poke|p2|Landorus-Therian, M|item
|poke|p2|Keldeo|item
|teampreview
|inactive|Battle timer is ON: inactive players will automatically lose when time's up. (requested by Crowned Crystals ♔)
|c|☆SwordIsBored|glhf
|
|t:|1744549992
|start
|switch|p1a: Ferrothorn|Ferrothorn, F|100/100
|switch|p2a: Rotom|Rotom-Wash|100/100
|turn|1
|
|t:|1744550003
|move|p2a: Rotom|Volt Switch|p1a: Ferrothorn
|-resisted|p1a: Ferrothorn
|-damage|p1a: Ferrothorn|90/100
|
|t:|1744550009
|switch|p2a: Keldeo|Keldeo|100/100|[from] Volt Switch
|move|p1a: Ferrothorn|Thunder Wave|p2a: Keldeo
|-status|p2a: Keldeo|par
|
|-heal|p1a: Ferrothorn|97/100|[from] item: Leftovers
|upkeep
|turn|2
|
|t:|1744550015
|switch|p1a: Latias|Latias, F|100/100
|cant|p2a: Keldeo|par
|
|upkeep
|turn|3
|
|t:|1744550031
|switch|p2a: Tyranitar|Tyranitar, M|100/100
|-weather|Sandstorm|[from] ability: Sand Stream|[of] p2a: Tyranitar
|move|p1a: Latias|Surf|p2a: Tyranitar
|-supereffective|p2a: Tyranitar
|-damage|p2a: Tyranitar|60/100
|
|-weather|Sandstorm|[upkeep]
|-damage|p1a: Latias|95/100|[from] Sandstorm
|upkeep
|turn|4
|
|t:|1744550044
|switch|p1a: Landorus|Landorus-Therian, M|100/100
|-ability|p1a: Landorus|Intimidate|boost
|-unboost|p2a: Tyranitar|atk|1
|move|p2a: Tyranitar|Crunch|p1a: Landorus
|-damage|p1a: Landorus|59/100
|
|-weather|Sandstorm|[upkeep]
|-heal|p1a: Landorus|65/100|[from] item: Leftovers
|upkeep
|turn|5
|
|t:|1744550051
|switch|p2a: Landorus|Landorus-Therian, M|100/100
|-ability|p2a: Landorus|Intimidate|boost
|-unboost|p1a: Landorus|atk|1
|move|p1a: Landorus|U-turn|p2a: Landorus
|-resisted|p2a: Landorus
|-damage|p2a: Landorus|94/100
|
|t:|1744550060
|switch|p1a: Latias|Latias, F|95/100|[from] U-turn
|
|-weather|Sandstorm|[upkeep]
|-damage|p1a: Latias|89/100|[from] Sandstorm
|-heal|p2a: Landorus|99/100|[from] item: Leftovers
|upkeep
|turn|6
|
|t:|1744550068
|move|p1a: Latias|Surf|p2a: Landorus
|-supereffective|p2a: Landorus
|-damage|p2a: Landorus|8/100
|move|p2a: Landorus|Stealth Rock|p1a: Latias
|-sidestart|p1: Crowned Crystals ♔|move: Stealth Rock
|
|-weather|Sandstorm|[upkeep]
|-damage|p1a: Latias|83/100|[from] Sandstorm
|-heal|p2a: Landorus|14/100|[from] item: Leftovers
|upkeep
|turn|7
|
|t:|1744550076
|switch|p2a: Rotom|Rotom-Wash|100/100
|move|p1a: Latias|Surf|p2a: Rotom
|-resisted|p2a: Rotom
|-damage|p2a: Rotom|76/100
|
|-weather|Sandstorm|[upkeep]
|-damage|p1a: Latias|77/100|[from] Sandstorm
|-damage|p2a: Rotom|70/100|[from] Sandstorm
|-heal|p2a: Rotom|76/100|[from] item: Leftovers
|upkeep
|turn|8
|
|t:|1744550081
|switch|p1a: Ferrothorn|Ferrothorn, F|97/100
|-damage|p1a: Ferrothorn|90/100|[from] Stealth Rock
|move|p2a: Rotom|Pain Split|p1a: Ferrothorn
|-sethp|p1a: Ferrothorn|78/100|[from] move: Pain Split|[silent]
|-sethp|p2a: Rotom|90/100|[from] move: Pain Split
|
|-weather|Sandstorm|[upkeep]
|-damage|p2a: Rotom|84/100|[from] Sandstorm
|-heal|p2a: Rotom|90/100|[from] item: Leftovers
|-heal|p1a: Ferrothorn|84/100|[from] item: Leftovers
|upkeep
|turn|9
|
|t:|1744550089
|switch|p2a: Landorus|Landorus-Therian, M|14/100
|-ability|p2a: Landorus|Intimidate|boost
|-unboost|p1a: Ferrothorn|atk|1
|move|p1a: Ferrothorn|Spikes|p2a: Landorus
|-sidestart|p2: SwordIsBored|Spikes
|
|-weather|Sandstorm|[upkeep]
|-heal|p2a: Landorus|20/100|[from] item: Leftovers
|-heal|p1a: Ferrothorn|91/100|[from] item: Leftovers
|upkeep
|turn|10
|
|t:|1744550093
|move|p2a: Landorus|Earthquake|p1a: Ferrothorn
|-damage|p1a: Ferrothorn|59/100
|move|p1a: Ferrothorn|Power Whip|p2a: Landorus
|-damage|p2a: Landorus|0 fnt
|faint|p2a: Landorus
|
|-weather|Sandstorm|[upkeep]
|-heal|p1a: Ferrothorn|65/100|[from] item: Leftovers
|upkeep
|
|t:|1744550106
|switch|p2a: Tyranitar|Tyranitar, M|60/100
|-damage|p2a: Tyranitar|47/100|[from] Spikes
|turn|11
|
|t:|1744550119
|switch|p1a: Landorus|Landorus-Therian, M|65/100
|-damage|p1a: Landorus|53/100|[from] Stealth Rock
|-ability|p1a: Landorus|Intimidate|boost
|-unboost|p2a: Tyranitar|atk|1
|move|p2a: Tyranitar|Superpower|p1a: Landorus
|-resisted|p1a: Landorus
|-damage|p1a: Landorus|32/100
|-unboost|p2a: Tyranitar|atk|1
|-unboost|p2a: Tyranitar|def|1
|
|-weather|Sandstorm|[upkeep]
|-heal|p1a: Landorus|38/100|[from] item: Leftovers
|upkeep
|turn|12
|
|t:|1744550127
|switch|p2a: Rotom|Rotom-Wash|90/100
|move|p1a: Landorus|U-turn|p2a: Rotom
|-damage|p2a: Rotom|68/100
|
|t:|1744550143
|switch|p1a: Latias|Latias, F|77/100|[from] U-turn
|-damage|p1a: Latias|64/100|[from] Stealth Rock
|
|-weather|Sandstorm|[upkeep]
|-damage|p1a: Latias|58/100|[from] Sandstorm
|-damage|p2a: Rotom|62/100|[from] Sandstorm
|-heal|p2a: Rotom|68/100|[from] item: Leftovers
|upkeep
|turn|13
|
|t:|1744550151
|switch|p2a: Celebi|Celebi|100/100
|-damage|p2a: Celebi|88/100|[from] Spikes
|move|p1a: Latias|Draco Meteor|p2a: Celebi|[miss]
|-miss|p1a: Latias|p2a: Celebi
|
|-weather|Sandstorm|[upkeep]
|-damage|p1a: Latias|52/100|[from] Sandstorm
|-damage|p2a: Celebi|82/100|[from] Sandstorm
|-heal|p2a: Celebi|88/100|[from] item: Leftovers
|upkeep
|turn|14
|
|t:|1744550156
|move|p1a: Latias|Draco Meteor|p2a: Celebi
|-crit|p2a: Celebi
|-damage|p2a: Celebi|0 fnt
|-unboost|p1a: Latias|spa|2
|faint|p2a: Celebi
|
|-weather|Sandstorm|[upkeep]
|-damage|p1a: Latias|46/100|[from] Sandstorm
|upkeep
|
|t:|1744550161
|switch|p2a: Tyranitar|Tyranitar, M|47/100
|-damage|p2a: Tyranitar|35/100|[from] Spikes
|turn|15
|
|t:|1744550172
|move|p1a: Latias|Draco Meteor|p2a: Tyranitar
|-damage|p2a: Tyranitar|11/100
|-unboost|p1a: Latias|spa|2
|move|p2a: Tyranitar|Pursuit|p1a: Latias
|-supereffective|p1a: Latias
|-crit|p1a: Latias
|-damage|p1a: Latias|0 fnt
|faint|p1a: Latias
|
|-weather|Sandstorm|[upkeep]
|upkeep
|inactive|Crowned Crystals ♔ has 120 seconds left.
|
|t:|1744550211
|switch|p1a: Excadrill|Excadrill, M, shiny|100/100
|-damage|p1a: Excadrill|98/100|[from] Stealth Rock
|turn|16
|inactive|Crowned Crystals ♔ has 120 seconds left.
|
|t:|1744550218
|move|p1a: Excadrill|Rock Slide|p2a: Tyranitar
|-damage|p2a: Tyranitar|0 fnt
|faint|p2a: Tyranitar
|
|-weather|Sandstorm|[upkeep]
|-heal|p1a: Excadrill|100/100|[from] item: Leftovers
|upkeep
|
|t:|1744550226
|switch|p2a: Excadrill|Excadrill, F|100/100
|-damage|p2a: Excadrill|88/100|[from] Spikes
|turn|17
|
|t:|1744550236
|switch|p1a: Landorus|Landorus-Therian, M|38/100
|-damage|p1a: Landorus|25/100|[from] Stealth Rock
|-ability|p1a: Landorus|Intimidate|boost
|-unboost|p2a: Excadrill|atk|1
|move|p2a: Excadrill|Earthquake|p1a: Landorus
|-immune|p1a: Landorus
|
|-weather|Sandstorm|[upkeep]
|-heal|p1a: Landorus|31/100|[from] item: Leftovers
|upkeep
|turn|18
|
|t:|1744550247
|switch|p2a: Keldeo|Keldeo|100/100 par
|-damage|p2a: Keldeo|88/100 par|[from] Spikes
|move|p1a: Landorus|U-turn|p2a: Keldeo
|-resisted|p2a: Keldeo
|-damage|p2a: Keldeo|75/100 par
|inactive|Crowned Crystals ♔ has 120 seconds left.
|
|t:|1744550271
|switch|p1a: Latios|Latios, M|100/100|[from] U-turn
|-damage|p1a: Latios|88/100|[from] Stealth Rock
|
|-weather|Sandstorm|[upkeep]
|-damage|p1a: Latios|82/100|[from] Sandstorm
|-damage|p2a: Keldeo|69/100 par|[from] Sandstorm
|upkeep
|turn|19
|
|t:|1744550285
|move|p1a: Latios|Psyshock|p2a: Keldeo
|-supereffective|p2a: Keldeo
|-damage|p2a: Keldeo|0 fnt
|faint|p2a: Keldeo
|
|-weather|Sandstorm|[upkeep]
|-damage|p1a: Latios|76/100|[from] Sandstorm
|upkeep
|
|t:|1744550290
|switch|p2a: Excadrill|Excadrill, F|88/100
|-damage|p2a: Excadrill|76/100|[from] Spikes
|turn|20
|
|t:|1744550296
|switch|p1a: Ferrothorn|Ferrothorn, F|65/100
|-damage|p1a: Ferrothorn|59/100|[from] Stealth Rock
|move|p2a: Excadrill|Iron Head|p1a: Ferrothorn
|-resisted|p1a: Ferrothorn
|-crit|p1a: Ferrothorn
|-damage|p1a: Ferrothorn|19/100
|-damage|p2a: Excadrill|63/100|[from] ability: Iron Barbs|[of] p1a: Ferrothorn
|
|-weather|Sandstorm|[upkeep]
|-heal|p1a: Ferrothorn|25/100|[from] item: Leftovers
|upkeep
|turn|21
|
|t:|1744550307
|move|p2a: Excadrill|Iron Head|p1a: Ferrothorn
|-resisted|p1a: Ferrothorn
|-damage|p1a: Ferrothorn|5/100
|-damage|p2a: Excadrill|51/100|[from] ability: Iron Barbs|[of] p1a: Ferrothorn
|move|p1a: Ferrothorn|Leech Seed|p2a: Excadrill
|-start|p2a: Excadrill|move: Leech Seed
|
|-weather|Sandstorm|[upkeep]
|-heal|p1a: Ferrothorn|11/100|[from] item: Leftovers
|-damage|p2a: Excadrill|38/100|[from] Leech Seed|[of] p1a: Ferrothorn
|-heal|p1a: Ferrothorn|24/100|[silent]
|upkeep
|turn|22
|
|t:|1744550312
|switch|p2a: Rotom|Rotom-Wash|68/100
|move|p1a: Ferrothorn|Power Whip|p2a: Rotom
|-supereffective|p2a: Rotom
|-damage|p2a: Rotom|0 fnt
|faint|p2a: Rotom
|
|-weather|Sandstorm|[upkeep]
|-heal|p1a: Ferrothorn|30/100|[from] item: Leftovers
|upkeep
|
|t:|1744550316
|switch|p2a: Excadrill|Excadrill, F|38/100
|-damage|p2a: Excadrill|26/100|[from] Spikes
|turn|23
|
|t:|1744550320
|move|p2a: Excadrill|Iron Head|p1a: Ferrothorn
|-resisted|p1a: Ferrothorn
|-damage|p1a: Ferrothorn|12/100
|-damage|p2a: Excadrill|13/100|[from] ability: Iron Barbs|[of] p1a: Ferrothorn
|move|p1a: Ferrothorn|Power Whip|p2a: Excadrill
|-damage|p2a: Excadrill|0 fnt
|faint|p2a: Excadrill
|
|win|Crowned Crystals ♔
|raw|Crowned Crystals ♔'s rating: 1565 &rarr; <strong>1580</strong><br />(+15 for winning)
|raw|SwordIsBored's rating: 1469 &rarr; <strong>1454</strong><br />(-15 for losing)
|l|☆SwordIsBored
|player|p2|
|c|☆Crowned Crystals ♔|/log Crowned Crystals ♔ made this room public.
|j|☆SwordIsBored
|player|p2|SwordIsBored|irida|
|l|☆SwordIsBored
|player|p2|
