|j|☆SkillfullBeing
|j|☆killerfishsandiego
|t:|1731129536
|gametype|singles
|player|p1|SkillfullBeing|nate|1317
|player|p2|killerfishsandiego|1|1535
|teamsize|p1|6
|teamsize|p2|6
|gen|5
|tier|[Gen 5] OU
|rated|
|rule|Species Clause: Limit one of each Pokémon
|rule|OHKO Clause: OHKO moves are banned
|rule|Moody Clause: Moody is banned
|rule|Evasion Items Clause: Evasion items are banned
|rule|Evasion Moves Clause: Evasion moves are banned
|rule|Endless Battle Clause: Forcing endless battles is banned
|rule|HP Percentage Mod: HP is shown in percentages
|rule|Evasion Abilities Clause: Evasion abilities are banned
|rule|Sleep Moves Clause: Sleep-inducing moves are banned
|rule|Swagger Clause: Swagger is banned
|rule|Baton Pass Stat Clause: No Baton Passer may have a way to boost its stats
|clearpoke
|poke|p1|Tyranitar, M|item
|poke|p1|Alakazam, F|item
|poke|p1|Landorus-Therian, M|item
|poke|p1|Keldeo|item
|poke|p1|Excadrill, M|item
|poke|p1|Ferrothorn, F|item
|poke|p2|Tyranitar, M|item
|poke|p2|Rotom-Heat|item
|poke|p2|Terrakion|item
|poke|p2|Alakazam, M|item
|poke|p2|Jellicent, F|item
|poke|p2|Forretress, L99, M|item
|teampreview
|inactive|Battle timer is ON: inactive players will automatically lose when time's up. (requested by SkillfullBeing)
|
|t:|1731129548
|start
|switch|p1a: Landorus|Landorus-Therian, M|100/100
|switch|p2a: Forretress|Forretress, L99, M|100/100
|-ability|p1a: Landorus|Intimidate|boost
|-unboost|p2a: Forretress|atk|1
|turn|1
|
|t:|1731129552
|move|p1a: Landorus|U-turn|p2a: Forretress
|-resisted|p2a: Forretress
|-damage|p2a: Forretress|92/100
|
|t:|1731129555
|switch|p1a: Keldeo|Keldeo|100/100|[from] U-turn
|move|p2a: Forretress|Stealth Rock|p1a: Keldeo
|-sidestart|p1: SkillfullBeing|move: Stealth Rock
|
|upkeep
|turn|2
|
|t:|1731129559
|switch|p1a: Tyranitar|Tyranitar, M|100/100
|-damage|p1a: Tyranitar|88/100|[from] Stealth Rock
|-weather|Sandstorm|[from] ability: Sand Stream|[of] p1a: Tyranitar
|move|p2a: Forretress|Spikes|p1a: Tyranitar
|-sidestart|p1: SkillfullBeing|Spikes
|
|-weather|Sandstorm|[upkeep]
|upkeep
|turn|3
|
|t:|1731129566
|move|p1a: Tyranitar|Flamethrower|p2a: Forretress
|-supereffective|p2a: Forretress
|-damage|p2a: Forretress|6/100
|move|p2a: Forretress|Spikes|p1a: Tyranitar
|-sidestart|p1: SkillfullBeing|Spikes
|
|-weather|Sandstorm|[upkeep]
|upkeep
|turn|4
|-enditem|p2a: Forretress|Custap Berry|[eat]
|-activate|p2a: Forretress|item: Custap Berry|[consumed]
|
|t:|1731129571
|move|p2a: Forretress|Spikes|p1a: Tyranitar
|-sidestart|p1: SkillfullBeing|Spikes
|move|p1a: Tyranitar|Thunder Wave|p2a: Forretress
|-status|p2a: Forretress|par
|
|-weather|Sandstorm|[upkeep]
|upkeep
|turn|5
|
|t:|1731129575
|move|p1a: Tyranitar|Flamethrower|p2a: Forretress
|-supereffective|p2a: Forretress
|-damage|p2a: Forretress|0 fnt
|faint|p2a: Forretress
|
|-weather|Sandstorm|[upkeep]
|upkeep
|
|t:|1731129578
|switch|p2a: Terrakion|Terrakion|100/100
|turn|6
|
|t:|1731129582
|switch|p1a: Landorus|Landorus-Therian, M|100/100
|-damage|p1a: Landorus|88/100|[from] Stealth Rock
|-ability|p1a: Landorus|Intimidate|boost
|-unboost|p2a: Terrakion|atk|1
|move|p2a: Terrakion|Hidden Power|p1a: Landorus
|-supereffective|p1a: Landorus
|-damage|p1a: Landorus|20/100
|
|-weather|Sandstorm|[upkeep]
|upkeep
|turn|7
|
|t:|1731129586
|move|p2a: Terrakion|Hidden Power|p1a: Landorus
|-supereffective|p1a: Landorus
|-damage|p1a: Landorus|0 fnt
|faint|p1a: Landorus
|
|-weather|Sandstorm|[upkeep]
|upkeep
|
|t:|1731129598
|switch|p1a: Ferrothorn|Ferrothorn, F|100/100
|-damage|p1a: Ferrothorn|94/100|[from] Stealth Rock
|-damage|p1a: Ferrothorn|69/100|[from] Spikes
|turn|8
|
|t:|1731129602
|switch|p2a: Rotom|Rotom-Heat|100/100
|move|p1a: Ferrothorn|Thunder Wave|p2a: Rotom
|-status|p2a: Rotom|par
|
|-weather|Sandstorm|[upkeep]
|-damage|p2a: Rotom|94/100 par|[from] Sandstorm
|-heal|p1a: Ferrothorn|76/100|[from] item: Leftovers
|-heal|p2a: Rotom|100/100 par|[from] item: Leftovers
|upkeep
|turn|9
|
|t:|1731129609
|switch|p1a: Tyranitar|Tyranitar, M|88/100
|-damage|p1a: Tyranitar|76/100|[from] Stealth Rock
|-damage|p1a: Tyranitar|51/100|[from] Spikes
|cant|p2a: Rotom|par
|
|-weather|Sandstorm|[upkeep]
|-damage|p2a: Rotom|94/100 par|[from] Sandstorm
|-heal|p2a: Rotom|100/100 par|[from] item: Leftovers
|upkeep
|turn|10
|
|t:|1731129612
|move|p1a: Tyranitar|Crunch|p2a: Rotom
|-damage|p2a: Rotom|59/100 par
|move|p2a: Rotom|Volt Switch|p1a: Tyranitar
|-damage|p1a: Tyranitar|38/100
|
|t:|1731129620
|switch|p2a: Terrakion|Terrakion|100/100|[from] Volt Switch
|
|-weather|Sandstorm|[upkeep]
|upkeep
|turn|11
|
|t:|1731129624
|move|p2a: Terrakion|Close Combat|p1a: Tyranitar
|-supereffective|p1a: Tyranitar
|-enditem|p1a: Tyranitar|Chople Berry|[eat]
|-enditem|p1a: Tyranitar|Chople Berry|[weaken]
|-damage|p1a: Tyranitar|0 fnt
|-unboost|p2a: Terrakion|def|1
|-unboost|p2a: Terrakion|spd|1
|faint|p1a: Tyranitar
|
|-weather|Sandstorm|[upkeep]
|upkeep
|
|t:|1731129625
|switch|p1a: Keldeo|Keldeo|100/100
|-damage|p1a: Keldeo|94/100|[from] Stealth Rock
|-damage|p1a: Keldeo|70/100|[from] Spikes
|turn|12
|
|t:|1731129639
|switch|p2a: Jellicent|Jellicent, F|100/100
|-item|p2a: Jellicent|Air Balloon
|move|p1a: Keldeo|Scald|p2a: Jellicent
|-immune|p2a: Jellicent|[from] ability: Water Absorb
|
|-weather|Sandstorm|[upkeep]
|-damage|p1a: Keldeo|63/100|[from] Sandstorm
|-damage|p2a: Jellicent|94/100|[from] Sandstorm
|-heal|p1a: Keldeo|70/100|[from] item: Leftovers
|upkeep
|turn|13
|
|t:|1731129645
|switch|p1a: Ferrothorn|Ferrothorn, F|76/100
|-damage|p1a: Ferrothorn|69/100|[from] Stealth Rock
|-damage|p1a: Ferrothorn|44/100|[from] Spikes
|move|p2a: Jellicent|Shadow Ball|p1a: Ferrothorn
|-resisted|p1a: Ferrothorn
|-crit|p1a: Ferrothorn
|-damage|p1a: Ferrothorn|16/100
|-unboost|p1a: Ferrothorn|spd|1
|
|-weather|Sandstorm|[upkeep]
|-damage|p2a: Jellicent|88/100|[from] Sandstorm
|-heal|p1a: Ferrothorn|22/100|[from] item: Leftovers
|upkeep
|turn|14
|
|t:|1731129652
|move|p2a: Jellicent|Hidden Power|p1a: Ferrothorn
|-supereffective|p1a: Ferrothorn
|-damage|p1a: Ferrothorn|0 fnt
|faint|p1a: Ferrothorn
|
|-weather|Sandstorm|[upkeep]
|-damage|p2a: Jellicent|82/100|[from] Sandstorm
|upkeep
|-message|SkillfullBeing forfeited.
|
|win|killerfishsandiego
|raw|SkillfullBeing's rating: 1317 &rarr; <strong>1308</strong><br />(-9 for losing)
|raw|killerfishsandiego's rating: 1535 &rarr; <strong>1544</strong><br />(+9 for winning)
|l|☆SkillfullBeing
|player|p1|
