|j|☆Blossummm
|j|☆PEASTARS
|t:|1714968057
|gametype|singles
|player|p1|Blossummm|roxie|1409
|player|p2|PEASTARS|plasmagrunt|1364
|teamsize|p1|6
|teamsize|p2|6
|gen|5
|tier|[Gen 5] OU
|rated|
|rule|Species Clause: Limit one of each Pokémon
|rule|OHKO Clause: OHKO moves are banned
|rule|Moody Clause: Moody is banned
|rule|Evasion Items Clause: Evasion items are banned
|rule|Evasion Moves Clause: Evasion moves are banned
|rule|Endless Battle Clause: Forcing endless battles is banned
|rule|HP Percentage Mod: HP is shown in percentages
|rule|Evasion Abilities Clause: Evasion abilities are banned
|rule|Sleep Moves Clause: Sleep-inducing moves are banned
|rule|Swagger Clause: Swagger is banned
|rule|Baton Pass Stat Clause: No Baton Passer may have a way to boost its stats
|clearpoke
|poke|p1|Tyranitar, F|item
|poke|p1|Alakazam, F|item
|poke|p1|Latios, M|item
|poke|p1|Ferrothorn, F|item
|poke|p1|Keldeo|item
|poke|p1|Landorus-Therian, M|item
|poke|p2|Cresselia, F|item
|poke|p2|Starmie|item
|poke|p2|Ferrothorn, M|item
|poke|p2|Volcarona, M|item
|poke|p2|Chansey, F|item
|poke|p2|Ninetales, M|item
|teampreview
|j| sdsdsdaquajet
|c| sdsdsdaquajet|hey genfivers!
|inactive|Battle timer is ON: inactive players will automatically lose when time's up. (requested by PEASTARS)
|c|☆Blossummm|hello
|c|☆PEASTARS|sup
|j| bwcbestbytest
|c| sdsdsdaquajet|is gen 5 the best or what?
|inactive|Blossummm has 120 seconds left.
|
|t:|1714968141
|start
|switch|p1a: Landorus|Landorus-Therian, M|100/100
|switch|p2a: Ferrothorn|Ferrothorn, M|100/100
|-ability|p1a: Landorus|Intimidate|boost
|-unboost|p2a: Ferrothorn|atk|1
|turn|1
|
|t:|1714968154
|switch|p2a: Cresselia|Cresselia, F|100/100
|move|p1a: Landorus|Stealth Rock|p2a: Cresselia
|-sidestart|p2: PEASTARS|move: Stealth Rock
|
|upkeep
|turn|2
|
|t:|1714968171
|move|p1a: Landorus|U-turn|p2a: Cresselia
|-supereffective|p2a: Cresselia
|-damage|p2a: Cresselia|78/100
|
|t:|1714968180
|switch|p1a: Tyranitar|Tyranitar, F, shiny|100/100|[from] U-turn
|-weather|Sandstorm|[from] ability: Sand Stream|[of] p1a: Tyranitar
|move|p2a: Cresselia|Ice Beam|p1a: Tyranitar
|-damage|p1a: Tyranitar|91/100
|
|-weather|Sandstorm|[upkeep]
|-damage|p2a: Cresselia|72/100|[from] Sandstorm
|-heal|p2a: Cresselia|78/100|[from] item: Leftovers
|upkeep
|turn|3
|inactive|Blossummm has 120 seconds left.
|l| bwcbestbytest
|
|t:|1714968220
|move|p2a: Cresselia|Toxic|p1a: Tyranitar
|-status|p1a: Tyranitar|tox
|move|p1a: Tyranitar|Pursuit|p2a: Cresselia
|-supereffective|p2a: Cresselia
|-damage|p2a: Cresselia|58/100
|
|-weather|Sandstorm|[upkeep]
|-damage|p2a: Cresselia|52/100|[from] Sandstorm
|-heal|p2a: Cresselia|58/100|[from] item: Leftovers
|-damage|p1a: Tyranitar|85/100 tox|[from] psn
|upkeep
|turn|4
|j| bwcbestbytest
|inactive|Blossummm has 90 seconds left.
|
|t:|1714968256
|switch|p2a: Ferrothorn|Ferrothorn, M|100/100
|-damage|p2a: Ferrothorn|94/100|[from] Stealth Rock
|move|p1a: Tyranitar|Thunder Wave|p2a: Ferrothorn
|-status|p2a: Ferrothorn|par
|
|-weather|Sandstorm|[upkeep]
|-heal|p2a: Ferrothorn|100/100 par|[from] item: Leftovers
|-damage|p1a: Tyranitar|73/100 tox|[from] psn
|upkeep
|turn|5
|inactive|Blossummm has 60 seconds left.
|
|t:|1714968295
|switch|p1a: Landorus|Landorus-Therian, M|100/100
|-ability|p1a: Landorus|Intimidate|boost
|-unboost|p2a: Ferrothorn|atk|1
|cant|p2a: Ferrothorn|par
|
|-weather|Sandstorm|[upkeep]
|upkeep
|turn|6
|inactive|Blossummm has 60 seconds left.
|
|t:|1714968308
|move|p1a: Landorus|U-turn|p2a: Ferrothorn
|-damage|p2a: Ferrothorn|85/100 par
|-damage|p1a: Landorus|88/100|[from] ability: Iron Barbs|[of] p2a: Ferrothorn
|inactive|Blossummm has 60 seconds left.
|
|t:|1714968321
|switch|p1a: Alakazam|Alakazam, F|100/100|[from] U-turn
|move|p2a: Ferrothorn|Leech Seed|p1a: Alakazam
|-start|p1a: Alakazam|move: Leech Seed
|
|-weather|Sandstorm|[upkeep]
|-heal|p2a: Ferrothorn|91/100 par|[from] item: Leftovers
|upkeep
|turn|7
|inactive|Blossummm has 60 seconds left.
|
|t:|1714968331
|move|p1a: Alakazam|Hidden Power|p2a: Ferrothorn
|-supereffective|p2a: Ferrothorn
|-damage|p2a: Ferrothorn|7/100 par
|move|p2a: Ferrothorn|Gyro Ball|p1a: Alakazam
|-damage|p1a: Alakazam|36/100
|
|-weather|Sandstorm|[upkeep]
|-heal|p2a: Ferrothorn|13/100 par|[from] item: Leftovers
|upkeep
|turn|8
|inactive|Blossummm has 60 seconds left.
|l| bwcbestbytest
|
|t:|1714968346
|move|p1a: Alakazam|Hidden Power|p2a: Ferrothorn
|-supereffective|p2a: Ferrothorn
|-damage|p2a: Ferrothorn|0 fnt
|faint|p2a: Ferrothorn
|
|-weather|Sandstorm|[upkeep]
|upkeep
|j| bwcbestbytest
|
|t:|1714968369
|switch|p2a: Chansey|Chansey, F|100/100
|-damage|p2a: Chansey|88/100|[from] Stealth Rock
|turn|9
|inactive|Blossummm has 60 seconds left.
|
|t:|1714968388
|switch|p1a: Landorus|Landorus-Therian, M|88/100
|-ability|p1a: Landorus|Intimidate|boost
|-unboost|p2a: Chansey|atk|1
|move|p2a: Chansey|Stealth Rock|p1a: Landorus
|-sidestart|p1: Blossummm|move: Stealth Rock
|
|-weather|Sandstorm|[upkeep]
|-damage|p2a: Chansey|82/100|[from] Sandstorm
|-heal|p1a: Landorus|94/100|[from] item: Leftovers
|upkeep
|turn|10
|l| bwcbestbytest
|inactive|Blossummm has 60 seconds left.
|
|t:|1714968408
|move|p1a: Landorus|Earthquake|p2a: Chansey
|-damage|p2a: Chansey|54/100
|move|p2a: Chansey|Soft-Boiled|p2a: Chansey
|-heal|p2a: Chansey|100/100
|
|-weather|Sandstorm|[upkeep]
|-damage|p2a: Chansey|94/100|[from] Sandstorm
|-heal|p1a: Landorus|99/100|[from] item: Leftovers
|upkeep
|turn|11
|inactive|Blossummm has 60 seconds left.
|j| bwcbestbytest
|
|t:|1714968417
|move|p1a: Landorus|U-turn|p2a: Chansey
|-damage|p2a: Chansey|80/100
|
|t:|1714968420
|switch|p1a: Ferrothorn|Ferrothorn, F|100/100|[from] U-turn
|-damage|p1a: Ferrothorn|95/100|[from] Stealth Rock
|move|p2a: Chansey|Toxic|p1a: Ferrothorn
|-immune|p1a: Ferrothorn
|
|-weather|Sandstorm|[upkeep]
|-damage|p2a: Chansey|74/100|[from] Sandstorm
|upkeep
|turn|12
|
|t:|1714968430
|switch|p2a: Ninetales|Ninetales, M|100/100
|-damage|p2a: Ninetales|76/100|[from] Stealth Rock
|-weather|SunnyDay|[from] ability: Drought|[of] p2a: Ninetales
|move|p1a: Ferrothorn|Knock Off|p2a: Ninetales
|-damage|p2a: Ninetales|70/100
|-enditem|p2a: Ninetales|Leftovers|[from] move: Knock Off|[of] p1a: Ferrothorn
|
|-weather|SunnyDay|[upkeep]
|upkeep
|turn|13
|inactive|Blossummm has 60 seconds left.
|l| sdsdsdaquajet
|inactive|PEASTARS has 120 seconds left.
|
|t:|1714968467
|switch|p2a: Starmie|Starmie|100/100
|-damage|p2a: Starmie|88/100|[from] Stealth Rock
|switch|p1a: Tyranitar|Tyranitar, F, shiny|73/100 tox
|-damage|p1a: Tyranitar|60/100 tox|[from] Stealth Rock
|-weather|Sandstorm|[from] ability: Sand Stream|[of] p1a: Tyranitar
|
|-weather|Sandstorm|[upkeep]
|-damage|p2a: Starmie|82/100|[from] Sandstorm
|-heal|p2a: Starmie|88/100|[from] item: Leftovers
|-damage|p1a: Tyranitar|54/100 tox|[from] psn
|upkeep
|turn|14
|inactive|Blossummm has 60 seconds left.
|inactive|Blossummm has 30 seconds left.
|
|t:|1714968509
|move|p2a: Starmie|Rapid Spin|p1a: Tyranitar
|-resisted|p1a: Tyranitar
|-damage|p1a: Tyranitar|53/100 tox
|-sideend|p2: PEASTARS|Stealth Rock|[from] move: Rapid Spin|[of] p2a: Starmie
|move|p1a: Tyranitar|Crunch|p2a: Starmie
|-supereffective|p2a: Starmie
|-crit|p2a: Starmie
|-damage|p2a: Starmie|0 fnt
|faint|p2a: Starmie
|
|-weather|Sandstorm|[upkeep]
|-damage|p1a: Tyranitar|41/100 tox|[from] psn
|upkeep
|inactive|Blossummm has 30 seconds left this turn.
|inactive|PEASTARS has 120 seconds left.
|l| bwcbestbytest
|
|t:|1714968537
|switch|p2a: Volcarona|Volcarona, M|100/100
|turn|15
|
|t:|1714968545
|move|p2a: Volcarona|Bug Buzz|p1a: Tyranitar
|-supereffective|p1a: Tyranitar
|-damage|p1a: Tyranitar|0 fnt
|faint|p1a: Tyranitar
|
|-weather|Sandstorm|[upkeep]
|-damage|p2a: Volcarona|94/100|[from] Sandstorm
|upkeep
|inactive|Blossummm has 30 seconds left.
|
|t:|1714968556
|switch|p1a: Keldeo|Keldeo|100/100
|-damage|p1a: Keldeo|94/100|[from] Stealth Rock
|turn|16
|
|t:|1714968564
|switch|p2a: Ninetales|Ninetales, M|70/100
|-weather|SunnyDay|[from] ability: Drought|[of] p2a: Ninetales
|move|p1a: Keldeo|Scald|p2a: Ninetales
|-supereffective|p2a: Ninetales
|-damage|p2a: Ninetales|33/100
|
|-weather|SunnyDay|[upkeep]
|-heal|p1a: Keldeo|100/100|[from] item: Leftovers
|upkeep
|turn|17
|
|t:|1714968575
|move|p1a: Keldeo|Secret Sword|p2a: Ninetales
|-damage|p2a: Ninetales|0 fnt
|faint|p2a: Ninetales
|
|-weather|SunnyDay|[upkeep]
|upkeep
|j| bwcbestbytest
|
|t:|1714968583
|switch|p2a: Cresselia|Cresselia, F|58/100
|turn|18
|
|t:|1714968597
|switch|p1a: Ferrothorn|Ferrothorn, F|95/100
|-damage|p1a: Ferrothorn|89/100|[from] Stealth Rock
|move|p2a: Cresselia|Moonlight|p2a: Cresselia
|-heal|p2a: Cresselia|100/100
|
|-weather|SunnyDay|[upkeep]
|upkeep
|turn|19
|
|t:|1714968620
|move|p2a: Cresselia|Hidden Power|p1a: Ferrothorn
|-supereffective|p1a: Ferrothorn
|-damage|p1a: Ferrothorn|21/100
|move|p1a: Ferrothorn|Spikes|p2a: Cresselia
|-sidestart|p2: PEASTARS|Spikes
|
|-weather|SunnyDay|[upkeep]
|upkeep
|turn|20
|
|t:|1714968645
|switch|p1a: Landorus|Landorus-Therian, M|99/100
|-damage|p1a: Landorus|88/100|[from] Stealth Rock
|-ability|p1a: Landorus|Intimidate|boost
|-unboost|p2a: Cresselia|atk|1
|move|p2a: Cresselia|Hidden Power|p1a: Landorus
|-damage|p1a: Landorus|56/100
|
|-weather|SunnyDay|[upkeep]
|-heal|p1a: Landorus|62/100|[from] item: Leftovers
|upkeep
|turn|21
|inactive|Blossummm has 30 seconds left.
|inactive|Blossummm has 20 seconds left.
|
|t:|1714968678
|switch|p2a: Volcarona|Volcarona, M|94/100
|-damage|p2a: Volcarona|82/100|[from] Spikes
|move|p1a: Landorus|U-turn|p2a: Volcarona
|-resisted|p2a: Volcarona
|-damage|p2a: Volcarona|65/100
|inactive|Blossummm has 25 seconds left this turn.
|l| bwcbestbytest
|inactive|Blossummm has 20 seconds left.
|inactive|Blossummm has 15 seconds left.
|inactive|Blossummm has 10 seconds left.
|j| bwcbestbytest
|
|t:|1714968695
|switch|p1a: Latios|Latios, M|100/100|[from] U-turn
|-damage|p1a: Latios|88/100|[from] Stealth Rock
|
|-weather|SunnyDay|[upkeep]
|upkeep
|turn|22
|inactive|Blossummm has 20 seconds left this turn.
|
|t:|1714968703
|switch|p2a: Chansey|Chansey, F|74/100
|-damage|p2a: Chansey|62/100|[from] Spikes
|move|p1a: Latios|Draco Meteor|p2a: Chansey
|-damage|p2a: Chansey|41/100
|-unboost|p1a: Latios|spa|2
|
|-weather|SunnyDay|[upkeep]
|upkeep
|turn|23
|inactive|Blossummm has 30 seconds left this turn.
|inactive|Blossummm has 20 seconds left.
|inactive|Blossummm has 15 seconds left.
|inactive|Blossummm has 10 seconds left.
|
|t:|1714968727
|switch|p1a: Landorus|Landorus-Therian, M|62/100
|-damage|p1a: Landorus|50/100|[from] Stealth Rock
|-ability|p1a: Landorus|Intimidate|boost
|-unboost|p2a: Chansey|atk|1
|move|p2a: Chansey|Soft-Boiled|p2a: Chansey
|-heal|p2a: Chansey|91/100
|
|-weather|SunnyDay|[upkeep]
|-heal|p1a: Landorus|56/100|[from] item: Leftovers
|upkeep
|turn|24
|inactive|Blossummm has 20 seconds left this turn.
|
|t:|1714968734
|switch|p2a: Volcarona|Volcarona, M|65/100
|-damage|p2a: Volcarona|52/100|[from] Spikes
|move|p1a: Landorus|Stealth Rock|p2a: Volcarona
|-sidestart|p2: PEASTARS|move: Stealth Rock
|
|-weather|SunnyDay|[upkeep]
|-heal|p1a: Landorus|62/100|[from] item: Leftovers
|upkeep
|turn|25
|inactive|Blossummm has 30 seconds left this turn.
|inactive|Blossummm has 20 seconds left.
|inactive|Blossummm has 15 seconds left.
|l| bwcbestbytest
|inactive|Blossummm has 10 seconds left.
|
|t:|1714968756
|move|p2a: Volcarona|Flamethrower|p1a: Landorus
|-damage|p1a: Landorus|0 fnt
|faint|p1a: Landorus
|
|-weather|SunnyDay|[upkeep]
|upkeep
|inactive|Blossummm has 15 seconds left this turn.
|inactive|Blossummm has 10 seconds left.
|inactive|Blossummm has 5 seconds left.
|
|t:|1714968767
|switch|p1a: Latios|Latios, M|88/100
|-damage|p1a: Latios|76/100|[from] Stealth Rock
|turn|26
|inactive|Blossummm has 15 seconds left this turn.
|j| bwcbestbytest
|inactive|Blossummm has 10 seconds left.
|
|t:|1714968780
|move|p1a: Latios|Draco Meteor|p2a: Volcarona
|-crit|p2a: Volcarona
|-damage|p2a: Volcarona|0 fnt
|-unboost|p1a: Latios|spa|2
|faint|p2a: Volcarona
|
|-weather|SunnyDay|[upkeep]
|upkeep
|inactive|Blossummm has 15 seconds left this turn.
|
|t:|1714968788
|switch|p2a: Chansey|Chansey, F|91/100
|-damage|p2a: Chansey|78/100|[from] Spikes
|-damage|p2a: Chansey|66/100|[from] Stealth Rock
|turn|27
|inactive|Blossummm has 25 seconds left this turn.
|inactive|Blossummm has 20 seconds left.
|inactive|Blossummm has 15 seconds left.
|
|t:|1714968799
|switch|p1a: Ferrothorn|Ferrothorn, F|21/100
|-damage|p1a: Ferrothorn|15/100|[from] Stealth Rock
|move|p2a: Chansey|Soft-Boiled|p2a: Chansey
|-heal|p2a: Chansey|100/100
|
|-weather|SunnyDay|[upkeep]
|upkeep
|turn|28
|inactive|Blossummm has 25 seconds left this turn.
|inactive|Blossummm has 20 seconds left.
|
|t:|1714968808
|move|p2a: Chansey|Seismic Toss|p1a: Ferrothorn
|-damage|p1a: Ferrothorn|0 fnt
|-damage|p2a: Chansey|88/100|[from] ability: Iron Barbs|[of] p1a: Ferrothorn
|faint|p1a: Ferrothorn
|
|-weather|SunnyDay|[upkeep]
|upkeep
|inactive|Blossummm has 25 seconds left this turn.
|
|t:|1714968813
|switch|p1a: Keldeo|Keldeo|100/100
|-damage|p1a: Keldeo|94/100|[from] Stealth Rock
|turn|29
|
|t:|1714968825
|switch|p2a: Cresselia|Cresselia, F|100/100
|-damage|p2a: Cresselia|88/100|[from] Stealth Rock
|move|p1a: Keldeo|Secret Sword|p2a: Cresselia
|-resisted|p2a: Cresselia
|-damage|p2a: Cresselia|77/100
|
|-weather|SunnyDay|[upkeep]
|-heal|p1a: Keldeo|100/100|[from] item: Leftovers
|-heal|p2a: Cresselia|83/100|[from] item: Leftovers
|upkeep
|turn|30
|inactive|Blossummm has 30 seconds left.
|
|t:|1714968843
|switch|p1a: Alakazam|Alakazam, F|36/100
|move|p2a: Cresselia|Toxic|p1a: Alakazam
|-status|p1a: Alakazam|tox
|
|-weather|SunnyDay|[upkeep]
|-heal|p2a: Cresselia|89/100|[from] item: Leftovers
|upkeep
|turn|31
|inactive|Blossummm has 30 seconds left.
|
|t:|1714968861
|switch|p1a: Latios|Latios, M|76/100
|-damage|p1a: Latios|64/100|[from] Stealth Rock
|move|p2a: Cresselia|Hidden Power|p1a: Latios
|-resisted|p1a: Latios
|-damage|p1a: Latios|52/100
|
|-weather|SunnyDay|[upkeep]
|-heal|p2a: Cresselia|95/100|[from] item: Leftovers
|upkeep
|turn|32
|
|t:|1714968870
|move|p1a: Latios|Trick|p2a: Cresselia
|-activate|p1a: Latios|move: Trick|[of] p2a: Cresselia
|-item|p2a: Cresselia|Choice Scarf|[from] move: Trick
|-item|p1a: Latios|Leftovers|[from] move: Trick
|move|p2a: Cresselia|Ice Beam|p1a: Latios
|-supereffective|p1a: Latios
|-damage|p1a: Latios|8/100
|
|-weather|SunnyDay|[upkeep]
|-heal|p1a: Latios|14/100|[from] item: Leftovers
|upkeep
|turn|33
|inactive|Blossummm has 30 seconds left.
|
|t:|1714968889
|move|p1a: Latios|Draco Meteor|p2a: Cresselia
|-damage|p2a: Cresselia|50/100
|-unboost|p1a: Latios|spa|2
|move|p2a: Cresselia|Ice Beam|p1a: Latios
|-supereffective|p1a: Latios
|-damage|p1a: Latios|0 fnt
|faint|p1a: Latios
|
|-weather|SunnyDay|[upkeep]
|upkeep
|inactive|Blossummm has 30 seconds left.
|
|t:|1714968901
|switch|p1a: Alakazam|Alakazam, F|36/100 tox
|turn|34
|
|t:|1714968907
|switch|p2a: Chansey|Chansey, F|88/100
|-damage|p2a: Chansey|76/100|[from] Spikes
|-damage|p2a: Chansey|63/100|[from] Stealth Rock
|move|p1a: Alakazam|Shadow Ball|p2a: Chansey
|-immune|p2a: Chansey
|
|-weather|SunnyDay|[upkeep]
|upkeep
|turn|35
|
|t:|1714968916
|switch|p1a: Keldeo|Keldeo|100/100
|-damage|p1a: Keldeo|94/100|[from] Stealth Rock
|move|p2a: Chansey|Soft-Boiled|p2a: Chansey
|-heal|p2a: Chansey|100/100
|
|-weather|SunnyDay|[upkeep]
|-heal|p1a: Keldeo|100/100|[from] item: Leftovers
|upkeep
|turn|36
|
|t:|1714968921
|move|p1a: Keldeo|Secret Sword|p2a: Chansey
|-supereffective|p2a: Chansey
|-damage|p2a: Chansey|39/100
|move|p2a: Chansey|Toxic|p1a: Keldeo
|-status|p1a: Keldeo|tox
|
|-weather|SunnyDay|[upkeep]
|-damage|p1a: Keldeo|94/100 tox|[from] psn
|upkeep
|turn|37
|
|t:|1714968927
|switch|p2a: Cresselia|Cresselia, F|50/100
|-damage|p2a: Cresselia|37/100|[from] Stealth Rock
|move|p1a: Keldeo|Secret Sword|p2a: Cresselia
|-resisted|p2a: Cresselia
|-damage|p2a: Cresselia|26/100
|
|-weather|SunnyDay|[upkeep]
|-heal|p1a: Keldeo|100/100 tox|[from] item: Leftovers
|-damage|p1a: Keldeo|88/100 tox|[from] psn
|upkeep
|turn|38
|inactive|Blossummm has 60 seconds left.
|inactive|Blossummm has 30 seconds left.
|inactive|Blossummm has 20 seconds left.
|l| bwcbestbytest
|
|t:|1714968977
|move|p1a: Keldeo|Protect|p1a: Keldeo
|-singleturn|p1a: Keldeo|Protect
|move|p2a: Cresselia|Moonlight|p2a: Cresselia
|-heal|p2a: Cresselia|93/100
|
|-weather|SunnyDay|[upkeep]
|-heal|p1a: Keldeo|94/100 tox|[from] item: Leftovers
|-damage|p1a: Keldeo|76/100 tox|[from] psn
|upkeep
|turn|39
|inactive|Blossummm has 30 seconds left this turn.
|inactive|Blossummm has 20 seconds left.
|
|t:|1714968990
|switch|p1a: Alakazam|Alakazam, F|36/100 tox
|switch|p2a: Chansey|Chansey, F|39/100
|-damage|p2a: Chansey|27/100|[from] Spikes
|-damage|p2a: Chansey|14/100|[from] Stealth Rock
|
|-weather|SunnyDay|[upkeep]
|upkeep
|turn|40
|inactive|Blossummm has 30 seconds left this turn.
|
|t:|1714969002
|move|p1a: Alakazam|Psychic|p2a: Chansey
|-damage|p2a: Chansey|0 fnt
|faint|p2a: Chansey
|
|-weather|SunnyDay|[upkeep]
|upkeep
|inactive|Blossummm has 30 seconds left this turn.
|
|t:|1714969004
|switch|p2a: Cresselia|Cresselia, F|93/100
|-damage|p2a: Cresselia|81/100|[from] Stealth Rock
|turn|41
|j| bwcbestbytest
|
|t:|1714969012
|move|p1a: Alakazam|Shadow Ball|p2a: Cresselia
|-supereffective|p2a: Cresselia
|-damage|p2a: Cresselia|37/100
|move|p2a: Cresselia|Hidden Power|p1a: Alakazam
|-damage|p1a: Alakazam|0 fnt
|faint|p1a: Alakazam
|
|-weather|SunnyDay|[upkeep]
|upkeep
|
|t:|1714969017
|switch|p1a: Keldeo|Keldeo|76/100 tox
|-damage|p1a: Keldeo|70/100 tox|[from] Stealth Rock
|turn|42
|
|t:|1714969021
|move|p1a: Keldeo|Hidden Power|p2a: Cresselia
|-damage|p2a: Cresselia|22/100
|move|p2a: Cresselia|Hidden Power|p1a: Keldeo
|-resisted|p1a: Keldeo
|-damage|p1a: Keldeo|57/100 tox
|
|-weather|SunnyDay|[upkeep]
|-heal|p1a: Keldeo|63/100 tox|[from] item: Leftovers
|-damage|p1a: Keldeo|57/100 tox|[from] psn
|upkeep
|turn|43
|
|t:|1714969024
|move|p1a: Keldeo|Hidden Power|p2a: Cresselia
|-damage|p2a: Cresselia|6/100
|move|p2a: Cresselia|Hidden Power|p1a: Keldeo
|-resisted|p1a: Keldeo
|-damage|p1a: Keldeo|43/100 tox
|
|-weather|SunnyDay|[upkeep]
|-heal|p1a: Keldeo|49/100 tox|[from] item: Leftovers
|-damage|p1a: Keldeo|37/100 tox|[from] psn
|upkeep
|turn|44
|
|t:|1714969029
|move|p1a: Keldeo|Hidden Power|p2a: Cresselia
|-damage|p2a: Cresselia|0 fnt
|faint|p2a: Cresselia
|
|win|Blossummm
|raw|Blossummm's rating: 1409 &rarr; <strong>1426</strong><br />(+17 for winning)
|raw|PEASTARS's rating: 1364 &rarr; <strong>1347</strong><br />(-17 for losing)
|l|☆PEASTARS
|player|p2|
|c|☆Blossummm|gg
