|j|☆affksl1
|j|☆repinho2711
|t:|1717093416
|gametype|singles
|player|p1|affksl1|pokemaniac-gen3rs|1526
|player|p2|repinho2711|ethan|1496
|teamsize|p1|6
|teamsize|p2|6
|gen|5
|tier|[Gen 5] OU
|rated|
|rule|Species Clause: Limit one of each Pokémon
|rule|OHKO Clause: OHKO moves are banned
|rule|Moody Clause: Moody is banned
|rule|Evasion Items Clause: Evasion items are banned
|rule|Evasion Moves Clause: Evasion moves are banned
|rule|Endless Battle Clause: Forcing endless battles is banned
|rule|HP Percentage Mod: HP is shown in percentages
|rule|Evasion Abilities Clause: Evasion abilities are banned
|rule|Sleep Moves Clause: Sleep-inducing moves are banned
|rule|Swagger Clause: Swagger is banned
|rule|Baton Pass Stat Clause: No Baton Passer may have a way to boost its stats
|clearpoke
|poke|p1|Bronzong|item
|poke|p1|Gallade, M|item
|poke|p1|Jellicent, M|item
|poke|p1|Conkeldurr, M|item
|poke|p1|Reuniclus, F|item
|poke|p1|Dragonite, M|item
|poke|p2|Scizor, M|item
|poke|p2|Donphan, M|item
|poke|p2|Kingdra, M|item
|poke|p2|Gengar, M|item
|poke|p2|Ferrothorn, M|item
|poke|p2|Dragonite, M|item
|teampreview
|inactive|Battle timer is ON: inactive players will automatically lose when time's up. (requested by affksl1)
|
|t:|1717093422
|start
|switch|p1a: Bronzong|Bronzong|100/100
|switch|p2a: Gengar|Gengar, M|100/100
|turn|1
|
|t:|1717093427
|move|p2a: Gengar|Will-O-Wisp|p1a: Bronzong|[miss]
|-miss|p2a: Gengar|p1a: Bronzong
|move|p1a: Bronzong|Stealth Rock|p2a: Gengar
|-sidestart|p2: repinho2711|move: Stealth Rock
|
|upkeep
|turn|2
|
|t:|1717093433
|move|p2a: Gengar|Will-O-Wisp|p1a: Bronzong
|-status|p1a: Bronzong|brn
|move|p1a: Bronzong|Trick Room|p1a: Bronzong
|-fieldstart|move: Trick Room|[of] p1a: Bronzong
|
|-damage|p1a: Bronzong|94/100 brn|[from] brn
|upkeep
|turn|3
|j| 2x2real
|
|t:|1717093448
|switch|p1a: Jellicent|Jellicent, M|100/100
|-item|p1a: Jellicent|Air Balloon
|switch|p2a: Ferrothorn|Ferrothorn, M, shiny|100/100
|-damage|p2a: Ferrothorn|94/100|[from] Stealth Rock
|
|upkeep
|turn|4
|
|t:|1717093461
|switch|p1a: Conkeldurr|Conkeldurr, M|100/100
|move|p2a: Ferrothorn|Knock Off|p1a: Conkeldurr
|-resisted|p1a: Conkeldurr
|-damage|p1a: Conkeldurr|99/100
|-enditem|p1a: Conkeldurr|Life Orb|[from] move: Knock Off|[of] p2a: Ferrothorn
|
|upkeep
|turn|5
|c| 2x2real|cool tr team
|
|t:|1717093470
|switch|p2a: Gengar|Gengar, M|100/100
|-damage|p2a: Gengar|88/100|[from] Stealth Rock
|move|p1a: Conkeldurr|Drain Punch|p2a: Gengar
|-immune|p2a: Gengar
|
|-heal|p2a: Gengar|94/100|[from] item: Black Sludge
|upkeep
|turn|6
|
|t:|1717093473
|switch|p2a: Ferrothorn|Ferrothorn, M, shiny|94/100
|-damage|p2a: Ferrothorn|88/100|[from] Stealth Rock
|move|p1a: Conkeldurr|Thunder Punch|p2a: Ferrothorn
|-resisted|p2a: Ferrothorn
|-damage|p2a: Ferrothorn|75/100
|-damage|p1a: Conkeldurr|86/100|[from] ability: Iron Barbs|[of] p2a: Ferrothorn
|-damage|p1a: Conkeldurr|70/100|[from] item: Rocky Helmet|[of] p2a: Ferrothorn
|
|-fieldend|move: Trick Room
|upkeep
|turn|7
|
|t:|1717093483
|move|p1a: Conkeldurr|Drain Punch|p2a: Ferrothorn
|-supereffective|p2a: Ferrothorn
|-damage|p2a: Ferrothorn|0 fnt
|-heal|p1a: Conkeldurr|99/100|[from] drain|[of] p2a: Ferrothorn
|-damage|p1a: Conkeldurr|87/100|[from] ability: Iron Barbs|[of] p2a: Ferrothorn
|-damage|p1a: Conkeldurr|71/100|[from] item: Rocky Helmet|[of] p2a: Ferrothorn
|faint|p2a: Ferrothorn
|
|upkeep
|
|t:|1717093487
|switch|p2a: Donphan|Donphan, M|100/100
|-damage|p2a: Donphan|94/100|[from] Stealth Rock
|turn|8
|
|t:|1717093490
|switch|p1a: Jellicent|Jellicent, M|100/100
|-item|p1a: Jellicent|Air Balloon
|move|p2a: Donphan|Rapid Spin|p1a: Jellicent
|-immune|p1a: Jellicent
|
|-heal|p2a: Donphan|100/100|[from] item: Leftovers
|upkeep
|turn|9
|
|t:|1717093497
|switch|p2a: Gengar|Gengar, M|94/100
|-damage|p2a: Gengar|82/100|[from] Stealth Rock
|move|p1a: Jellicent|Trick Room|p1a: Jellicent
|-fieldstart|move: Trick Room|[of] p1a: Jellicent
|
|-heal|p2a: Gengar|88/100|[from] item: Black Sludge
|upkeep
|turn|10
|
|t:|1717093500
|move|p1a: Jellicent|Shadow Ball|p2a: Gengar
|-supereffective|p2a: Gengar
|-damage|p2a: Gengar|0 fnt
|faint|p2a: Gengar
|
|upkeep
|
|t:|1717093504
|switch|p2a: Scizor|Scizor, M|100/100
|-damage|p2a: Scizor|88/100|[from] Stealth Rock
|turn|11
|
|t:|1717093507
|move|p1a: Jellicent|Surf|p2a: Scizor
|-damage|p2a: Scizor|25/100
|move|p2a: Scizor|Pursuit|p1a: Jellicent
|-supereffective|p1a: Jellicent
|-damage|p1a: Jellicent|28/100
|-enditem|p1a: Jellicent|Air Balloon
|
|upkeep
|turn|12
|
|t:|1717093516
|move|p1a: Jellicent|Surf|p2a: Scizor
|-damage|p2a: Scizor|0 fnt
|faint|p2a: Scizor
|
|upkeep
|
|t:|1717093527
|switch|p2a: Kingdra|Kingdra, M|100/100
|-damage|p2a: Kingdra|88/100|[from] Stealth Rock
|turn|13
|
|t:|1717093531
|move|p1a: Jellicent|Ice Beam|p2a: Kingdra
|-damage|p2a: Kingdra|56/100
|move|p2a: Kingdra|Agility|p2a: Kingdra
|-boost|p2a: Kingdra|spe|2
|
|-fieldend|move: Trick Room
|upkeep
|turn|14
|
|t:|1717093536
|move|p2a: Kingdra|Dragon Pulse|p1a: Jellicent
|-damage|p1a: Jellicent|0 fnt
|faint|p1a: Jellicent
|-damage|p2a: Kingdra|46/100|[from] item: Life Orb
|
|upkeep
|
|t:|1717093539
|switch|p1a: Bronzong|Bronzong|94/100 brn
|turn|15
|
|t:|1717093542
|move|p2a: Kingdra|Hydro Pump|p1a: Bronzong
|-damage|p1a: Bronzong|35/100 brn
|-damage|p2a: Kingdra|36/100|[from] item: Life Orb
|move|p1a: Bronzong|Trick Room|p1a: Bronzong
|-fieldstart|move: Trick Room|[of] p1a: Bronzong
|
|-damage|p1a: Bronzong|29/100 brn|[from] brn
|upkeep
|turn|16
|
|t:|1717093547
|switch|p2a: Donphan|Donphan, M|100/100
|-damage|p2a: Donphan|94/100|[from] Stealth Rock
|move|p1a: Bronzong|Explosion|p2a: Donphan
|-damage|p2a: Donphan|70/100
|faint|p1a: Bronzong
|
|-heal|p2a: Donphan|76/100|[from] item: Leftovers
|upkeep
|
|t:|1717093552
|switch|p1a: Gallade|Gallade, M|100/100
|turn|17
|
|t:|1717093557
|move|p2a: Donphan|Rapid Spin|p1a: Gallade
|-damage|p1a: Gallade|91/100
|-sideend|p2: repinho2711|Stealth Rock|[from] move: Rapid Spin|[of] p2a: Donphan
|move|p1a: Gallade|Leaf Blade|p2a: Donphan
|-supereffective|p2a: Donphan
|-crit|p2a: Donphan
|-damage|p2a: Donphan|0 fnt
|faint|p2a: Donphan
|-damage|p1a: Gallade|82/100|[from] item: Life Orb
|
|upkeep
|
|t:|1717093562
|switch|p2a: Dragonite|Dragonite, M|100/100
|turn|18
|
|t:|1717093564
|move|p1a: Gallade|Ice Punch|p2a: Dragonite
|-supereffective|p2a: Dragonite
|-damage|p2a: Dragonite|16/100
|-damage|p1a: Gallade|72/100|[from] item: Life Orb
|move|p2a: Dragonite|Dragon Dance|p2a: Dragonite
|-boost|p2a: Dragonite|atk|1
|-boost|p2a: Dragonite|spe|1
|
|upkeep
|turn|19
|
|t:|1717093570
|move|p2a: Dragonite|Extreme Speed|p1a: Gallade
|-damage|p1a: Gallade|6/100
|move|p1a: Gallade|Ice Punch|p2a: Dragonite
|-supereffective|p2a: Dragonite
|-damage|p2a: Dragonite|0 fnt
|faint|p2a: Dragonite
|-damage|p1a: Gallade|0 fnt|[from] item: Life Orb
|faint|p1a: Gallade
|
|-fieldend|move: Trick Room
|upkeep
|
|t:|1717093575
|switch|p2a: Kingdra|Kingdra, M|36/100
|switch|p1a: Dragonite|Dragonite, M|100/100
|turn|20
|c|☆affksl1|gg
|
|t:|1717093589
|move|p1a: Dragonite|Extreme Speed|p2a: Kingdra
|-damage|p2a: Kingdra|0 fnt
|faint|p2a: Kingdra
|
|win|affksl1
|raw|affksl1's rating: 1526 &rarr; <strong>1544</strong><br />(+18 for winning)
|raw|repinho2711's rating: 1496 &rarr; <strong>1478</strong><br />(-18 for losing)
|l|☆repinho2711
|player|p2|
