|j|☆A Naughty Boy
|j|☆Pilif
|player|p1|A Naughty Boy|209
|player|p2|Pilif|101
|teamsize|p1|6
|teamsize|p2|6
|gametype|singles
|gen|5
|tier|[Gen 5] OU
|rated|
|rule|Sleep Clause Mod: Limit one foe put to sleep
|rule|Species Clause: Limit one of each Pokémon
|rule|OHKO Clause: OHKO moves are banned
|rule|Moody Clause: Moody is banned
|rule|Evasion Moves Clause: Evasion moves are banned
|rule|Endless Battle Clause: Forcing endless battles is banned
|rule|HP Percentage Mod: HP is shown in percentages
|rule|Evasion Abilities Clause: Evasion abilities are banned
|rule|Baton Pass Clause: Limit one Baton Passer, can't pass Spe and other stats simultaneously
|rule|Swagger Clause: Swagger is banned
|clearpoke
|poke|p1|Aerodactyl, M|item
|poke|p1|Magnezone|item
|poke|p1|Gyarados, F|item
|poke|p1|Salamence, F|item
|poke|p1|Latios, M|item
|poke|p1|Kyurem-Black|item
|poke|p2|Hippowdon, F|item
|poke|p2|Umbreon, M|item
|poke|p2|Forretress, M|item
|poke|p2|Toxicroak, M|item
|poke|p2|Infernape, M|item
|poke|p2|Hydreigon, M|item
|teampreview
|c|☆A Naughty Boy|Glhf
|
|start
|switch|p1a: Aerodactyl|Aerodactyl, M|100/100
|switch|p2a: Forretress|Forretress, M|100/100
|-ability|p1a: Aerodactyl|Pressure
|turn|1
|inactive|Battle timer is ON: inactive players will automatically lose when time's up. (requested by Pilif)
|
|move|p1a: Aerodactyl|Taunt|p2a: Forretress
|-start|p2a: Forretress|move: Taunt
|move|p2a: Forretress|Gyro Ball|p1a: Aerodactyl
|-supereffective|p1a: Aerodactyl
|-enditem|p1a: Aerodactyl|Focus Sash
|-damage|p1a: Aerodactyl|1/100
|
|upkeep
|turn|2
|
|switch|p1a: Magnezone|Magnezone|100/100
|move|p2a: Forretress|Volt Switch|p1a: Magnezone
|-resisted|p1a: Magnezone
|-damage|p1a: Magnezone|94/100
|inactive|Pilif has 135 seconds left.
|
|switch|p2a: Toxicroak|Toxicroak, M|100/100
|
|-heal|p1a: Magnezone|100/100|[from] item: Leftovers
|upkeep
|turn|3
|
|switch|p1a: Latios|Latios, M|100/100
|move|p2a: Toxicroak|Substitute|p2a: Toxicroak
|-start|p2a: Toxicroak|Substitute
|-damage|p2a: Toxicroak|75/100
|
|-heal|p2a: Toxicroak|82/100|[from] item: Black Sludge
|upkeep
|turn|4
|
|move|p1a: Latios|Psyshock|p2a: Toxicroak
|-supereffective|p2a: Toxicroak
|-end|p2a: Toxicroak|Substitute
|move|p2a: Toxicroak|Ice Punch|p1a: Latios
|-supereffective|p1a: Latios
|-damage|p1a: Latios|43/100
|
|-heal|p2a: Toxicroak|88/100|[from] item: Black Sludge
|upkeep
|turn|5
|
|switch|p2a: Hydreigon|Hydreigon, M|100/100
|move|p1a: Latios|Psyshock|p2a: Hydreigon
|-immune|p2a: Hydreigon|[msg]
|
|upkeep
|turn|6
|
|switch|p1a: Magnezone|Magnezone|100/100
|move|p2a: Hydreigon|Fire Blast|p1a: Magnezone
|-supereffective|p1a: Magnezone
|-damage|p1a: Magnezone|4/100
|
|-heal|p1a: Magnezone|10/100|[from] item: Leftovers
|upkeep
|turn|7
|
|switch|p1a: Aerodactyl|Aerodactyl, M|1/100
|-ability|p1a: Aerodactyl|Pressure
|move|p2a: Hydreigon|Fire Blast|p1a: Aerodactyl
|-resisted|p1a: Aerodactyl
|-damage|p1a: Aerodactyl|0
|faint|p1a: Aerodactyl
|
|upkeep
|
|switch|p1a: Gyarados|Gyarados, F|100/100
|turn|8
|
|switch|p2a: Forretress|Forretress, M|100/100
|move|p1a: Gyarados|Dragon Dance|p1a: Gyarados
|-boost|p1a: Gyarados|atk|1
|-boost|p1a: Gyarados|spe|1
|
|upkeep
|turn|9
|inactive|A Naughty Boy has 135 seconds left.
|inactive|A Naughty Boy has 120 seconds left.
|inactive|A Naughty Boy has 105 seconds left.
|
|switch|p1a: Latios|Latios, M|43/100
|move|p2a: Forretress|Volt Switch|p1a: Latios
|-resisted|p1a: Latios
|-damage|p1a: Latios|38/100
|
|switch|p2a: Umbreon|Umbreon, M|100/100
|
|upkeep
|turn|10
|inactive|A Naughty Boy has 135 seconds left.
|
|move|p2a: Umbreon|Protect|p2a: Umbreon
|-singleturn|p2a: Umbreon|Protect
|move|p1a: Latios|Trick|p2a: Umbreon
|-activate|p2a: Umbreon|move: Protect
|
|upkeep
|turn|11
|inactive|A Naughty Boy has 135 seconds left.
|
|switch|p2a: Hydreigon|Hydreigon, M|100/100
|move|p1a: Latios|Trick|p2a: Hydreigon
|-activate|p1a: Latios|move: Trick|[of] p2a: Hydreigon
|-item|p2a: Hydreigon|Choice Scarf|[from] move: Trick
|-item|p1a: Latios|Choice Scarf|[from] move: Trick
|
|upkeep
|turn|12
|inactive|Pilif has 135 seconds left.
|
|switch|p2a: Umbreon|Umbreon, M|100/100
|move|p1a: Latios|Draco Meteor|p2a: Umbreon
|-damage|p2a: Umbreon|60/100
|-unboost|p1a: Latios|spa|2
|
|-heal|p2a: Umbreon|66/100|[from] item: Leftovers
|upkeep
|turn|13
|inactive|A Naughty Boy has 135 seconds left.
|inactive|Pilif has 135 seconds left.
|
|switch|p1a: Magnezone|Magnezone|10/100
|move|p2a: Umbreon|Toxic|p1a: Magnezone
|-immune|p1a: Magnezone|[msg]
|
|-heal|p1a: Magnezone|16/100|[from] item: Leftovers
|-heal|p2a: Umbreon|72/100|[from] item: Leftovers
|upkeep
|turn|14
|
|switch|p2a: Hippowdon|Hippowdon, F|100/100
|-weather|Sandstorm|[from] ability: Sand Stream|[of] p2a: Hippowdon
|move|p1a: Magnezone|Flash Cannon|p2a: Hippowdon
|-damage|p2a: Hippowdon|51/100
|
|-weather|Sandstorm|[upkeep]
|-heal|p1a: Magnezone|23/100|[from] item: Leftovers
|-heal|p2a: Hippowdon|57/100|[from] item: Leftovers
|upkeep
|turn|15
|
|move|p1a: Magnezone|Flash Cannon|p2a: Hippowdon
|-damage|p2a: Hippowdon|9/100
|move|p2a: Hippowdon|Slack Off|p2a: Hippowdon
|-heal|p2a: Hippowdon|59/100
|
|-weather|Sandstorm|[upkeep]
|-heal|p1a: Magnezone|29/100|[from] item: Leftovers
|-heal|p2a: Hippowdon|65/100|[from] item: Leftovers
|upkeep
|turn|16
|inactive|A Naughty Boy has 135 seconds left.
|inactive|Pilif has 135 seconds left.
|inactive|A Naughty Boy has 120 seconds left.
|inactive|A Naughty Boy has 105 seconds left.
|
|switch|p1a: Kyurem|Kyurem-Black|100/100
|-ability|p1a: Kyurem|Teravolt
|move|p2a: Hippowdon|Earthquake|p1a: Kyurem
|-damage|p1a: Kyurem|68/100
|
|-weather|Sandstorm|[upkeep]
|-damage|p1a: Kyurem|61/100|[from] Sandstorm
|-heal|p2a: Hippowdon|72/100|[from] item: Leftovers
|upkeep
|turn|17
|inactive|Pilif has 135 seconds left.
|
|switch|p1a: Magnezone|Magnezone|29/100
|move|p2a: Hippowdon|Stealth Rock|p1a: Magnezone
|-sidestart|p1: A Naughty Boy|move: Stealth Rock
|
|-weather|Sandstorm|[upkeep]
|-heal|p1a: Magnezone|35/100|[from] item: Leftovers
|-heal|p2a: Hippowdon|78/100|[from] item: Leftovers
|upkeep
|turn|18
|inactive|A Naughty Boy has 135 seconds left.
|c|☆A Naughty Boy|Gg
|-message|A Naughty Boy forfeited.
|
|win|Pilif
|l|☆A Naughty Boy
|c|☆Pilif|gg
|raw|A Naughty Boy's rating: 1361 &rarr; <strong>1340</strong><br />(-21 for losing)
|raw|Pilif's rating: 1352 &rarr; <strong>1372</strong><br />(+20 for winning)
