|j|☆blossummm
|j|☆killapokeman
|t:|1719525757
|gametype|singles
|player|p1|blossummm|bianca|1360
|player|p2|killapokeman|hoopster|1272
|teamsize|p1|6
|teamsize|p2|6
|gen|5
|tier|[Gen 5] OU
|rated|
|rule|Species Clause: Limit one of each Pokémon
|rule|OHKO Clause: OHKO moves are banned
|rule|Moody Clause: Moody is banned
|rule|Evasion Items Clause: Evasion items are banned
|rule|Evasion Moves Clause: Evasion moves are banned
|rule|Endless Battle Clause: Forcing endless battles is banned
|rule|HP Percentage Mod: HP is shown in percentages
|rule|Evasion Abilities Clause: Evasion abilities are banned
|rule|Sleep Moves Clause: Sleep-inducing moves are banned
|rule|Swagger Clause: Swagger is banned
|rule|Baton Pass Stat Clause: No Baton Passer may have a way to boost its stats
|clearpoke
|poke|p1|Abomasnow, F|item
|poke|p1|Excadrill, F|item
|poke|p1|Landorus-Therian, M|item
|poke|p1|Latios, M|item
|poke|p1|Jirachi|item
|poke|p1|Kyurem|item
|poke|p2|Reuniclus, M|item
|poke|p2|Salamence, M|item
|poke|p2|Bronzong|item
|poke|p2|Tyranitar, M|item
|poke|p2|Tentacruel, M|item
|poke|p2|Politoed, M|item
|teampreview
|inactive|Battle timer is ON: inactive players will automatically lose when time's up. (requested by killapokeman)
|
|t:|1719525777
|start
|switch|p1a: Abomasnow|Abomasnow, F|100/100
|switch|p2a: Tyranitar|Tyranitar, M|100/100
|-weather|Hail|[from] ability: Snow Warning|[of] p1a: Abomasnow
|-weather|Sandstorm|[from] ability: Sand Stream|[of] p2a: Tyranitar
|turn|1
|
|t:|1719525799
|switch|p1a: Landorus|Landorus-Therian, M|100/100
|-ability|p1a: Landorus|Intimidate|boost
|-unboost|p2a: Tyranitar|atk|1
|move|p2a: Tyranitar|Fire Blast|p1a: Landorus
|-damage|p1a: Landorus|50/100
|
|-weather|Sandstorm|[upkeep]
|-heal|p1a: Landorus|57/100|[from] item: Leftovers
|upkeep
|turn|2
|
|t:|1719525804
|move|p1a: Landorus|Stealth Rock|p2a: Tyranitar
|-sidestart|p2: killapokeman|move: Stealth Rock
|move|p2a: Tyranitar|Ice Beam|p1a: Landorus
|-supereffective|p1a: Landorus
|-damage|p1a: Landorus|0 fnt
|faint|p1a: Landorus
|
|-weather|Sandstorm|[upkeep]
|upkeep
|inactive|blossummm has 120 seconds left.
|
|t:|1719525834
|switch|p1a: Jirachi|Jirachi|100/100
|turn|3
|
|t:|1719525837
|switch|p2a: Bronzong|Bronzong|100/100
|-damage|p2a: Bronzong|94/100|[from] Stealth Rock
|move|p1a: Jirachi|Iron Head|p2a: Bronzong
|-resisted|p2a: Bronzong
|-damage|p2a: Bronzong|83/100
|
|-weather|Sandstorm|[upkeep]
|upkeep
|turn|4
|
|t:|1719525843
|move|p1a: Jirachi|Substitute|p1a: Jirachi
|-start|p1a: Jirachi|Substitute
|-damage|p1a: Jirachi|75/100
|move|p2a: Bronzong|Trick Room|p2a: Bronzong
|-fieldstart|move: Trick Room|[of] p2a: Bronzong
|
|-weather|Sandstorm|[upkeep]
|-heal|p1a: Jirachi|82/100|[from] item: Leftovers
|upkeep
|turn|5
|
|t:|1719525848
|move|p2a: Bronzong|Stealth Rock|p1a: Jirachi
|-sidestart|p1: blossummm|move: Stealth Rock
|move|p1a: Jirachi|Body Slam|p2a: Bronzong
|-resisted|p2a: Bronzong
|-damage|p2a: Bronzong|75/100
|-status|p2a: Bronzong|par
|
|-weather|Sandstorm|[upkeep]
|-heal|p1a: Jirachi|88/100|[from] item: Leftovers
|upkeep
|turn|6
|
|t:|1719525854
|cant|p2a: Bronzong|par
|move|p1a: Jirachi|Fire Punch|p2a: Bronzong
|-supereffective|p2a: Bronzong
|-damage|p2a: Bronzong|48/100 par
|
|-weather|Sandstorm|[upkeep]
|-heal|p1a: Jirachi|94/100|[from] item: Leftovers
|upkeep
|turn|7
|
|t:|1719525858
|switch|p2a: Tentacruel|Tentacruel, M|100/100
|-damage|p2a: Tentacruel|88/100|[from] Stealth Rock
|move|p1a: Jirachi|Fire Punch|p2a: Tentacruel
|-resisted|p2a: Tentacruel
|-damage|p2a: Tentacruel|79/100
|
|-weather|Sandstorm|[upkeep]
|-damage|p2a: Tentacruel|73/100|[from] Sandstorm
|-heal|p2a: Tentacruel|79/100|[from] item: Black Sludge
|-heal|p1a: Jirachi|100/100|[from] item: Leftovers
|upkeep
|turn|8
|
|t:|1719525863
|move|p2a: Tentacruel|Scald|p1a: Jirachi
|-activate|p1a: Jirachi|Substitute|[damage]
|move|p1a: Jirachi|Body Slam|p2a: Tentacruel
|-damage|p2a: Tentacruel|60/100
|-status|p2a: Tentacruel|par
|
|-weather|Sandstorm|[upkeep]
|-damage|p2a: Tentacruel|54/100 par|[from] Sandstorm
|-heal|p2a: Tentacruel|60/100 par|[from] item: Black Sludge
|-fieldend|move: Trick Room
|upkeep
|turn|9
|
|t:|1719525867
|move|p1a: Jirachi|Iron Head|p2a: Tentacruel
|-resisted|p2a: Tentacruel
|-crit|p2a: Tentacruel
|-damage|p2a: Tentacruel|31/100 par
|move|p2a: Tentacruel|Rapid Spin|p1a: Jirachi
|-resisted|p1a: Jirachi
|-activate|p1a: Jirachi|Substitute|[damage]
|-sideend|p2: killapokeman|Stealth Rock|[from] move: Rapid Spin|[of] p2a: Tentacruel
|
|-weather|Sandstorm|[upkeep]
|-damage|p2a: Tentacruel|25/100 par|[from] Sandstorm
|-heal|p2a: Tentacruel|31/100 par|[from] item: Black Sludge
|upkeep
|turn|10
|
|t:|1719525875
|move|p1a: Jirachi|Iron Head|p2a: Tentacruel
|-resisted|p2a: Tentacruel
|-damage|p2a: Tentacruel|17/100 par
|cant|p2a: Tentacruel|flinch
|
|-weather|Sandstorm|[upkeep]
|-damage|p2a: Tentacruel|11/100 par|[from] Sandstorm
|-heal|p2a: Tentacruel|17/100 par|[from] item: Black Sludge
|upkeep
|turn|11
|
|t:|1719525881
|move|p1a: Jirachi|Iron Head|p2a: Tentacruel
|-resisted|p2a: Tentacruel
|-damage|p2a: Tentacruel|2/100 par
|cant|p2a: Tentacruel|flinch
|
|-weather|Sandstorm|[upkeep]
|-damage|p2a: Tentacruel|0 fnt|[from] Sandstorm
|faint|p2a: Tentacruel
|upkeep
|
|t:|1719525884
|switch|p2a: Bronzong|Bronzong|48/100 par
|turn|12
|
|t:|1719525888
|move|p1a: Jirachi|Fire Punch|p2a: Bronzong
|-supereffective|p2a: Bronzong
|-crit|p2a: Bronzong
|-damage|p2a: Bronzong|0 fnt
|faint|p2a: Bronzong
|
|-weather|Sandstorm|[upkeep]
|upkeep
|
|t:|1719525896
|switch|p2a: Politoed|Politoed, M|100/100
|-weather|RainDance|[from] ability: Drizzle|[of] p2a: Politoed
|turn|13
|
|t:|1719525900
|move|p1a: Jirachi|Body Slam|p2a: Politoed
|-damage|p2a: Politoed|74/100
|-status|p2a: Politoed|par
|move|p2a: Politoed|Surf|p1a: Jirachi
|-end|p1a: Jirachi|Substitute
|
|-weather|RainDance|[upkeep]
|upkeep
|turn|14
|
|t:|1719525905
|move|p1a: Jirachi|Iron Head|p2a: Politoed
|-resisted|p2a: Politoed
|-damage|p2a: Politoed|53/100 par
|cant|p2a: Politoed|flinch
|
|-weather|RainDance|[upkeep]
|upkeep
|turn|15
|
|t:|1719525909
|move|p1a: Jirachi|Iron Head|p2a: Politoed
|-resisted|p2a: Politoed
|-damage|p2a: Politoed|34/100 par
|cant|p2a: Politoed|flinch
|
|-weather|RainDance|[upkeep]
|upkeep
|turn|16
|
|t:|1719525913
|move|p1a: Jirachi|Iron Head|p2a: Politoed
|-resisted|p2a: Politoed
|-damage|p2a: Politoed|15/100 par
|cant|p2a: Politoed|flinch
|
|-weather|RainDance|[upkeep]
|upkeep
|turn|17
|
|t:|1719525917
|move|p1a: Jirachi|Iron Head|p2a: Politoed
|-resisted|p2a: Politoed
|-damage|p2a: Politoed|0 fnt
|faint|p2a: Politoed
|
|-weather|RainDance|[upkeep]
|upkeep
|
|t:|1719525919
|switch|p2a: Salamence|Salamence, M|100/100
|turn|18
|
|t:|1719525924
|move|p2a: Salamence|Dragon Dance|p2a: Salamence
|-boost|p2a: Salamence|atk|1
|-boost|p2a: Salamence|spe|1
|move|p1a: Jirachi|Iron Head|p2a: Salamence
|-damage|p2a: Salamence|67/100
|
|-weather|RainDance|[upkeep]
|upkeep
|turn|19
|
|t:|1719525927
|move|p2a: Salamence|Dragon Dance|p2a: Salamence
|-boost|p2a: Salamence|atk|1
|-boost|p2a: Salamence|spe|1
|move|p1a: Jirachi|Iron Head|p2a: Salamence
|-damage|p2a: Salamence|30/100
|
|-weather|RainDance|[upkeep]
|upkeep
|turn|20
|
|t:|1719525929
|move|p2a: Salamence|Earthquake|p1a: Jirachi
|-supereffective|p1a: Jirachi
|-damage|p1a: Jirachi|0 fnt
|faint|p1a: Jirachi
|-ability|p2a: Salamence|Moxie|boost
|-boost|p2a: Salamence|atk|1
|
|-weather|RainDance|[upkeep]
|upkeep
|
|t:|1719525935
|switch|p1a: Abomasnow|Abomasnow, F|100/100
|-damage|p1a: Abomasnow|76/100|[from] Stealth Rock
|-weather|Hail|[from] ability: Snow Warning|[of] p1a: Abomasnow
|turn|21
|
|t:|1719525940
|switch|p2a: Reuniclus|Reuniclus, M|100/100
|move|p1a: Abomasnow|Ice Shard|p2a: Reuniclus
|-crit|p2a: Reuniclus
|-damage|p2a: Reuniclus|78/100
|
|-weather|Hail|[upkeep]
|upkeep
|turn|22
|
|t:|1719525945
|move|p1a: Abomasnow|Blizzard|p2a: Reuniclus
|-damage|p2a: Reuniclus|19/100
|move|p2a: Reuniclus|Trick Room|p2a: Reuniclus
|-fieldstart|move: Trick Room|[of] p2a: Reuniclus
|
|-weather|Hail|[upkeep]
|upkeep
|turn|23
|
|t:|1719525951
|move|p2a: Reuniclus|Hidden Power|p1a: Abomasnow
|-supereffective|p1a: Abomasnow
|-damage|p1a: Abomasnow|0 fnt
|faint|p1a: Abomasnow
|
|-weather|Hail|[upkeep]
|upkeep
|
|t:|1719525962
|switch|p1a: Excadrill|Excadrill, F|100/100
|-damage|p1a: Excadrill|98/100|[from] Stealth Rock
|-ability|p1a: Excadrill|Mold Breaker
|turn|24
|
|t:|1719525968
|move|p2a: Reuniclus|Hidden Power|p1a: Excadrill
|-supereffective|p1a: Excadrill
|-damage|p1a: Excadrill|14/100
|move|p1a: Excadrill|Iron Head|p2a: Reuniclus
|-crit|p2a: Reuniclus
|-damage|p2a: Reuniclus|0 fnt
|faint|p2a: Reuniclus
|
|-weather|Hail|[upkeep]
|-damage|p1a: Excadrill|7/100|[from] Hail
|upkeep
|
|t:|1719525975
|switch|p2a: Tyranitar|Tyranitar, M|100/100
|-weather|Sandstorm|[from] ability: Sand Stream|[of] p2a: Tyranitar
|turn|25
|
|t:|1719525979
|move|p2a: Tyranitar|Ice Beam|p1a: Excadrill
|-damage|p1a: Excadrill|0 fnt
|faint|p1a: Excadrill
|
|-weather|Sandstorm|[upkeep]
|upkeep
|
|t:|1719525995
|switch|p1a: Kyurem|Kyurem|100/100
|-damage|p1a: Kyurem|76/100|[from] Stealth Rock
|-ability|p1a: Kyurem|Pressure
|turn|26
|
|t:|1719526004
|move|p2a: Tyranitar|Ancient Power|p1a: Kyurem
|-supereffective|p1a: Kyurem
|-damage|p1a: Kyurem|24/100
|move|p1a: Kyurem|Focus Blast|p2a: Tyranitar|[miss]
|-miss|p1a: Kyurem|p2a: Tyranitar
|
|-weather|Sandstorm|[upkeep]
|-damage|p1a: Kyurem|17/100|[from] Sandstorm
|-fieldend|move: Trick Room
|upkeep
|turn|27
|
|t:|1719526012
|move|p1a: Kyurem|Focus Blast|p2a: Tyranitar|[miss]
|-miss|p1a: Kyurem|p2a: Tyranitar
|move|p2a: Tyranitar|Ancient Power|p1a: Kyurem
|-supereffective|p1a: Kyurem
|-damage|p1a: Kyurem|0 fnt
|faint|p1a: Kyurem
|
|-weather|Sandstorm|[upkeep]
|upkeep
|
|t:|1719526015
|switch|p1a: Latios|Latios, M|100/100
|-damage|p1a: Latios|88/100|[from] Stealth Rock
|turn|28
|
|t:|1719526023
|move|p1a: Latios|Surf|p2a: Tyranitar
|-supereffective|p2a: Tyranitar
|-damage|p2a: Tyranitar|66/100
|move|p2a: Tyranitar|Pursuit|p1a: Latios
|-supereffective|p1a: Latios
|-enditem|p1a: Latios|Colbur Berry|[eat]
|-enditem|p1a: Latios|Colbur Berry|[weaken]
|-damage|p1a: Latios|65/100
|
|-weather|Sandstorm|[upkeep]
|-damage|p1a: Latios|59/100|[from] Sandstorm
|-heal|p2a: Tyranitar|73/100|[from] item: Leftovers
|upkeep
|turn|29
|
|t:|1719526034
|move|p1a: Latios|Surf|p2a: Tyranitar
|-supereffective|p2a: Tyranitar
|-damage|p2a: Tyranitar|40/100
|move|p2a: Tyranitar|Ice Beam|p1a: Latios
|-supereffective|p1a: Latios
|-damage|p1a: Latios|0 fnt
|faint|p1a: Latios
|
|win|killapokeman
|raw|blossummm's rating: 1360 &rarr; <strong>1335</strong><br />(-25 for losing)
|raw|killapokeman's rating: 1272 &rarr; <strong>1303</strong><br />(+31 for winning)
