|j|☆stonya
|j|☆ILoveTeamPreview
|t:|1710283816
|gametype|singles
|player|p1|stonya|266|1563
|player|p2|ILoveTeamPreview|brycen|1488
|teamsize|p1|6
|teamsize|p2|6
|gen|5
|tier|[Gen 5] OU
|rated|
|rule|Species Clause: Limit one of each Pokémon
|rule|OHKO Clause: OHKO moves are banned
|rule|Moody Clause: Moody is banned
|rule|Evasion Items Clause: Evasion items are banned
|rule|Evasion Moves Clause: Evasion moves are banned
|rule|Endless Battle Clause: Forcing endless battles is banned
|rule|HP Percentage Mod: HP is shown in percentages
|rule|Evasion Abilities Clause: Evasion abilities are banned
|rule|Sleep Moves Clause: Sleep-inducing moves are banned
|rule|Swagger Clause: Swagger is banned
|rule|Baton Pass Stat Clause: No Baton Passer may have a way to boost its stats
|clearpoke
|poke|p1|Tyranitar, M|item
|poke|p1|Magnezone|item
|poke|p1|Terrakion|item
|poke|p1|Latios, M|item
|poke|p1|Scizor, F|item
|poke|p1|Landorus-Therian, M|item
|poke|p2|Tyranitar, F|item
|poke|p2|Excadrill, M|item
|poke|p2|Skarmory, M|item
|poke|p2|Latios, M|item
|poke|p2|Keldeo|item
|poke|p2|Terrakion|item
|teampreview
|inactive|Battle timer is ON: inactive players will automatically lose when time's up. (requested by ILoveTeamPreview)
|
|t:|1710283827
|start
|switch|p1a: Miller|Scizor, F, shiny|100/100
|switch|p2a: Skarmory|Skarmory, M|100/100
|turn|1
|
|t:|1710283829
|move|p2a: Skarmory|Stealth Rock|p1a: Miller
|-sidestart|p1: stonya|move: Stealth Rock
|move|p1a: Miller|U-turn|p2a: Skarmory
|-resisted|p2a: Skarmory
|-damage|p2a: Skarmory|92/100
|-damage|p1a: Miller|84/100|[from] item: Rocky Helmet|[of] p2a: Skarmory
|
|t:|1710283831
|switch|p1a: Ray Allen|Magnezone|100/100|[from] U-turn
|-damage|p1a: Ray Allen|94/100|[from] Stealth Rock
|
|-heal|p1a: Ray Allen|100/100|[from] item: Leftovers
|upkeep
|turn|2
|
|t:|1710283833
|move|p1a: Ray Allen|Hidden Power|p2a: Skarmory
|-supereffective|p2a: Skarmory
|-damage|p2a: Skarmory|19/100
|move|p2a: Skarmory|Spikes|p1a: Ray Allen
|-sidestart|p1: stonya|Spikes
|
|upkeep
|turn|3
|
|t:|1710283835
|move|p1a: Ray Allen|Substitute|p1a: Ray Allen
|-start|p1a: Ray Allen|Substitute
|-damage|p1a: Ray Allen|76/100
|move|p2a: Skarmory|Spikes|p1a: Ray Allen
|-sidestart|p1: stonya|Spikes
|
|-heal|p1a: Ray Allen|82/100|[from] item: Leftovers
|upkeep
|turn|4
|
|t:|1710283840
|move|p1a: Ray Allen|Charge Beam|p2a: Skarmory
|-supereffective|p2a: Skarmory
|-damage|p2a: Skarmory|0 fnt
|-boost|p1a: Ray Allen|spa|1
|faint|p2a: Skarmory
|
|-heal|p1a: Ray Allen|88/100|[from] item: Leftovers
|upkeep
|
|t:|1710283842
|switch|p2a: Latios|Latios, M|100/100
|turn|5
|
|t:|1710283843
|move|p2a: Latios|Surf|p1a: Ray Allen
|-end|p1a: Ray Allen|Substitute
|move|p1a: Ray Allen|Flash Cannon|p2a: Latios
|-damage|p2a: Latios|39/100
|
|-heal|p1a: Ray Allen|94/100|[from] item: Leftovers
|upkeep
|turn|6
|
|t:|1710283855
|switch|p2a: Excadrill|Excadrill, M|100/100
|move|p1a: Ray Allen|Flash Cannon|p2a: Excadrill
|-resisted|p2a: Excadrill
|-damage|p2a: Excadrill|77/100
|
|-heal|p2a: Excadrill|84/100|[from] item: Leftovers
|-heal|p1a: Ray Allen|99/100|[from] item: Leftovers
|upkeep
|turn|7
|
|t:|1710283862
|move|p2a: Excadrill|Earthquake|p1a: Ray Allen
|-supereffective|p1a: Ray Allen
|-damage|p1a: Ray Allen|0 fnt
|faint|p1a: Ray Allen
|
|-heal|p2a: Excadrill|90/100|[from] item: Leftovers
|upkeep
|
|t:|1710283865
|switch|p1a: Bron Bron|Landorus-Therian, M|100/100
|-damage|p1a: Bron Bron|88/100|[from] Stealth Rock
|-ability|p1a: Bron Bron|Intimidate|boost
|-unboost|p2a: Excadrill|atk|1
|turn|8
|
|t:|1710283869
|move|p2a: Excadrill|Iron Head|p1a: Bron Bron
|-damage|p1a: Bron Bron|64/100
|cant|p1a: Bron Bron|flinch
|
|-heal|p2a: Excadrill|96/100|[from] item: Leftovers
|upkeep
|turn|9
|
|t:|1710283875
|move|p2a: Excadrill|Iron Head|p1a: Bron Bron
|-damage|p1a: Bron Bron|41/100
|cant|p1a: Bron Bron|flinch
|
|-heal|p2a: Excadrill|100/100|[from] item: Leftovers
|upkeep
|turn|10
|
|t:|1710283878
|move|p2a: Excadrill|Iron Head|p1a: Bron Bron
|-damage|p1a: Bron Bron|18/100
|cant|p1a: Bron Bron|flinch
|
|upkeep
|turn|11
|
|t:|1710283888
|move|p2a: Excadrill|Iron Head|p1a: Bron Bron
|-damage|p1a: Bron Bron|0 fnt
|faint|p1a: Bron Bron
|
|upkeep
|
|t:|1710283891
|switch|p1a: D.Wade|Terrakion|100/100
|-damage|p1a: D.Wade|94/100|[from] Stealth Rock
|-damage|p1a: D.Wade|78/100|[from] Spikes
|turn|12
|
|t:|1710283894
|move|p1a: D.Wade|Close Combat|p2a: Excadrill
|-supereffective|p2a: Excadrill
|-damage|p2a: Excadrill|0 fnt
|-unboost|p1a: D.Wade|def|1
|-unboost|p1a: D.Wade|spd|1
|faint|p2a: Excadrill
|
|upkeep
|
|t:|1710283907
|switch|p2a: Keldeo|Keldeo|100/100
|turn|13
|
|t:|1710283917
|switch|p1a: Pat Riely|Tyranitar, M|100/100
|-damage|p1a: Pat Riely|88/100|[from] Stealth Rock
|-damage|p1a: Pat Riely|71/100|[from] Spikes
|-weather|Sandstorm|[from] ability: Sand Stream|[of] p1a: Pat Riely
|move|p2a: Keldeo|Secret Sword|p1a: Pat Riely
|-supereffective|p1a: Pat Riely
|-damage|p1a: Pat Riely|0 fnt
|faint|p1a: Pat Riely
|
|-weather|Sandstorm|[upkeep]
|-damage|p2a: Keldeo|94/100|[from] Sandstorm
|-heal|p2a: Keldeo|100/100|[from] item: Leftovers
|upkeep
|
|t:|1710283924
|switch|p1a: Bosh|Latios, M, shiny|100/100
|-damage|p1a: Bosh|88/100|[from] Stealth Rock
|turn|14
|
|t:|1710283926
|switch|p1a: Miller|Scizor, F, shiny|84/100
|-damage|p1a: Miller|72/100|[from] Stealth Rock
|-damage|p1a: Miller|55/100|[from] Spikes
|switch|p2a: Latios|Latios, M|39/100
|
|-weather|Sandstorm|[upkeep]
|-damage|p2a: Latios|33/100|[from] Sandstorm
|upkeep
|turn|15
|
|t:|1710283928
|move|p1a: Miller|Bullet Punch|p2a: Latios
|-damage|p2a: Latios|0 fnt
|faint|p2a: Latios
|
|-weather|Sandstorm|[upkeep]
|upkeep
|
|t:|1710283931
|switch|p2a: Keldeo|Keldeo|100/100
|turn|16
|
|t:|1710283932
|move|p1a: Miller|Bullet Punch|p2a: Keldeo
|-resisted|p2a: Keldeo
|-damage|p2a: Keldeo|70/100
|move|p2a: Keldeo|Scald|p1a: Miller
|-damage|p1a: Miller|3/100
|-status|p1a: Miller|brn
|
|-weather|Sandstorm|[upkeep]
|-damage|p2a: Keldeo|64/100|[from] Sandstorm
|-heal|p2a: Keldeo|70/100|[from] item: Leftovers
|-damage|p1a: Miller|0 fnt|[from] brn
|faint|p1a: Miller
|upkeep
|
|t:|1710283936
|switch|p1a: D.Wade|Terrakion|78/100
|-damage|p1a: D.Wade|72/100|[from] Stealth Rock
|-damage|p1a: D.Wade|55/100|[from] Spikes
|turn|17
|
|t:|1710283938
|move|p1a: D.Wade|Close Combat|p2a: Keldeo
|-damage|p2a: Keldeo|0 fnt
|-unboost|p1a: D.Wade|def|1
|-unboost|p1a: D.Wade|spd|1
|faint|p2a: Keldeo
|
|-weather|Sandstorm|[upkeep]
|upkeep
|
|t:|1710283941
|switch|p2a: Tyranitar|Tyranitar, F|100/100
|turn|18
|
|t:|1710283943
|move|p1a: D.Wade|Close Combat|p2a: Tyranitar
|-supereffective|p2a: Tyranitar
|-damage|p2a: Tyranitar|0 fnt
|-unboost|p1a: D.Wade|def|1
|-unboost|p1a: D.Wade|spd|1
|faint|p2a: Tyranitar
|
|-weather|Sandstorm|[upkeep]
|upkeep
|
|t:|1710283944
|switch|p2a: Terrakion|Terrakion|100/100
|turn|19
|
|t:|1710283946
|move|p1a: D.Wade|Close Combat|p2a: Terrakion
|-supereffective|p2a: Terrakion
|-damage|p2a: Terrakion|0 fnt
|-unboost|p1a: D.Wade|def|1
|-unboost|p1a: D.Wade|spd|1
|faint|p2a: Terrakion
|
|win|stonya
|raw|stonya's rating: 1563 &rarr; <strong>1579</strong><br />(+16 for winning)
|raw|ILoveTeamPreview's rating: 1488 &rarr; <strong>1472</strong><br />(-16 for losing)
|l|☆ILoveTeamPreview
|player|p2|
