|j|☆dark web uzi
|j|☆TheRareCandyDealer
|player|p1|dark web uzi|roxie|1388
|player|p2|TheRareCandyDealer|dragontamer|1376
|teamsize|p1|6
|teamsize|p2|6
|gametype|singles
|gen|5
|tier|[Gen 5] OU
|rated|
|clearpoke
|poke|p1|Rotom-Wash|item
|poke|p1|Scizor, M|item
|poke|p1|Lucario, M|item
|poke|p1|Celebi|item
|poke|p1|Azelf|item
|poke|p1|Dragonite, F|item
|poke|p2|Salamence, M|item
|poke|p2|Hydreigon, M|item
|poke|p2|Lucario, M|item
|poke|p2|Donphan, F|item
|poke|p2|Alakazam, M|item
|poke|p2|Jellicent, F|item
|rule|Species Clause: Limit one of each Pokémon
|rule|OHKO Clause: OHKO moves are banned
|rule|Moody Clause: Moody is banned
|rule|Evasion Moves Clause: Evasion moves are banned
|rule|Endless Battle Clause: Forcing endless battles is banned
|rule|HP Percentage Mod: HP is shown in percentages
|rule|Evasion Abilities Clause: Evasion abilities are banned
|rule|Baton Pass Clause: Limit one Baton Passer, can't pass Spe and other stats simultaneously
|rule|Sleep Clause: Sleep-inducing moves are banned
|rule|Swagger Clause: Swagger is banned
|teampreview
|
|start
|switch|p1a: Azelf|Azelf|100/100
|switch|p2a: Hydreigon|Hydreigon, M|100/100
|turn|1
|
|move|p1a: Azelf|Stealth Rock|p2a: Hydreigon
|-sidestart|p2: TheRareCandyDealer|move: Stealth Rock
|move|p2a: Hydreigon|Draco Meteor|p1a: Azelf
|-crit|p1a: Azelf
|-damage|p1a: Azelf|0 fnt
|-unboost|p2a: Hydreigon|spa|2
|faint|p1a: Azelf
|
|upkeep
|
|switch|p1a: Dragonite|Dragonite, F|100/100
|turn|2
|
|switch|p2a: Donphan|Donphan, F|100/100
|-damage|p2a: Donphan|94/100|[from] Stealth Rock
|move|p1a: Dragonite|Dragon Dance|p1a: Dragonite
|-boost|p1a: Dragonite|atk|1
|-boost|p1a: Dragonite|spe|1
|
|-heal|p2a: Donphan|100/100|[from] item: Leftovers
|upkeep
|turn|3
|
|move|p1a: Dragonite|Fire Punch|p2a: Donphan
|-damage|p2a: Donphan|73/100
|move|p2a: Donphan|Rapid Spin|p1a: Dragonite
|-damage|p1a: Dragonite|97/100
|-sideend|p2: TheRareCandyDealer|Stealth Rock|[from] move: Rapid Spin|[of] p2a: Donphan
|
|-heal|p2a: Donphan|80/100|[from] item: Leftovers
|upkeep
|turn|4
|
|move|p2a: Donphan|Ice Shard|p1a: Dragonite
|-supereffective|p1a: Dragonite
|-damage|p1a: Dragonite|50/100
|move|p1a: Dragonite|Outrage|p2a: Donphan
|-damage|p2a: Donphan|22/100
|
|-heal|p2a: Donphan|28/100|[from] item: Leftovers
|upkeep
|turn|5
|
|move|p2a: Donphan|Ice Shard|p1a: Dragonite
|-supereffective|p1a: Dragonite
|-damage|p1a: Dragonite|2/100
|move|p1a: Dragonite|Outrage|p2a: Donphan|[from]lockedmove
|-damage|p2a: Donphan|0 fnt
|faint|p2a: Donphan
|
|upkeep
|
|switch|p2a: Lucario|Lucario, M|100/100
|turn|6
|
|move|p2a: Lucario|Extreme Speed|p1a: Dragonite
|-damage|p1a: Dragonite|0 fnt
|-damage|p2a: Lucario|91/100|[from] item: Life Orb
|faint|p1a: Dragonite
|
|upkeep
|
|switch|p1a: Scizor|Scizor, M|100/100
|turn|7
|inactive|Battle timer is ON: inactive players will automatically lose when time's up. (requested by TheRareCandyDealer)
|
|switch|p2a: Jellicent|Jellicent, F|100/100
|move|p1a: Scizor|Superpower|p2a: Jellicent
|-immune|p2a: Jellicent
|
|upkeep
|turn|8
|
|switch|p1a: Celebi|Celebi|100/100
|move|p2a: Jellicent|Toxic|p1a: Celebi
|-status|p1a: Celebi|tox
|
|-damage|p1a: Celebi|94/100 tox|[from] psn
|upkeep
|turn|9
|
|switch|p2a: Alakazam|Alakazam, M|100/100
|move|p1a: Celebi|Leaf Storm|p2a: Alakazam
|-damage|p2a: Alakazam|2/100
|-unboost|p1a: Celebi|spa|2
|
|-heal|p1a: Celebi|100/100 tox|[from] item: Leftovers
|-damage|p1a: Celebi|88/100 tox|[from] psn
|upkeep
|turn|10
|
|move|p2a: Alakazam|Shadow Ball|p1a: Celebi
|-supereffective|p1a: Celebi
|-damage|p1a: Celebi|33/100 tox
|-unboost|p1a: Celebi|spd|1
|move|p1a: Celebi|U-turn|p2a: Alakazam
|-supereffective|p2a: Alakazam
|-damage|p2a: Alakazam|0 fnt
|faint|p2a: Alakazam
|
|switch|p1a: Lucario|Lucario, M|100/100|[from]move: U-turn
|
|upkeep
|
|switch|p2a: Salamence|Salamence, M|100/100
|turn|11
|
|move|p2a: Salamence|Earthquake|p1a: Lucario
|-supereffective|p1a: Lucario
|-damage|p1a: Lucario|0 fnt
|-damage|p2a: Salamence|91/100|[from] item: Life Orb
|faint|p1a: Lucario
|-ability|p2a: Salamence|Moxie|boost
|-boost|p2a: Salamence|atk|1
|
|upkeep
|
|switch|p1a: Scizor|Scizor, M|100/100
|turn|12
|
|move|p1a: Scizor|Bullet Punch|p2a: Salamence
|-damage|p2a: Salamence|32/100
|move|p2a: Salamence|Fire Blast|p1a: Scizor
|-supereffective|p1a: Scizor
|-damage|p1a: Scizor|0 fnt
|-damage|p2a: Salamence|22/100|[from] item: Life Orb
|faint|p1a: Scizor
|-ability|p2a: Salamence|Moxie|boost
|-boost|p2a: Salamence|atk|1
|
|upkeep
|-message|dark web uzi forfeited.
|
|win|TheRareCandyDealer
|l|☆dark web uzi
|raw|dark web uzi's rating: 1388 &rarr; <strong>1367</strong><br />(-21 for losing)
|raw|TheRareCandyDealer's rating: 1376 &rarr; <strong>1396</strong><br />(+20 for winning)
