|j|☆kaiju user
|j|☆BUGO NELL'OZONO???
|player|p1|kaiju user|rocketgrunt|1388
|player|p2|BUGO NELL'OZONO???|blue-gen3|1581
|teamsize|p1|6
|teamsize|p2|6
|gametype|singles
|gen|5
|tier|[Gen 5] OU
|rated|
|clearpoke
|poke|p1|Tyranitar, M|item
|poke|p1|Scizor, M|item
|poke|p1|Mamoswine, M|item
|poke|p1|Excadrill, M|item
|poke|p1|Slowbro, M|item
|poke|p1|Latios, M|item
|poke|p2|Landorus-Therian, M|item
|poke|p2|Skarmory, F|item
|poke|p2|Gastrodon-East, M|item
|poke|p2|Tyranitar, M|item
|poke|p2|Alakazam, M|item
|poke|p2|Latios, M|item
|rule|Species Clause: Limit one of each Pokémon
|rule|OHKO Clause: OHKO moves are banned
|rule|Moody Clause: Moody is banned
|rule|Evasion Moves Clause: Evasion moves are banned
|rule|Endless Battle Clause: Forcing endless battles is banned
|rule|HP Percentage Mod: HP is shown in percentages
|rule|Evasion Abilities Clause: Evasion abilities are banned
|rule|Baton Pass Clause: Limit one Baton Passer, can't pass Spe and other stats simultaneously
|rule|Sleep Clause: Sleep-inducing moves are banned
|rule|Swagger Clause: Swagger is banned
|teampreview
|inactive|Battle timer is ON: inactive players will automatically lose when time's up. (requested by BUGO NELL'OZONO???)
|
|start
|switch|p1a: Scizor|Scizor, M|100/100
|switch|p2a: MR. SIMPATIA|Landorus-Therian, M|100/100
|-ability|p2a: MR. SIMPATIA|Intimidate|boost
|-unboost|p1a: Scizor|atk|1
|turn|1
|
|move|p2a: MR. SIMPATIA|U-turn|p1a: Scizor
|-resisted|p1a: Scizor
|-damage|p1a: Scizor|91/100
|
|switch|p2a: TIENILA SU|Skarmory, F|100/100|[from]move: U-turn
|move|p1a: Scizor|U-turn|p2a: TIENILA SU
|-resisted|p2a: TIENILA SU
|-damage|p2a: TIENILA SU|96/100
|-damage|p1a: Scizor|75/100|[from] item: Rocky Helmet|[of] p2a: TIENILA SU
|
|switch|p1a: Mamoswine|Mamoswine, M|100/100|[from]move: U-turn
|
|upkeep
|turn|2
|
|switch|p2a: VENERDI' DICIASSET|Alakazam, M|100/100
|move|p1a: Mamoswine|Icicle Crash|p2a: VENERDI' DICIASSET
|-enditem|p2a: VENERDI' DICIASSET|Focus Sash
|-damage|p2a: VENERDI' DICIASSET|1/100
|
|upkeep
|turn|3
|
|switch|p2a: TIENILA SU|Skarmory, F|96/100
|switch|p1a: Scizor|Scizor, M|75/100
|
|-heal|p1a: Scizor|81/100|[from] item: Leftovers
|upkeep
|turn|4
|
|move|p2a: TIENILA SU|Spikes|p1a: Scizor
|-sidestart|p1: kaiju user|Spikes
|move|p1a: Scizor|U-turn|p2a: TIENILA SU
|-resisted|p2a: TIENILA SU
|-damage|p2a: TIENILA SU|89/100
|-damage|p1a: Scizor|64/100|[from] item: Rocky Helmet|[of] p2a: TIENILA SU
|
|switch|p1a: Mamoswine|Mamoswine, M|100/100|[from]move: U-turn
|-damage|p1a: Mamoswine|88/100|[from] Spikes
|
|upkeep
|turn|5
|
|move|p1a: Mamoswine|Icicle Crash|p2a: TIENILA SU
|-damage|p2a: TIENILA SU|37/100
|move|p2a: TIENILA SU|Whirlwind|p1a: Mamoswine
|drag|p1a: Tyranitar|Tyranitar, M|100/100
|-damage|p1a: Tyranitar|88/100|[from] Spikes
|-weather|Sandstorm|[from] ability: Sand Stream|[of] p1a: Tyranitar
|
|-weather|Sandstorm|[upkeep]
|upkeep
|turn|6
|
|move|p1a: Tyranitar|Ice Beam|p2a: TIENILA SU
|-damage|p2a: TIENILA SU|14/100
|move|p2a: TIENILA SU|Roost|p2a: TIENILA SU
|-heal|p2a: TIENILA SU|64/100
|-singleturn|p2a: TIENILA SU|move: Roost
|
|-weather|Sandstorm|[upkeep]
|upkeep
|turn|7
|
|move|p1a: Tyranitar|Ice Beam|p2a: TIENILA SU
|-damage|p2a: TIENILA SU|43/100
|move|p2a: TIENILA SU|Roost|p2a: TIENILA SU
|-heal|p2a: TIENILA SU|93/100
|-singleturn|p2a: TIENILA SU|move: Roost
|
|-weather|Sandstorm|[upkeep]
|upkeep
|turn|8
|
|switch|p1a: Excadrill|Excadrill, M|100/100
|-damage|p1a: Excadrill|88/100|[from] Spikes
|switch|p2a: PALLE PIENE|Gastrodon-East, M|100/100
|
|-weather|Sandstorm|[upkeep]
|-heal|p1a: Excadrill|94/100|[from] item: Leftovers
|upkeep
|turn|9
|
|switch|p2a: TIENILA SU|Skarmory, F|93/100
|move|p1a: Excadrill|Earthquake|p2a: TIENILA SU
|-immune|p2a: TIENILA SU
|
|-weather|Sandstorm|[upkeep]
|-heal|p1a: Excadrill|99/100|[from] item: Leftovers
|upkeep
|turn|10
|
|move|p1a: Excadrill|Stealth Rock|p2a: TIENILA SU
|-sidestart|p2: BUGO NELL'OZONO???|move: Stealth Rock
|move|p2a: TIENILA SU|Spikes|p1a: Excadrill
|-sidestart|p1: kaiju user|Spikes
|
|-weather|Sandstorm|[upkeep]
|-heal|p1a: Excadrill|100/100|[from] item: Leftovers
|upkeep
|turn|11
|
|switch|p1a: Latios|Latios, M|100/100
|move|p2a: TIENILA SU|Spikes|p1a: Latios
|-sidestart|p1: kaiju user|Spikes
|
|-weather|Sandstorm|[upkeep]
|-damage|p1a: Latios|95/100|[from] Sandstorm
|upkeep
|turn|12
|
|switch|p2a: L'UOMO NEL MIRINO|Latios, M|100/100
|-damage|p2a: L'UOMO NEL MIRINO|88/100|[from] Stealth Rock
|move|p1a: Latios|Draco Meteor|p2a: L'UOMO NEL MIRINO
|-supereffective|p2a: L'UOMO NEL MIRINO
|-damage|p2a: L'UOMO NEL MIRINO|0 fnt
|-unboost|p1a: Latios|spa|2
|faint|p2a: L'UOMO NEL MIRINO
|
|-weather|Sandstorm|[upkeep]
|-damage|p1a: Latios|89/100|[from] Sandstorm
|upkeep
|
|switch|p2a: SOLO UNA BOTTA|Tyranitar, M|100/100
|-damage|p2a: SOLO UNA BOTTA|88/100|[from] Stealth Rock
|turn|13
|
|-activate|p1a: Latios|move: Pursuit
|move|p2a: SOLO UNA BOTTA|Pursuit|p1a: Latios|[from]Pursuit
|-enditem|p2a: SOLO UNA BOTTA|Dark Gem|[from] gem
|-supereffective|p1a: Latios
|-damage|p1a: Latios|0 fnt
|-hint|A Pokemon can't switch between when it runs out of HP and when it faints
|faint|p1a: Latios
|
|-weather|Sandstorm|[upkeep]
|upkeep
|
|switch|p1a: Excadrill|Excadrill, M|100/100
|-damage|p1a: Excadrill|76/100|[from] Spikes
|turn|14
|
|move|p1a: Excadrill|Rapid Spin|p2a: SOLO UNA BOTTA
|-resisted|p2a: SOLO UNA BOTTA
|-damage|p2a: SOLO UNA BOTTA|85/100
|-sideend|p1: kaiju user|Spikes|[from] move: Rapid Spin|[of] p1a: Excadrill
|move|p2a: SOLO UNA BOTTA|Fire Blast|p1a: Excadrill
|-supereffective|p1a: Excadrill
|-damage|p1a: Excadrill|15/100
|
|-weather|Sandstorm|[upkeep]
|-heal|p1a: Excadrill|21/100|[from] item: Leftovers
|upkeep
|turn|15
|
|switch|p1a: Mamoswine|Mamoswine, M|88/100
|switch|p2a: TIENILA SU|Skarmory, F|93/100
|-damage|p2a: TIENILA SU|80/100|[from] Stealth Rock
|
|-weather|Sandstorm|[upkeep]
|upkeep
|turn|16
|
|move|p1a: Mamoswine|Icicle Crash|p2a: TIENILA SU
|-crit|p2a: TIENILA SU
|-damage|p2a: TIENILA SU|0 fnt
|faint|p2a: TIENILA SU
|
|-weather|Sandstorm|[upkeep]
|upkeep
|
|switch|p2a: VENERDI' DICIASSET|Alakazam, M|1/100
|turn|17
|
|switch|p1a: Scizor|Scizor, M|64/100
|move|p2a: VENERDI' DICIASSET|Thunder Wave|p1a: Scizor
|-status|p1a: Scizor|par
|
|-weather|Sandstorm|[upkeep]
|-heal|p1a: Scizor|70/100 par|[from] item: Leftovers
|upkeep
|turn|18
|
|move|p2a: VENERDI' DICIASSET|Focus Blast|p1a: Scizor|[miss]
|-miss|p2a: VENERDI' DICIASSET|p1a: Scizor
|move|p1a: Scizor|U-turn|p2a: VENERDI' DICIASSET
|-supereffective|p2a: VENERDI' DICIASSET
|-crit|p2a: VENERDI' DICIASSET
|-damage|p2a: VENERDI' DICIASSET|0 fnt
|faint|p2a: VENERDI' DICIASSET
|
|switch|p1a: Excadrill|Excadrill, M|21/100|[from]move: U-turn
|
|-weather|Sandstorm|[upkeep]
|-heal|p1a: Excadrill|27/100|[from] item: Leftovers
|upkeep
|
|switch|p2a: MR. SIMPATIA|Landorus-Therian, M|100/100
|-damage|p2a: MR. SIMPATIA|88/100|[from] Stealth Rock
|-ability|p2a: MR. SIMPATIA|Intimidate|boost
|-unboost|p1a: Excadrill|atk|1
|turn|19
|
|switch|p1a: Slowbro|Slowbro, M|100/100
|move|p2a: MR. SIMPATIA|Earthquake|p1a: Slowbro
|-damage|p1a: Slowbro|73/100
|
|-weather|Sandstorm|[upkeep]
|-damage|p1a: Slowbro|67/100|[from] Sandstorm
|-heal|p1a: Slowbro|73/100|[from] item: Leftovers
|upkeep
|turn|20
|
|move|p2a: MR. SIMPATIA|Earthquake|p1a: Slowbro
|-damage|p1a: Slowbro|44/100
|move|p1a: Slowbro|Ice Beam|p2a: MR. SIMPATIA
|-supereffective|p2a: MR. SIMPATIA
|-damage|p2a: MR. SIMPATIA|0 fnt
|faint|p2a: MR. SIMPATIA
|
|-weather|Sandstorm|[upkeep]
|-damage|p1a: Slowbro|38/100|[from] Sandstorm
|-heal|p1a: Slowbro|44/100|[from] item: Leftovers
|upkeep
|
|switch|p2a: PALLE PIENE|Gastrodon-East, M|100/100
|-damage|p2a: PALLE PIENE|94/100|[from] Stealth Rock
|turn|21
|
|switch|p1a: Scizor|Scizor, M|70/100 par
|move|p2a: PALLE PIENE|Toxic||[still]
|-fail|p2a: PALLE PIENE
|
|-weather|Sandstorm|[upkeep]
|-heal|p2a: PALLE PIENE|100/100|[from] item: Leftovers
|-heal|p1a: Scizor|76/100 par|[from] item: Leftovers
|upkeep
|turn|22
|
|move|p2a: PALLE PIENE|Scald|p1a: Scizor
|-damage|p1a: Scizor|47/100 par
|move|p1a: Scizor|Swords Dance|p1a: Scizor
|-boost|p1a: Scizor|atk|2
|
|-weather|Sandstorm|[upkeep]
|-heal|p1a: Scizor|53/100 par|[from] item: Leftovers
|upkeep
|turn|23
|
|move|p2a: PALLE PIENE|Scald|p1a: Scizor
|-damage|p1a: Scizor|24/100 par
|move|p1a: Scizor|Roost|p1a: Scizor
|-heal|p1a: Scizor|74/100 par
|-singleturn|p1a: Scizor|move: Roost
|
|-weather|Sandstorm|[upkeep]
|-heal|p1a: Scizor|80/100 par|[from] item: Leftovers
|upkeep
|turn|24
|
|move|p2a: PALLE PIENE|Scald|p1a: Scizor
|-damage|p1a: Scizor|53/100 par
|move|p1a: Scizor|U-turn|p2a: PALLE PIENE
|-damage|p2a: PALLE PIENE|41/100
|j| PIOVERE DENTRO
|-message|BUGO NELL'OZONO??? forfeited.
|
|win|kaiju user
|l|☆BUGO NELL'OZONO???
|raw|kaiju user's rating: 1397 &rarr; <strong>1426</strong><br />(+29 for winning)
|raw|BUGO NELL&apos;OZONO???'s rating: 1581 &rarr; <strong>1552</strong><br />(-29 for losing)
|l| PIOVERE DENTRO
|l|☆kaiju user
