|j|‽Blossummm
|j|☆Silexius
|t:|1715539250
|gametype|singles
|player|p1|Blossummm|roxie|1407
|player|p2|Silexius|2|1316
|teamsize|p1|6
|teamsize|p2|6
|gen|5
|tier|[Gen 5] OU
|rated|
|rule|Species Clause: Limit one of each Pokémon
|rule|OHKO Clause: OHKO moves are banned
|rule|Moody Clause: Moody is banned
|rule|Evasion Items Clause: Evasion items are banned
|rule|Evasion Moves Clause: Evasion moves are banned
|rule|Endless Battle Clause: Forcing endless battles is banned
|rule|HP Percentage Mod: HP is shown in percentages
|rule|Evasion Abilities Clause: Evasion abilities are banned
|rule|Sleep Moves Clause: Sleep-inducing moves are banned
|rule|Swagger Clause: Swagger is banned
|rule|Baton Pass Stat Clause: No Baton Passer may have a way to boost its stats
|clearpoke
|poke|p1|Tyranitar, F|item
|poke|p1|Alakazam, F|item
|poke|p1|Latios, M|item
|poke|p1|Ferrothorn, F|item
|poke|p1|Keldeo|item
|poke|p1|Landorus-Therian, M|item
|poke|p2|Politoed, F|item
|poke|p2|Starmie|item
|poke|p2|Thundurus-Therian, M|item
|poke|p2|Keldeo|item
|poke|p2|Jirachi|item
|poke|p2|Haxorus, F|item
|teampreview
|inactive|Battle timer is ON: inactive players will automatically lose when time's up. (requested by Blossummm)
|
|t:|1715539268
|start
|switch|p1a: Ferrothorn|Ferrothorn, F|100/100
|switch|p2a: Politoed|Politoed, F|100/100
|-weather|RainDance|[from] ability: Drizzle|[of] p2a: Politoed
|turn|1
|
|t:|1715539282
|switch|p2a: Jirachi|Jirachi|100/100
|move|p1a: Ferrothorn|Spikes|p2a: Jirachi
|-sidestart|p2: Silexius|Spikes
|
|-weather|RainDance|[upkeep]
|upkeep
|turn|2
|
|t:|1715539289
|switch|p1a: Landorus|Landorus-Therian, M|100/100
|-ability|p1a: Landorus|Intimidate|boost
|-unboost|p2a: Jirachi|atk|1
|move|p2a: Jirachi|Stealth Rock|p1a: Landorus
|-sidestart|p1: Blossummm|move: Stealth Rock
|
|-weather|RainDance|[upkeep]
|upkeep
|turn|3
|
|t:|1715539298
|switch|p2a: Thundurus|Thundurus-Therian, M|100/100
|move|p1a: Landorus|Stealth Rock|p2a: Thundurus
|-sidestart|p2: Silexius|move: Stealth Rock
|
|-weather|RainDance|[upkeep]
|upkeep
|turn|4
|
|t:|1715539306
|switch|p1a: Keldeo|Keldeo|100/100
|-damage|p1a: Keldeo|94/100|[from] Stealth Rock
|move|p2a: Thundurus|Focus Blast|p1a: Keldeo
|-damage|p1a: Keldeo|41/100
|
|-weather|RainDance|[upkeep]
|-heal|p1a: Keldeo|47/100|[from] item: Leftovers
|upkeep
|turn|5
|
|t:|1715539313
|move|p1a: Keldeo|Protect|p1a: Keldeo
|-singleturn|p1a: Keldeo|Protect
|move|p2a: Thundurus|Focus Blast|p1a: Keldeo
|-activate|p1a: Keldeo|move: Protect
|
|-weather|RainDance|[upkeep]
|-heal|p1a: Keldeo|53/100|[from] item: Leftovers
|upkeep
|turn|6
|
|t:|1715539326
|switch|p1a: Landorus|Landorus-Therian, M|100/100
|-damage|p1a: Landorus|88/100|[from] Stealth Rock
|-ability|p1a: Landorus|Intimidate|boost
|-unboost|p2a: Thundurus|atk|1
|move|p2a: Thundurus|Thunder|p1a: Landorus
|-immune|p1a: Landorus
|
|-weather|RainDance|[upkeep]
|-heal|p1a: Landorus|94/100|[from] item: Leftovers
|upkeep
|turn|7
|
|t:|1715539335
|move|p2a: Thundurus|Hidden Power|p1a: Landorus
|-supereffective|p1a: Landorus
|-damage|p1a: Landorus|0 fnt
|faint|p1a: Landorus
|
|-weather|RainDance|[upkeep]
|upkeep
|
|t:|1715539339
|switch|p1a: Tyranitar|Tyranitar, F, shiny|100/100
|-damage|p1a: Tyranitar|88/100|[from] Stealth Rock
|-weather|Sandstorm|[from] ability: Sand Stream|[of] p1a: Tyranitar
|turn|8
|
|t:|1715539342
|move|p2a: Thundurus|Focus Blast|p1a: Tyranitar
|-supereffective|p1a: Tyranitar
|-enditem|p1a: Tyranitar|Chople Berry|[eat]
|-enditem|p1a: Tyranitar|Chople Berry|[weaken]
|-damage|p1a: Tyranitar|46/100
|move|p1a: Tyranitar|Crunch|p2a: Thundurus
|-damage|p2a: Thundurus|42/100
|
|-weather|Sandstorm|[upkeep]
|-damage|p2a: Thundurus|36/100|[from] Sandstorm
|-heal|p2a: Thundurus|42/100|[from] item: Leftovers
|upkeep
|turn|9
|
|t:|1715539356
|switch|p2a: Keldeo|Keldeo|100/100
|-damage|p2a: Keldeo|88/100|[from] Spikes
|-damage|p2a: Keldeo|82/100|[from] Stealth Rock
|switch|p1a: Latios|Latios, M|100/100
|-damage|p1a: Latios|88/100|[from] Stealth Rock
|
|-weather|Sandstorm|[upkeep]
|-damage|p1a: Latios|82/100|[from] Sandstorm
|-damage|p2a: Keldeo|76/100|[from] Sandstorm
|-heal|p2a: Keldeo|82/100|[from] item: Leftovers
|upkeep
|turn|10
|
|t:|1715539359
|switch|p2a: Jirachi|Jirachi|100/100
|-damage|p2a: Jirachi|88/100|[from] Spikes
|-damage|p2a: Jirachi|82/100|[from] Stealth Rock
|move|p1a: Latios|Draco Meteor|p2a: Jirachi
|-resisted|p2a: Jirachi
|-damage|p2a: Jirachi|58/100
|-unboost|p1a: Latios|spa|2
|
|-weather|Sandstorm|[upkeep]
|-damage|p1a: Latios|76/100|[from] Sandstorm
|-heal|p2a: Jirachi|65/100|[from] item: Leftovers
|upkeep
|turn|11
|
|t:|1715539367
|switch|p1a: Ferrothorn|Ferrothorn, F|100/100
|-damage|p1a: Ferrothorn|95/100|[from] Stealth Rock
|move|p2a: Jirachi|U-turn|p1a: Ferrothorn
|-damage|p1a: Ferrothorn|82/100
|-damage|p2a: Jirachi|52/100|[from] ability: Iron Barbs|[of] p1a: Ferrothorn
|
|t:|1715539374
|switch|p2a: Keldeo|Keldeo|82/100|[from] U-turn
|-damage|p2a: Keldeo|70/100|[from] Spikes
|-damage|p2a: Keldeo|63/100|[from] Stealth Rock
|
|-weather|Sandstorm|[upkeep]
|-damage|p2a: Keldeo|57/100|[from] Sandstorm
|-heal|p2a: Keldeo|63/100|[from] item: Leftovers
|upkeep
|turn|12
|
|t:|1715539379
|move|p2a: Keldeo|Substitute|p2a: Keldeo
|-start|p2a: Keldeo|Substitute
|-damage|p2a: Keldeo|39/100
|move|p1a: Ferrothorn|Power Whip|p2a: Keldeo
|-supereffective|p2a: Keldeo
|-end|p2a: Keldeo|Substitute
|
|-weather|Sandstorm|[upkeep]
|-damage|p2a: Keldeo|32/100|[from] Sandstorm
|-heal|p2a: Keldeo|39/100|[from] item: Leftovers
|upkeep
|turn|13
|
|t:|1715539383
|move|p2a: Keldeo|Secret Sword|p1a: Ferrothorn
|-supereffective|p1a: Ferrothorn
|-damage|p1a: Ferrothorn|22/100
|move|p1a: Ferrothorn|Power Whip|p2a: Keldeo
|-supereffective|p2a: Keldeo
|-damage|p2a: Keldeo|0 fnt
|faint|p2a: Keldeo
|
|-weather|Sandstorm|[upkeep]
|upkeep
|
|t:|1715539399
|switch|p2a: Starmie|Starmie|100/100
|-damage|p2a: Starmie|88/100|[from] Stealth Rock
|-item|p2a: Starmie|Air Balloon
|turn|14
|
|t:|1715539402
|move|p2a: Starmie|Ice Beam|p1a: Ferrothorn
|-damage|p1a: Ferrothorn|0 fnt
|faint|p1a: Ferrothorn
|
|-weather|Sandstorm|[upkeep]
|-damage|p2a: Starmie|82/100|[from] Sandstorm
|upkeep
|
|t:|1715539409
|switch|p1a: Alakazam|Alakazam, F|100/100
|turn|15
|
|t:|1715539414
|switch|p2a: Politoed|Politoed, F|100/100
|-damage|p2a: Politoed|88/100|[from] Spikes
|-damage|p2a: Politoed|76/100|[from] Stealth Rock
|-weather|RainDance|[from] ability: Drizzle|[of] p2a: Politoed
|move|p1a: Alakazam|Shadow Ball|p2a: Politoed
|-damage|p2a: Politoed|40/100
|
|-weather|RainDance|[upkeep]
|upkeep
|turn|16
|
|t:|1715539425
|move|p2a: Politoed|Hydro Pump|p1a: Alakazam
|-damage|p1a: Alakazam|0 fnt
|faint|p1a: Alakazam
|
|-weather|RainDance|[upkeep]
|upkeep
|
|t:|1715539447
|switch|p1a: Latios|Latios, M|76/100
|-damage|p1a: Latios|64/100|[from] Stealth Rock
|turn|17
|
|t:|1715539452
|switch|p2a: Jirachi|Jirachi|52/100
|-damage|p2a: Jirachi|40/100|[from] Spikes
|-damage|p2a: Jirachi|34/100|[from] Stealth Rock
|move|p1a: Latios|Surf|p2a: Jirachi
|-damage|p2a: Jirachi|0 fnt
|faint|p2a: Jirachi
|
|-weather|RainDance|[upkeep]
|upkeep
|
|t:|1715539464
|switch|p2a: Politoed|Politoed, F|40/100
|-damage|p2a: Politoed|28/100|[from] Spikes
|-damage|p2a: Politoed|15/100|[from] Stealth Rock
|turn|18
|
|t:|1715539468
|move|p1a: Latios|Surf|p2a: Politoed
|-resisted|p2a: Politoed
|-damage|p2a: Politoed|0 fnt
|faint|p2a: Politoed
|
|-weather|RainDance|[upkeep]
|upkeep
|
|t:|1715539474
|switch|p2a: Starmie|Starmie|82/100
|-damage|p2a: Starmie|70/100|[from] Stealth Rock
|-item|p2a: Starmie|Air Balloon
|turn|19
|
|t:|1715539481
|switch|p1a: Tyranitar|Tyranitar, F, shiny|46/100
|-damage|p1a: Tyranitar|34/100|[from] Stealth Rock
|-weather|Sandstorm|[from] ability: Sand Stream|[of] p1a: Tyranitar
|move|p2a: Starmie|Rapid Spin|p1a: Tyranitar
|-resisted|p1a: Tyranitar
|-crit|p1a: Tyranitar
|-damage|p1a: Tyranitar|30/100
|-sideend|p2: Silexius|Spikes|[from] move: Rapid Spin|[of] p2a: Starmie
|-sideend|p2: Silexius|Stealth Rock|[from] move: Rapid Spin|[of] p2a: Starmie
|
|-weather|Sandstorm|[upkeep]
|-damage|p2a: Starmie|64/100|[from] Sandstorm
|upkeep
|turn|20
|
|t:|1715539497
|move|p2a: Starmie|Hydro Pump|p1a: Tyranitar|[miss]
|-miss|p2a: Starmie|p1a: Tyranitar
|move|p1a: Tyranitar|Crunch|p2a: Starmie
|-supereffective|p2a: Starmie
|-damage|p2a: Starmie|0 fnt
|-enditem|p2a: Starmie|Air Balloon
|faint|p2a: Starmie
|
|-weather|Sandstorm|[upkeep]
|upkeep
|
|t:|1715539507
|switch|p2a: Haxorus|Haxorus, F|100/100
|-ability|p2a: Haxorus|Mold Breaker
|turn|21
|
|t:|1715539512
|move|p2a: Haxorus|Substitute|p2a: Haxorus
|-start|p2a: Haxorus|Substitute
|-damage|p2a: Haxorus|76/100
|move|p1a: Tyranitar|Thunder Wave||[still]
|-fail|p1a: Tyranitar
|
|-weather|Sandstorm|[upkeep]
|-damage|p2a: Haxorus|69/100|[from] Sandstorm
|upkeep
|turn|22
|
|t:|1715539518
|move|p2a: Haxorus|Earthquake|p1a: Tyranitar
|-supereffective|p1a: Tyranitar
|-damage|p1a: Tyranitar|0 fnt
|faint|p1a: Tyranitar
|
|-weather|Sandstorm|[upkeep]
|-damage|p2a: Haxorus|63/100|[from] Sandstorm
|upkeep
|
|t:|1715539522
|switch|p1a: Keldeo|Keldeo|53/100
|-damage|p1a: Keldeo|47/100|[from] Stealth Rock
|turn|23
|
|t:|1715539527
|move|p1a: Keldeo|Secret Sword|p2a: Haxorus
|-end|p2a: Haxorus|Substitute
|move|p2a: Haxorus|Substitute|p2a: Haxorus
|-start|p2a: Haxorus|Substitute
|-damage|p2a: Haxorus|38/100
|
|-weather|Sandstorm|[upkeep]
|-damage|p1a: Keldeo|41/100|[from] Sandstorm
|-damage|p2a: Haxorus|32/100|[from] Sandstorm
|-heal|p1a: Keldeo|47/100|[from] item: Leftovers
|upkeep
|turn|24
|
|t:|1715539531
|move|p1a: Keldeo|Secret Sword|p2a: Haxorus
|-end|p2a: Haxorus|Substitute
|move|p2a: Haxorus|Substitute|p2a: Haxorus
|-start|p2a: Haxorus|Substitute
|-damage|p2a: Haxorus|7/100
|-enditem|p2a: Haxorus|Salac Berry|[eat]
|-boost|p2a: Haxorus|spe|1|[from] item: Salac Berry
|
|-weather|Sandstorm|[upkeep]
|-damage|p2a: Haxorus|1/100|[from] Sandstorm
|-damage|p1a: Keldeo|41/100|[from] Sandstorm
|-heal|p1a: Keldeo|47/100|[from] item: Leftovers
|upkeep
|turn|25
|
|t:|1715539537
|move|p2a: Haxorus|Dragon Claw|p1a: Keldeo
|-damage|p1a: Keldeo|0 fnt
|faint|p1a: Keldeo
|
|-weather|Sandstorm|[upkeep]
|-damage|p2a: Haxorus|0 fnt|[from] Sandstorm
|faint|p2a: Haxorus
|upkeep
|
|t:|1715539543
|switch|p1a: Latios|Latios, M|64/100
|switch|p2a: Thundurus|Thundurus-Therian, M|42/100
|-damage|p1a: Latios|52/100|[from] Stealth Rock
|turn|26
|
|t:|1715539546
|move|p1a: Latios|Dragon Pulse|p2a: Thundurus
|-damage|p2a: Thundurus|0 fnt
|faint|p2a: Thundurus
|
|win|Blossummm
|raw|Blossummm's rating: 1407 &rarr; <strong>1422</strong><br />(+15 for winning)
|raw|Silexius's rating: 1316 &rarr; <strong>1301</strong><br />(-15 for losing)
|c|☆Silexius|gg
