|j|☆Mamoswine247
|j|☆ShigureSIREN
|player|p1|Mamoswine247|cynthia-gen4|1481
|player|p2|ShigureSIREN|anabel|1309
|teamsize|p1|6
|teamsize|p2|6
|gametype|singles
|gen|5
|tier|[Gen 5] OU
|rated|
|clearpoke
|poke|p1|Tyranitar, M|item
|poke|p1|Landorus-Therian, M|item
|poke|p1|Rotom-Wash|item
|poke|p1|Scizor, M|item
|poke|p1|Reuniclus, M|item
|poke|p1|Dragonite, M|item
|poke|p2|Yanmega, M|item
|poke|p2|Ninetales, M|item
|poke|p2|Darmanitan, M|item
|poke|p2|Skarmory, M|item
|poke|p2|Nidoking, M|item
|poke|p2|Latios, M|item
|rule|Species Clause: Limit one of each Pokémon
|rule|OHKO Clause: OHKO moves are banned
|rule|Moody Clause: Moody is banned
|rule|Evasion Moves Clause: Evasion moves are banned
|rule|Endless Battle Clause: Forcing endless battles is banned
|rule|HP Percentage Mod: HP is shown in percentages
|rule|Evasion Abilities Clause: Evasion abilities are banned
|rule|Baton Pass Clause: Limit one Baton Passer, can't pass Spe and other stats simultaneously
|rule|Sleep Clause: Sleep-inducing moves are banned
|rule|Swagger Clause: Swagger is banned
|teampreview
|inactive|Battle timer is ON: inactive players will automatically lose when time's up. (requested by Mamoswine247)
|j| Dracovii
|
|start
|switch|p1a: Pimpnite|Dragonite, M|100/100
|switch|p2a: ナインテ|Ninetales, M|100/100
|-weather|SunnyDay|[from] ability: Drought|[of] p2a: ナインテ
|turn|1
|
|move|p2a: ナインテ|Will-O-Wisp|p1a: Pimpnite
|-status|p1a: Pimpnite|brn
|move|p1a: Pimpnite|Earthquake|p2a: ナインテ
|-supereffective|p2a: ナインテ
|-damage|p2a: ナインテ|6/100
|
|-weather|SunnyDay|[upkeep]
|-damage|p1a: Pimpnite|88/100 brn|[from] brn
|upkeep
|turn|2
|
|switch|p1a: HydroShock|Rotom-Wash, shiny|100/100
|move|p2a: ナインテ|Hidden Power|p1a: HydroShock
|-resisted|p1a: HydroShock
|-damage|p1a: HydroShock|93/100
|
|-weather|SunnyDay|[upkeep]
|-heal|p1a: HydroShock|99/100|[from] item: Leftovers
|upkeep
|turn|3
|
|switch|p2a: エルシオン|Latios, M|100/100
|move|p1a: HydroShock|Will-O-Wisp|p2a: エルシオン
|-status|p2a: エルシオン|brn
|
|-weather|SunnyDay|[upkeep]
|-heal|p1a: HydroShock|100/100|[from] item: Leftovers
|-damage|p2a: エルシオン|88/100 brn|[from] brn
|upkeep
|turn|4
|
|switch|p1a: Bangirasu|Tyranitar, M, shiny|100/100
|-weather|Sandstorm|[from] ability: Sand Stream|[of] p1a: Bangirasu
|move|p2a: エルシオン|Trick|p1a: Bangirasu
|-activate|p2a: エルシオン|move: Trick|[of] p1a: Bangirasu
|-item|p1a: Bangirasu|Choice Scarf|[from] move: Trick
|-item|p2a: エルシオン|Choice Scarf|[from] move: Trick
|
|-weather|Sandstorm|[upkeep]
|-damage|p2a: エルシオン|82/100 brn|[from] Sandstorm
|-damage|p2a: エルシオン|70/100 brn|[from] brn
|upkeep
|turn|5
|
|-activate|p2a: エルシオン|move: Pursuit
|move|p1a: Bangirasu|Pursuit|p2a: エルシオン|[from]Pursuit
|-supereffective|p2a: エルシオン
|-damage|p2a: エルシオン|0 fnt
|-hint|A Pokemon can't switch between when it runs out of HP and when it faints
|faint|p2a: エルシオン
|
|-weather|Sandstorm|[upkeep]
|upkeep
|
|switch|p2a: スカBAN|Skarmory, M|100/100
|turn|6
|
|switch|p1a: HydroShock|Rotom-Wash, shiny|100/100
|switch|p2a: ナインテ|Ninetales, M|6/100
|-weather|SunnyDay|[from] ability: Drought|[of] p2a: ナインテ
|
|-weather|SunnyDay|[upkeep]
|upkeep
|turn|7
|
|move|p2a: ナインテ|Solar Beam||[still]
|-prepare|p2a: ナインテ|Solar Beam|p1a: HydroShock
|-anim|p2a: ナインテ|Solar Beam|p1a: HydroShock
|-supereffective|p1a: HydroShock
|-damage|p1a: HydroShock|47/100
|move|p1a: HydroShock|Volt Switch|p2a: ナインテ
|-damage|p2a: ナインテ|0 fnt
|faint|p2a: ナインテ
|
|switch|p1a: Pimpnite|Dragonite, M|88/100 brn|[from]move: Volt Switch
|
|-weather|SunnyDay|[upkeep]
|-damage|p1a: Pimpnite|76/100 brn|[from] brn
|upkeep
|
|switch|p2a: ミャンマー|Yanmega, M|100/100
|turn|8
|
|move|p2a: ミャンマー|Hidden Power|p1a: Pimpnite
|-supereffective|p1a: Pimpnite
|-damage|p1a: Pimpnite|0 fnt
|faint|p1a: Pimpnite
|
|-weather|SunnyDay|[upkeep]
|-ability|p2a: ミャンマー|Speed Boost|boost
|-boost|p2a: ミャンマー|spe|1
|upkeep
|
|switch|p1a: SuperFetus|Reuniclus, M, shiny|100/100
|turn|9
|
|move|p2a: ミャンマー|Bug Buzz|p1a: SuperFetus
|-enditem|p2a: ミャンマー|Bug Gem|[from] gem
|-supereffective|p1a: SuperFetus
|-damage|p1a: SuperFetus|0 fnt
|faint|p1a: SuperFetus
|
|-weather|SunnyDay|[upkeep]
|-ability|p2a: ミャンマー|Speed Boost|boost
|-boost|p2a: ミャンマー|spe|1
|upkeep
|
|switch|p1a: Bangirasu|Tyranitar, M, shiny|100/100
|-weather|Sandstorm|[from] ability: Sand Stream|[of] p1a: Bangirasu
|turn|10
|
|move|p2a: ミャンマー|Bug Buzz|p1a: Bangirasu
|-supereffective|p1a: Bangirasu
|-damage|p1a: Bangirasu|38/100
|move|p1a: Bangirasu|Crunch|p2a: ミャンマー
|-damage|p2a: ミャンマー|45/100
|
|-weather|Sandstorm|[upkeep]
|-damage|p2a: ミャンマー|39/100|[from] Sandstorm
|-ability|p2a: ミャンマー|Speed Boost|boost
|-boost|p2a: ミャンマー|spe|1
|upkeep
|turn|11
|
|move|p2a: ミャンマー|Bug Buzz|p1a: Bangirasu
|-supereffective|p1a: Bangirasu
|-damage|p1a: Bangirasu|0 fnt
|faint|p1a: Bangirasu
|
|-weather|Sandstorm|[upkeep]
|-damage|p2a: ミャンマー|32/100|[from] Sandstorm
|-ability|p2a: ミャンマー|Speed Boost|boost
|-boost|p2a: ミャンマー|spe|1
|upkeep
|
|switch|p1a: Crimson|Scizor, M|100/100
|turn|12
|
|switch|p2a: スカBAN|Skarmory, M|100/100
|move|p1a: Crimson|Bullet Punch|p2a: スカBAN
|-resisted|p2a: スカBAN
|-damage|p2a: スカBAN|90/100
|-damage|p1a: Crimson|84/100|[from] item: Rocky Helmet|[of] p2a: スカBAN
|
|-weather|Sandstorm|[upkeep]
|upkeep
|turn|13
|
|switch|p1a: HydroShock|Rotom-Wash, shiny|47/100
|move|p2a: スカBAN|Stealth Rock|p1a: HydroShock
|-sidestart|p1: Mamoswine247|move: Stealth Rock
|
|-weather|Sandstorm|[upkeep]
|-damage|p1a: HydroShock|41/100|[from] Sandstorm
|-heal|p1a: HydroShock|47/100|[from] item: Leftovers
|upkeep
|turn|14
|
|switch|p2a: King|Nidoking, M|100/100
|move|p1a: HydroShock|Hydro Pump|p2a: King
|-supereffective|p2a: King
|-damage|p2a: King|0 fnt
|faint|p2a: King
|
|-weather|Sandstorm|[upkeep]
|-damage|p1a: HydroShock|41/100|[from] Sandstorm
|-heal|p1a: HydroShock|47/100|[from] item: Leftovers
|upkeep
|
|switch|p2a: ダルミン|Darmanitan, M|100/100
|turn|15
|
|move|p2a: ダルミン|U-turn|p1a: HydroShock
|-damage|p1a: HydroShock|22/100
|
|switch|p2a: スカBAN|Skarmory, M|90/100|[from]move: U-turn
|move|p1a: HydroShock|Pain Split|p2a: スカBAN
|-sethp|p2a: スカBAN|55/100|[from] move: Pain Split|[silent]
|-sethp|p1a: HydroShock|61/100|[from] move: Pain Split
|
|-weather|Sandstorm|[upkeep]
|-damage|p1a: HydroShock|54/100|[from] Sandstorm
|-heal|p1a: HydroShock|61/100|[from] item: Leftovers
|upkeep
|turn|16
|
|move|p1a: HydroShock|Volt Switch|p2a: スカBAN
|-supereffective|p2a: スカBAN
|-damage|p2a: スカBAN|0 fnt
|faint|p2a: スカBAN
|
|switch|p1a: Rawr|Landorus-Therian, M, shiny|100/100|[from]move: Volt Switch
|-damage|p1a: Rawr|88/100|[from] Stealth Rock
|
|-weather|Sandstorm|[upkeep]
|-heal|p1a: Rawr|94/100|[from] item: Leftovers
|upkeep
|
|switch|p2a: ミャンマー|Yanmega, M|32/100
|turn|17
|
|switch|p1a: HydroShock|Rotom-Wash, shiny|61/100
|-damage|p1a: HydroShock|48/100|[from] Stealth Rock
|move|p2a: ミャンマー|Protect||[still]
|-fail|p2a: ミャンマー
|
|-weather|Sandstorm|[upkeep]
|-damage|p2a: ミャンマー|26/100|[from] Sandstorm
|-damage|p1a: HydroShock|42/100|[from] Sandstorm
|-heal|p1a: HydroShock|48/100|[from] item: Leftovers
|-ability|p2a: ミャンマー|Speed Boost|boost
|-boost|p2a: ミャンマー|spe|1
|upkeep
|turn|18
|
|move|p2a: ミャンマー|Bug Buzz|p1a: HydroShock
|-damage|p1a: HydroShock|7/100
|move|p1a: HydroShock|Volt Switch|p2a: ミャンマー
|-supereffective|p2a: ミャンマー
|-damage|p2a: ミャンマー|0 fnt
|faint|p2a: ミャンマー
|
|switch|p1a: Rawr|Landorus-Therian, M, shiny|94/100|[from]move: Volt Switch
|-damage|p1a: Rawr|82/100|[from] Stealth Rock
|
|-weather|Sandstorm|[upkeep]
|-heal|p1a: Rawr|88/100|[from] item: Leftovers
|upkeep
|
|switch|p2a: ダルミン|Darmanitan, M|100/100
|turn|19
|
|move|p2a: ダルミン|Flare Blitz|p1a: Rawr
|-damage|p1a: Rawr|0 fnt
|-damage|p2a: ダルミン|74/100|[from] Recoil
|faint|p1a: Rawr
|
|-weather|Sandstorm|[upkeep]
|-damage|p2a: ダルミン|68/100|[from] Sandstorm
|upkeep
|
|switch|p1a: HydroShock|Rotom-Wash, shiny|7/100
|-damage|p1a: HydroShock|0 fnt|[from] Stealth Rock
|faint|p1a: HydroShock
|
|switch|p1a: Crimson|Scizor, M|84/100
|-damage|p1a: Crimson|72/100|[from] Stealth Rock
|turn|20
|
|move|p1a: Crimson|Bullet Punch|p2a: ダルミン
|-resisted|p2a: ダルミン
|-damage|p2a: ダルミン|43/100
|move|p2a: ダルミン|Flare Blitz|p1a: Crimson
|-supereffective|p1a: Crimson
|-damage|p1a: Crimson|0 fnt
|-damage|p2a: ダルミン|23/100|[from] Recoil
|faint|p1a: Crimson
|
|win|ShigureSIREN
|raw|Mamoswine247's rating: 1481 &rarr; <strong>1452</strong><br />(-29 for losing)
|raw|ShigureSIREN's rating: 1309 &rarr; <strong>1338</strong><br />(+29 for winning)
|l|☆Mamoswine247
