|j|☆lady_dimitrescu_2
|j|☆will098
|t:|1732169862
|gametype|singles
|player|p1|lady_dimitrescu_2|shadowtriad|1264
|player|p2|will098|gambler|1321
|teamsize|p1|6
|teamsize|p2|6
|gen|5
|tier|[Gen 5] OU
|rated|
|rule|Species Clause: Limit one of each Pokémon
|rule|OHKO Clause: OHKO moves are banned
|rule|Moody Clause: Moody is banned
|rule|Evasion Items Clause: Evasion items are banned
|rule|Evasion Moves Clause: Evasion moves are banned
|rule|Endless Battle Clause: Forcing endless battles is banned
|rule|HP Percentage Mod: HP is shown in percentages
|rule|Evasion Abilities Clause: Evasion abilities are banned
|rule|Sleep Moves Clause: Sleep-inducing moves are banned
|rule|Swagger Clause: Swagger is banned
|rule|Baton Pass Stat Clause: No Baton Passer may have a way to boost its stats
|clearpoke
|poke|p1|Tyranitar, F|item
|poke|p1|Ferrothorn, F|item
|poke|p1|Rotom-Wash|item
|poke|p1|Latios, M|item
|poke|p1|Garchomp, F|item
|poke|p1|Alakazam, F|item
|poke|p2|Thundurus-Therian, M|item
|poke|p2|Latios, M|item
|poke|p2|Landorus-Therian, M|item
|poke|p2|Politoed, F|item
|poke|p2|Jirachi|item
|poke|p2|Ferrothorn, M|item
|teampreview
|
|t:|1732169884
|start
|switch|p1a: Ferrothorn|Ferrothorn, F|100/100
|switch|p2a: Landorus|Landorus-Therian, M|100/100
|-ability|p2a: Landorus|Intimidate|boost
|-unboost|p1a: Ferrothorn|atk|1
|turn|1
|
|t:|1732169890
|move|p2a: Landorus|Earthquake|p1a: Ferrothorn
|-damage|p1a: Ferrothorn|61/100
|move|p1a: Ferrothorn|Stealth Rock|p2a: Landorus
|-sidestart|p2: will098|move: Stealth Rock
|
|-heal|p1a: Ferrothorn|67/100|[from] item: Leftovers
|upkeep
|turn|2
|inactive|Battle timer is ON: inactive players will automatically lose when time's up. (requested by lady_dimitrescu_2)
|
|t:|1732169943
|switch|p2a: Ferrothorn|Ferrothorn, M|100/100
|-damage|p2a: Ferrothorn|94/100|[from] Stealth Rock
|switch|p1a: Rotom|Rotom-Wash|100/100
|
|-heal|p2a: Ferrothorn|100/100|[from] item: Leftovers
|upkeep
|turn|3
|
|t:|1732169962
|switch|p1a: Ferrothorn|Ferrothorn, F|67/100
|move|p2a: Ferrothorn|Thunder Wave|p1a: Ferrothorn
|-status|p1a: Ferrothorn|par
|
|-heal|p1a: Ferrothorn|74/100 par|[from] item: Leftovers
|upkeep
|turn|4
|inactive|will098 has 120 seconds left.
|inactive|will098 has 90 seconds left.
|
|t:|1732170027
|move|p2a: Ferrothorn|Stealth Rock|p1a: Ferrothorn
|-sidestart|p1: lady_dimitrescu_2|move: Stealth Rock
|cant|p1a: Ferrothorn|par
|
|-heal|p1a: Ferrothorn|80/100 par|[from] item: Leftovers
|upkeep
|turn|5
|
|t:|1732170031
|switch|p2a: Thundurus|Thundurus-Therian, M|100/100
|-damage|p2a: Thundurus|75/100|[from] Stealth Rock
|move|p1a: Ferrothorn|Spikes|p2a: Thundurus
|-sidestart|p2: will098|Spikes
|
|-heal|p2a: Thundurus|81/100|[from] item: Leftovers
|-heal|p1a: Ferrothorn|86/100 par|[from] item: Leftovers
|upkeep
|turn|6
|
|t:|1732170044
|switch|p1a: Latios|Latios, M|100/100
|-damage|p1a: Latios|88/100|[from] Stealth Rock
|move|p2a: Thundurus|Substitute|p2a: Thundurus
|-start|p2a: Thundurus|Substitute
|-damage|p2a: Thundurus|57/100
|
|-heal|p2a: Thundurus|62/100|[from] item: Leftovers
|upkeep
|turn|7
|
|t:|1732170048
|move|p1a: Latios|Dragon Pulse|p2a: Thundurus
|-end|p2a: Thundurus|Substitute
|move|p2a: Thundurus|Hidden Power|p1a: Latios
|-supereffective|p1a: Latios
|-damage|p1a: Latios|32/100
|
|-heal|p2a: Thundurus|68/100|[from] item: Leftovers
|upkeep
|turn|8
|
|t:|1732170052
|switch|p2a: Ferrothorn|Ferrothorn, M|100/100
|-damage|p2a: Ferrothorn|94/100|[from] Stealth Rock
|-damage|p2a: Ferrothorn|82/100|[from] Spikes
|move|p1a: Latios|Dragon Pulse|p2a: Ferrothorn
|-resisted|p2a: Ferrothorn
|-damage|p2a: Ferrothorn|55/100
|
|-heal|p2a: Ferrothorn|62/100|[from] item: Leftovers
|upkeep
|turn|9
|
|t:|1732170060
|switch|p1a: Ferrothorn|Ferrothorn, F|86/100 par
|-damage|p1a: Ferrothorn|80/100 par|[from] Stealth Rock
|move|p2a: Ferrothorn|Leech Seed|p1a: Ferrothorn
|-immune|p1a: Ferrothorn
|
|-heal|p2a: Ferrothorn|68/100|[from] item: Leftovers
|-heal|p1a: Ferrothorn|86/100 par|[from] item: Leftovers
|upkeep
|turn|10
|
|t:|1732170071
|switch|p2a: Thundurus|Thundurus-Therian, M|68/100
|-damage|p2a: Thundurus|43/100|[from] Stealth Rock
|move|p1a: Ferrothorn|Knock Off|p2a: Thundurus
|-damage|p2a: Thundurus|37/100
|-enditem|p2a: Thundurus|Leftovers|[from] move: Knock Off|[of] p1a: Ferrothorn
|
|-heal|p1a: Ferrothorn|92/100 par|[from] item: Leftovers
|upkeep
|turn|11
|inactive|will098 has 120 seconds left.
|
|t:|1732170105
|switch|p1a: Latios|Latios, M|32/100
|-damage|p1a: Latios|20/100|[from] Stealth Rock
|move|p2a: Thundurus|Thunder|p1a: Latios
|-resisted|p1a: Latios
|-damage|p1a: Latios|0 fnt
|faint|p1a: Latios
|
|upkeep
|inactive|lady_dimitrescu_2 has 120 seconds left.
|
|t:|1732170130
|switch|p1a: Garchomp|Garchomp, F|100/100
|-damage|p1a: Garchomp|94/100|[from] Stealth Rock
|turn|12
|inactive|will098 has 120 seconds left.
|
|t:|1732170174
|move|p1a: Garchomp|Dragon Claw|p2a: Thundurus
|-damage|p2a: Thundurus|0 fnt
|faint|p2a: Thundurus
|
|upkeep
|inactive|will098 has 90 seconds left.
|
|t:|1732170204
|switch|p2a: Politoed|Politoed, F, shiny|100/100
|-damage|p2a: Politoed|88/100|[from] Stealth Rock
|-damage|p2a: Politoed|75/100|[from] Spikes
|-weather|RainDance|[from] ability: Drizzle|[of] p2a: Politoed
|turn|13
|inactive|lady_dimitrescu_2 has 120 seconds left.
|
|t:|1732170219
|switch|p1a: Ferrothorn|Ferrothorn, F|92/100 par
|-damage|p1a: Ferrothorn|86/100 par|[from] Stealth Rock
|move|p2a: Politoed|Scald|p1a: Ferrothorn
|-resisted|p1a: Ferrothorn
|-damage|p1a: Ferrothorn|72/100 par
|
|-weather|RainDance|[upkeep]
|-heal|p2a: Politoed|82/100|[from] item: Leftovers
|-heal|p1a: Ferrothorn|79/100 par|[from] item: Leftovers
|upkeep
|turn|14
|inactive|will098 has 60 seconds left.
|
|t:|1732170251
|switch|p2a: Landorus|Landorus-Therian, M|100/100
|-damage|p2a: Landorus|88/100|[from] Stealth Rock
|-ability|p2a: Landorus|Intimidate|boost
|-unboost|p1a: Ferrothorn|atk|1
|move|p1a: Ferrothorn|Knock Off|p2a: Landorus
|-damage|p2a: Landorus|84/100
|-enditem|p2a: Landorus|Choice Scarf|[from] move: Knock Off|[of] p1a: Ferrothorn
|
|-weather|RainDance|[upkeep]
|-heal|p1a: Ferrothorn|85/100 par|[from] item: Leftovers
|upkeep
|turn|15
|inactive|lady_dimitrescu_2 has 120 seconds left.
|
|t:|1732170274
|move|p2a: Landorus|Earthquake|p1a: Ferrothorn
|-damage|p1a: Ferrothorn|44/100 par
|cant|p1a: Ferrothorn|par
|
|-weather|RainDance|[upkeep]
|-heal|p1a: Ferrothorn|50/100 par|[from] item: Leftovers
|upkeep
|turn|16
|
|t:|1732170281
|switch|p1a: Rotom|Rotom-Wash|100/100
|-damage|p1a: Rotom|88/100|[from] Stealth Rock
|move|p2a: Landorus|Earthquake|p1a: Rotom
|-immune|p1a: Rotom|[from] ability: Levitate
|
|-weather|RainDance|[upkeep]
|-heal|p1a: Rotom|94/100|[from] item: Leftovers
|upkeep
|turn|17
|
|t:|1732170293
|move|p2a: Landorus|U-turn|p1a: Rotom
|-damage|p1a: Rotom|65/100
|
|t:|1732170298
|switch|p2a: Ferrothorn|Ferrothorn, M|68/100|[from] U-turn
|-damage|p2a: Ferrothorn|62/100|[from] Stealth Rock
|-damage|p2a: Ferrothorn|49/100|[from] Spikes
|move|p1a: Rotom|Volt Switch|p2a: Ferrothorn
|-resisted|p2a: Ferrothorn
|-damage|p2a: Ferrothorn|40/100
|inactive|lady_dimitrescu_2 has 90 seconds left.
|
|t:|1732170334
|switch|p1a: Tyranitar|Tyranitar, F|100/100|[from] Volt Switch
|-damage|p1a: Tyranitar|88/100|[from] Stealth Rock
|-weather|Sandstorm|[from] ability: Sand Stream|[of] p1a: Tyranitar
|
|-weather|Sandstorm|[upkeep]
|-heal|p2a: Ferrothorn|47/100|[from] item: Leftovers
|upkeep
|turn|18
|inactive|will098 has 90 seconds left.
|inactive|lady_dimitrescu_2 has 90 seconds left.
|
|t:|1732170370
|switch|p2a: Politoed|Politoed, F, shiny|82/100
|-damage|p2a: Politoed|69/100|[from] Stealth Rock
|-damage|p2a: Politoed|57/100|[from] Spikes
|-weather|RainDance|[from] ability: Drizzle|[of] p2a: Politoed
|move|p1a: Tyranitar|Fire Blast|p2a: Politoed
|-resisted|p2a: Politoed
|-damage|p2a: Politoed|50/100
|
|-weather|RainDance|[upkeep]
|-heal|p2a: Politoed|57/100|[from] item: Leftovers
|upkeep
|turn|19
|inactive|lady_dimitrescu_2 has 90 seconds left.
|
|t:|1732170385
|switch|p1a: Ferrothorn|Ferrothorn, F|50/100 par
|-damage|p1a: Ferrothorn|44/100 par|[from] Stealth Rock
|move|p2a: Politoed|Scald|p1a: Ferrothorn
|-resisted|p1a: Ferrothorn
|-damage|p1a: Ferrothorn|30/100 par
|
|-weather|RainDance|[upkeep]
|-heal|p2a: Politoed|63/100|[from] item: Leftovers
|-heal|p1a: Ferrothorn|37/100 par|[from] item: Leftovers
|upkeep
|turn|20
|
|t:|1732170392
|switch|p2a: Landorus|Landorus-Therian, M|84/100
|-damage|p2a: Landorus|72/100|[from] Stealth Rock
|-ability|p2a: Landorus|Intimidate|boost
|-unboost|p1a: Ferrothorn|atk|1
|move|p1a: Ferrothorn|Spikes|p2a: Landorus
|-sidestart|p2: will098|Spikes
|
|-weather|RainDance|[upkeep]
|-heal|p1a: Ferrothorn|43/100 par|[from] item: Leftovers
|upkeep
|turn|21
|inactive|lady_dimitrescu_2 has 90 seconds left.
|
|t:|1732170423
|move|p2a: Landorus|Stone Edge|p1a: Ferrothorn
|-resisted|p1a: Ferrothorn
|-damage|p1a: Ferrothorn|27/100 par
|cant|p1a: Ferrothorn|par
|
|-weather|RainDance|[upkeep]
|-heal|p1a: Ferrothorn|34/100 par|[from] item: Leftovers
|upkeep
|turn|22
|
|t:|1732170430
|move|p2a: Landorus|Earthquake|p1a: Ferrothorn
|-damage|p1a: Ferrothorn|0 fnt
|faint|p1a: Ferrothorn
|
|-weather|RainDance|[upkeep]
|upkeep
|
|t:|1732170436
|switch|p1a: Alakazam|Alakazam, F|100/100
|turn|23
|
|t:|1732170448
|switch|p2a: Jirachi|Jirachi|100/100
|-damage|p2a: Jirachi|94/100|[from] Stealth Rock
|-damage|p2a: Jirachi|78/100|[from] Spikes
|move|p1a: Alakazam|Hidden Power|p2a: Jirachi
|-resisted|p2a: Jirachi
|-crit|p2a: Jirachi
|-damage|p2a: Jirachi|57/100
|
|-weather|RainDance|[upkeep]
|-heal|p2a: Jirachi|63/100|[from] item: Leftovers
|upkeep
|turn|24
|
|t:|1732170465
|switch|p1a: Rotom|Rotom-Wash|65/100
|-damage|p1a: Rotom|52/100|[from] Stealth Rock
|move|p2a: Jirachi|Body Slam|p1a: Rotom
|-damage|p1a: Rotom|34/100
|-status|p1a: Rotom|par
|
|-weather|RainDance|[upkeep]
|-heal|p2a: Jirachi|69/100|[from] item: Leftovers
|-heal|p1a: Rotom|39/100 par|[from] item: Leftovers
|upkeep
|turn|25
|inactive|will098 has 90 seconds left.
|
|t:|1732170487
|move|p2a: Jirachi|Iron Head|p1a: Rotom
|-resisted|p1a: Rotom
|-damage|p1a: Rotom|33/100 par
|cant|p1a: Rotom|flinch
|
|-weather|RainDance|[upkeep]
|-heal|p2a: Jirachi|75/100|[from] item: Leftovers
|-heal|p1a: Rotom|38/100 par|[from] item: Leftovers
|upkeep
|turn|26
|inactive|will098 has 90 seconds left.
|
|t:|1732170500
|switch|p2a: Latios|Latios, M, shiny|100/100
|-damage|p2a: Latios|88/100|[from] Stealth Rock
|move|p1a: Rotom|Pain Split|p2a: Latios
|-sethp|p2a: Latios|63/100|[from] move: Pain Split|[silent]
|-sethp|p1a: Rotom|63/100 par|[from] move: Pain Split
|
|-weather|RainDance|[upkeep]
|-heal|p1a: Rotom|69/100 par|[from] item: Leftovers
|upkeep
|turn|27
|inactive|will098 has 90 seconds left.
|
|t:|1732170535
|switch|p1a: Tyranitar|Tyranitar, F|88/100
|-damage|p1a: Tyranitar|76/100|[from] Stealth Rock
|-weather|Sandstorm|[from] ability: Sand Stream|[of] p1a: Tyranitar
|move|p2a: Latios|Surf|p1a: Tyranitar
|-supereffective|p1a: Tyranitar
|-damage|p1a: Tyranitar|40/100
|
|-weather|Sandstorm|[upkeep]
|-damage|p2a: Latios|57/100|[from] Sandstorm
|upkeep
|turn|28
|
|t:|1732170543
|move|p2a: Latios|Surf|p1a: Tyranitar
|-supereffective|p1a: Tyranitar
|-damage|p1a: Tyranitar|1/100
|move|p1a: Tyranitar|Crunch|p2a: Latios
|-supereffective|p2a: Latios
|-damage|p2a: Latios|0 fnt
|faint|p2a: Latios
|
|-weather|Sandstorm|[upkeep]
|upkeep
|c|☆will098|lol
|inactive|will098 has 60 seconds left.
|inactive|will098 has 30 seconds left.
|
|t:|1732170601
|switch|p2a: Landorus|Landorus-Therian, M|72/100
|-damage|p2a: Landorus|59/100|[from] Stealth Rock
|-ability|p2a: Landorus|Intimidate|boost
|-unboost|p1a: Tyranitar|atk|1
|turn|29
|inactive|will098 has 30 seconds left.
|
|t:|1732170615
|move|p2a: Landorus|Earthquake|p1a: Tyranitar
|-supereffective|p1a: Tyranitar
|-damage|p1a: Tyranitar|0 fnt
|faint|p1a: Tyranitar
|
|-weather|Sandstorm|[upkeep]
|upkeep
|
|t:|1732170638
|switch|p1a: Alakazam|Alakazam, F|100/100
|turn|30
|
|t:|1732170646
|switch|p2a: Jirachi|Jirachi|75/100
|-damage|p2a: Jirachi|69/100|[from] Stealth Rock
|-damage|p2a: Jirachi|53/100|[from] Spikes
|move|p1a: Alakazam|Psychic|p2a: Jirachi
|-resisted|p2a: Jirachi
|-damage|p2a: Jirachi|43/100
|
|-weather|Sandstorm|[upkeep]
|-heal|p2a: Jirachi|50/100|[from] item: Leftovers
|upkeep
|turn|31
|
|t:|1732170656
|switch|p1a: Rotom|Rotom-Wash|69/100 par
|-damage|p1a: Rotom|57/100 par|[from] Stealth Rock
|move|p2a: Jirachi|Wish|p2a: Jirachi
|
|-weather|Sandstorm|[upkeep]
|-damage|p1a: Rotom|51/100 par|[from] Sandstorm
|-heal|p2a: Jirachi|56/100|[from] item: Leftovers
|-heal|p1a: Rotom|57/100 par|[from] item: Leftovers
|upkeep
|turn|32
|
|t:|1732170664
|move|p2a: Jirachi|Protect|p2a: Jirachi
|-singleturn|p2a: Jirachi|Protect
|cant|p1a: Rotom|par
|
|-weather|Sandstorm|[upkeep]
|-damage|p1a: Rotom|51/100 par|[from] Sandstorm
|-heal|p2a: Jirachi|100/100|[from] move: Wish|[wisher] Jirachi
|-heal|p1a: Rotom|57/100 par|[from] item: Leftovers
|upkeep
|turn|33
|inactive|will098 has 60 seconds left.
|
|t:|1732170669
|move|p2a: Jirachi|Iron Head|p1a: Rotom
|-resisted|p1a: Rotom
|-crit|p1a: Rotom
|-damage|p1a: Rotom|42/100 par
|move|p1a: Rotom|Will-O-Wisp|p2a: Jirachi
|-status|p2a: Jirachi|brn
|
|-weather|Sandstorm|[upkeep]
|-damage|p1a: Rotom|36/100 par|[from] Sandstorm
|-heal|p1a: Rotom|42/100 par|[from] item: Leftovers
|-damage|p2a: Jirachi|88/100 brn|[from] brn
|upkeep
|turn|34
|inactive|will098 has 60 seconds left.
|
|t:|1732170683
|switch|p2a: Ferrothorn|Ferrothorn, M|47/100
|-damage|p2a: Ferrothorn|40/100|[from] Stealth Rock
|-damage|p2a: Ferrothorn|24/100|[from] Spikes
|cant|p1a: Rotom|par
|
|-weather|Sandstorm|[upkeep]
|-damage|p1a: Rotom|36/100 par|[from] Sandstorm
|-heal|p2a: Ferrothorn|30/100|[from] item: Leftovers
|-heal|p1a: Rotom|42/100 par|[from] item: Leftovers
|upkeep
|turn|35
|inactive|will098 has 60 seconds left.
|
|t:|1732170695
|move|p2a: Ferrothorn|Power Whip|p1a: Rotom
|-supereffective|p1a: Rotom
|-damage|p1a: Rotom|0 fnt
|faint|p1a: Rotom
|
|-weather|Sandstorm|[upkeep]
|-heal|p2a: Ferrothorn|36/100|[from] item: Leftovers
|upkeep
|inactive|lady_dimitrescu_2 has 90 seconds left.
|
|t:|1732170718
|switch|p1a: Garchomp|Garchomp, F|94/100
|-damage|p1a: Garchomp|88/100|[from] Stealth Rock
|turn|36
|inactive|lady_dimitrescu_2 has 90 seconds left.
|
|t:|1732170727
|move|p1a: Garchomp|Swords Dance|p1a: Garchomp
|-boost|p1a: Garchomp|atk|2
|move|p2a: Ferrothorn|Leech Seed|p1a: Garchomp
|-start|p1a: Garchomp|move: Leech Seed
|
|-weather|Sandstorm|[upkeep]
|-heal|p2a: Ferrothorn|43/100|[from] item: Leftovers
|-damage|p1a: Garchomp|76/100|[from] Leech Seed|[of] p2a: Ferrothorn
|-heal|p2a: Ferrothorn|55/100|[silent]
|upkeep
|turn|37
|inactive|lady_dimitrescu_2 has 90 seconds left.
|
|t:|1732170748
|switch|p1a: Alakazam|Alakazam, F|100/100
|move|p2a: Ferrothorn|Power Whip|p1a: Alakazam
|-damage|p1a: Alakazam|4/100
|
|-weather|Sandstorm|[upkeep]
|-heal|p2a: Ferrothorn|61/100|[from] item: Leftovers
|upkeep
|turn|38
|inactive|will098 has 60 seconds left.
|
|t:|1732170782
|move|p1a: Alakazam|Focus Blast|p2a: Ferrothorn
|-supereffective|p2a: Ferrothorn
|-damage|p2a: Ferrothorn|0 fnt
|faint|p2a: Ferrothorn
|
|-weather|Sandstorm|[upkeep]
|upkeep
|
|t:|1732170787
|switch|p2a: Jirachi|Jirachi|88/100 brn
|-damage|p2a: Jirachi|82/100 brn|[from] Stealth Rock
|-damage|p2a: Jirachi|65/100 brn|[from] Spikes
|turn|39
|
|t:|1732170801
|move|p1a: Alakazam|Psychic|p2a: Jirachi
|-resisted|p2a: Jirachi
|-damage|p2a: Jirachi|55/100 brn
|move|p2a: Jirachi|Body Slam|p1a: Alakazam
|-damage|p1a: Alakazam|0 fnt
|faint|p1a: Alakazam
|
|-weather|Sandstorm|[upkeep]
|-heal|p2a: Jirachi|62/100 brn|[from] item: Leftovers
|-damage|p2a: Jirachi|49/100 brn|[from] brn
|upkeep
|
|t:|1732170804
|switch|p1a: Garchomp|Garchomp, F|76/100
|-damage|p1a: Garchomp|70/100|[from] Stealth Rock
|turn|40
|
|t:|1732170809
|move|p1a: Garchomp|Earthquake|p2a: Jirachi
|-supereffective|p2a: Jirachi
|-damage|p2a: Jirachi|0 fnt
|faint|p2a: Jirachi
|
|-weather|Sandstorm|[upkeep]
|upkeep
|
|t:|1732170811
|switch|p2a: Landorus|Landorus-Therian, M|59/100
|-damage|p2a: Landorus|47/100|[from] Stealth Rock
|-ability|p2a: Landorus|Intimidate|boost
|-unboost|p1a: Garchomp|atk|1
|turn|41
|inactive|will098 has 90 seconds left.
|
|t:|1732170836
|move|p1a: Garchomp|Swords Dance|p1a: Garchomp
|-boost|p1a: Garchomp|atk|2
|move|p2a: Landorus|Earthquake|p1a: Garchomp
|-damage|p1a: Garchomp|11/100
|
|-weather|Sandstorm|[upkeep]
|upkeep
|turn|42
|
|t:|1732170843
|move|p1a: Garchomp|Dragon Claw|p2a: Landorus
|-damage|p2a: Landorus|0 fnt
|faint|p2a: Landorus
|
|-weather|Sandstorm|[upkeep]
|upkeep
|
|t:|1732170850
|switch|p2a: Politoed|Politoed, F, shiny|63/100
|-damage|p2a: Politoed|50/100|[from] Stealth Rock
|-damage|p2a: Politoed|34/100|[from] Spikes
|-weather|RainDance|[from] ability: Drizzle|[of] p2a: Politoed
|turn|43
|
|t:|1732170856
|move|p1a: Garchomp|Earthquake|p2a: Politoed
|-damage|p2a: Politoed|0 fnt
|faint|p2a: Politoed
|
|win|lady_dimitrescu_2
|raw|lady_dimitrescu_2's rating: 1264 &rarr; <strong>1293</strong><br />(+29 for winning)
|raw|will098's rating: 1321 &rarr; <strong>1298</strong><br />(-23 for losing)
|l|☆will098
|player|p2|
