|j|☆Crimsonbacon38
|j|‽Gabry96
|t:|1726426806
|gametype|singles
|player|p1|Crimsonbacon38|barry|1331
|player|p2|Gabry96|wallace|1431
|teamsize|p1|6
|teamsize|p2|6
|gen|5
|tier|[Gen 5] OU
|rated|
|rule|Species Clause: Limit one of each Pokémon
|rule|OHKO Clause: OHKO moves are banned
|rule|Moody Clause: Moody is banned
|rule|Evasion Items Clause: Evasion items are banned
|rule|Evasion Moves Clause: Evasion moves are banned
|rule|Endless Battle Clause: Forcing endless battles is banned
|rule|HP Percentage Mod: HP is shown in percentages
|rule|Evasion Abilities Clause: Evasion abilities are banned
|rule|Sleep Moves Clause: Sleep-inducing moves are banned
|rule|Swagger Clause: Swagger is banned
|rule|Baton Pass Stat Clause: No Baton Passer may have a way to boost its stats
|clearpoke
|poke|p1|Tyranitar, M|item
|poke|p1|Excadrill, M|item
|poke|p1|Gliscor, F|item
|poke|p1|Skarmory, M|item
|poke|p1|Rotom-Wash|item
|poke|p1|Latios, M|item
|poke|p2|Kyurem-Black|item
|poke|p2|Keldeo-Resolute|item
|poke|p2|Landorus-Therian, M|item
|poke|p2|Heatran, F|item
|poke|p2|Latios, M|item
|poke|p2|Forretress, M|item
|teampreview
|c|☆Crimsonbacon38|Glhf
|
|t:|1726426850
|start
|switch|p1a: Tyranitar|Tyranitar, M|100/100
|switch|p2a: Landorus|Landorus-Therian, M|100/100
|-ability|p2a: Landorus|Intimidate|boost
|-unboost|p1a: Tyranitar|atk|1
|-weather|Sandstorm|[from] ability: Sand Stream|[of] p1a: Tyranitar
|turn|1
|
|t:|1726426863
|switch|p1a: Gliscor|Gliscor, F|100/100
|move|p2a: Landorus|U-turn|p1a: Gliscor
|-resisted|p1a: Gliscor
|-damage|p1a: Gliscor|91/100
|
|t:|1726426882
|switch|p2a: Forretress|Forretress, M|100/100|[from] U-turn
|
|-weather|Sandstorm|[upkeep]
|-status|p1a: Gliscor|tox|[from] item: Toxic Orb
|upkeep
|turn|2
|
|t:|1726426889
|move|p1a: Gliscor|Stealth Rock|p2a: Forretress
|-sidestart|p2: Gabry96|move: Stealth Rock
|move|p2a: Forretress|Spikes|p1a: Gliscor
|-sidestart|p1: Crimsonbacon38|Spikes
|
|-weather|Sandstorm|[upkeep]
|-heal|p1a: Gliscor|100/100 tox|[from] ability: Poison Heal
|upkeep
|turn|3
|
|t:|1726426901
|move|p1a: Gliscor|U-turn|p2a: Forretress
|-resisted|p2a: Forretress
|-damage|p2a: Forretress|96/100
|
|t:|1726426903
|switch|p1a: Rotom|Rotom-Wash|100/100|[from] U-turn
|move|p2a: Forretress|Spikes|p1a: Rotom
|-sidestart|p1: Crimsonbacon38|Spikes
|
|-weather|Sandstorm|[upkeep]
|-damage|p1a: Rotom|94/100|[from] Sandstorm
|-heal|p1a: Rotom|100/100|[from] item: Leftovers
|-heal|p2a: Forretress|100/100|[from] item: Leftovers
|upkeep
|turn|4
|
|t:|1726426912
|move|p1a: Rotom|Will-O-Wisp|p2a: Forretress
|-status|p2a: Forretress|brn
|move|p2a: Forretress|Rapid Spin|p1a: Rotom
|-damage|p1a: Rotom|99/100
|-sideend|p2: Gabry96|Stealth Rock|[from] move: Rapid Spin|[of] p2a: Forretress
|
|-weather|Sandstorm|[upkeep]
|-damage|p1a: Rotom|93/100|[from] Sandstorm
|-heal|p1a: Rotom|99/100|[from] item: Leftovers
|-damage|p2a: Forretress|88/100 brn|[from] brn
|upkeep
|turn|5
|
|t:|1726426929
|switch|p2a: Latios|Latios, M|100/100
|move|p1a: Rotom|Volt Switch|p2a: Latios
|-resisted|p2a: Latios
|-damage|p2a: Latios|87/100
|
|t:|1726426933
|switch|p1a: Tyranitar|Tyranitar, M|100/100|[from] Volt Switch
|-damage|p1a: Tyranitar|84/100|[from] Spikes
|
|-weather|Sandstorm|[upkeep]
|-damage|p2a: Latios|81/100|[from] Sandstorm
|upkeep
|turn|6
|
|t:|1726426944
|move|p1a: Tyranitar|Crunch|p2a: Latios
|-supereffective|p2a: Latios
|-damage|p2a: Latios|0 fnt
|faint|p2a: Latios
|
|-weather|Sandstorm|[upkeep]
|upkeep
|l|☆Crimsonbacon38
|player|p1|
|
|t:|1726426966
|switch|p2a: Kyurem|Kyurem-Black|100/100
|-ability|p2a: Kyurem|Teravolt
|turn|7
|j|☆Crimsonbacon38
|player|p1|Crimsonbacon38|barry|
|
|t:|1726427011
|move|p2a: Kyurem|Earth Power|p1a: Tyranitar
|-supereffective|p1a: Tyranitar
|-damage|p1a: Tyranitar|44/100
|move|p1a: Tyranitar|Crunch|p2a: Kyurem
|-damage|p2a: Kyurem|67/100
|-unboost|p2a: Kyurem|def|1
|
|-weather|Sandstorm|[upkeep]
|-damage|p2a: Kyurem|61/100|[from] Sandstorm
|upkeep
|turn|8
|
|t:|1726427023
|switch|p2a: Heatran|Heatran, F|100/100
|move|p1a: Tyranitar|Crunch|p2a: Heatran
|-resisted|p2a: Heatran
|-damage|p2a: Heatran|82/100
|
|-weather|Sandstorm|[upkeep]
|-heal|p2a: Heatran|88/100|[from] item: Leftovers
|upkeep
|turn|9
|
|t:|1726427033
|switch|p1a: Rotom|Rotom-Wash|99/100
|move|p2a: Heatran|Magma Storm|p1a: Rotom
|-resisted|p1a: Rotom
|-damage|p1a: Rotom|75/100
|-activate|p1a: Rotom|move: Magma Storm|[of] p2a: Heatran
|
|-weather|Sandstorm|[upkeep]
|-damage|p1a: Rotom|69/100|[from] Sandstorm
|-heal|p2a: Heatran|94/100|[from] item: Leftovers
|-heal|p1a: Rotom|75/100|[from] item: Leftovers
|-damage|p1a: Rotom|69/100|[from] move: Magma Storm|[partiallytrapped]
|upkeep
|turn|10
|
|t:|1726427044
|move|p2a: Heatran|Toxic|p1a: Rotom
|-status|p1a: Rotom|tox
|move|p1a: Rotom|Hydro Pump|p2a: Heatran
|-supereffective|p2a: Heatran
|-damage|p2a: Heatran|39/100
|
|-weather|Sandstorm|[upkeep]
|-damage|p1a: Rotom|63/100 tox|[from] Sandstorm
|-heal|p2a: Heatran|45/100|[from] item: Leftovers
|-heal|p1a: Rotom|69/100 tox|[from] item: Leftovers
|-damage|p1a: Rotom|63/100 tox|[from] psn
|-damage|p1a: Rotom|56/100 tox|[from] move: Magma Storm|[partiallytrapped]
|upkeep
|turn|11
|
|t:|1726427056
|move|p2a: Heatran|Protect|p2a: Heatran
|-singleturn|p2a: Heatran|Protect
|move|p1a: Rotom|Volt Switch|p2a: Heatran
|-activate|p2a: Heatran|move: Protect
|
|-weather|Sandstorm|[upkeep]
|-damage|p1a: Rotom|50/100 tox|[from] Sandstorm
|-heal|p2a: Heatran|52/100|[from] item: Leftovers
|-heal|p1a: Rotom|56/100 tox|[from] item: Leftovers
|-damage|p1a: Rotom|44/100 tox|[from] psn
|-damage|p1a: Rotom|38/100 tox|[from] move: Magma Storm|[partiallytrapped]
|upkeep
|turn|12
|
|t:|1726427063
|move|p2a: Heatran|Protect||[still]
|-fail|p2a: Heatran
|move|p1a: Rotom|Volt Switch|p2a: Heatran
|-damage|p2a: Heatran|37/100
|
|t:|1726427074
|switch|p1a: Gliscor|Gliscor, F|100/100 tox|[from] Volt Switch
|
|-weather|Sandstorm|[upkeep]
|-heal|p2a: Heatran|44/100|[from] item: Leftovers
|upkeep
|turn|13
|
|t:|1726427086
|switch|p2a: Forretress|Forretress, M|88/100 brn
|move|p1a: Gliscor|Stealth Rock|p2a: Forretress
|-sidestart|p2: Gabry96|move: Stealth Rock
|
|-weather|Sandstorm|[upkeep]
|-heal|p2a: Forretress|94/100 brn|[from] item: Leftovers
|-damage|p2a: Forretress|82/100 brn|[from] brn
|upkeep
|turn|14
|
|t:|1726427105
|move|p1a: Gliscor|U-turn|p2a: Forretress
|-resisted|p2a: Forretress
|-crit|p2a: Forretress
|-damage|p2a: Forretress|73/100 brn
|
|t:|1726427107
|switch|p1a: Excadrill|Excadrill, M|100/100|[from] U-turn
|-damage|p1a: Excadrill|84/100|[from] Spikes
|move|p2a: Forretress|Rapid Spin|p1a: Excadrill
|-resisted|p1a: Excadrill
|-damage|p1a: Excadrill|83/100
|-sideend|p2: Gabry96|Stealth Rock|[from] move: Rapid Spin|[of] p2a: Forretress
|
|-weather|Sandstorm|[upkeep]
|-heal|p1a: Excadrill|89/100|[from] item: Leftovers
|-heal|p2a: Forretress|80/100 brn|[from] item: Leftovers
|-damage|p2a: Forretress|67/100 brn|[from] brn
|upkeep
|turn|15
|
|t:|1726427126
|switch|p2a: Keldeo|Keldeo-Resolute|100/100
|move|p1a: Excadrill|Rapid Spin|p2a: Keldeo
|-crit|p2a: Keldeo
|-damage|p2a: Keldeo|86/100
|-sideend|p1: Crimsonbacon38|Spikes|[from] move: Rapid Spin|[of] p1a: Excadrill
|
|-weather|Sandstorm|[upkeep]
|-damage|p2a: Keldeo|80/100|[from] Sandstorm
|-heal|p2a: Keldeo|86/100|[from] item: Leftovers
|-heal|p1a: Excadrill|95/100|[from] item: Leftovers
|upkeep
|turn|16
|
|t:|1726427137
|switch|p1a: Latios|Latios, M|100/100
|move|p2a: Keldeo|Secret Sword|p1a: Latios
|-resisted|p1a: Latios
|-damage|p1a: Latios|72/100
|
|-weather|Sandstorm|[upkeep]
|-damage|p1a: Latios|66/100|[from] Sandstorm
|-damage|p2a: Keldeo|80/100|[from] Sandstorm
|-heal|p2a: Keldeo|86/100|[from] item: Leftovers
|upkeep
|turn|17
|
|t:|1726427148
|switch|p2a: Heatran|Heatran, F|44/100
|move|p1a: Latios|Draco Meteor|p2a: Heatran
|-resisted|p2a: Heatran
|-damage|p2a: Heatran|22/100
|-unboost|p1a: Latios|spa|2
|
|-weather|Sandstorm|[upkeep]
|-damage|p1a: Latios|60/100|[from] Sandstorm
|-heal|p2a: Heatran|28/100|[from] item: Leftovers
|upkeep
|turn|18
|
|t:|1726427162
|switch|p1a: Tyranitar|Tyranitar, M|44/100
|move|p2a: Heatran|Magma Storm|p1a: Tyranitar
|-resisted|p1a: Tyranitar
|-damage|p1a: Tyranitar|26/100
|-activate|p1a: Tyranitar|move: Magma Storm|[of] p2a: Heatran
|
|-weather|Sandstorm|[upkeep]
|-heal|p2a: Heatran|34/100|[from] item: Leftovers
|-damage|p1a: Tyranitar|20/100|[from] move: Magma Storm|[partiallytrapped]
|upkeep
|turn|19
|l|‽Gabry96
|player|p2|
|j|‽Gabry96
|player|p2|Gabry96|wallace|
|n|‽Gabry96|gabry96
|
|t:|1726427194
|move|p2a: Heatran|Protect|p2a: Heatran
|-singleturn|p2a: Heatran|Protect
|move|p1a: Tyranitar|Superpower|p2a: Heatran
|-activate|p2a: Heatran|move: Protect
|
|-weather|Sandstorm|[upkeep]
|-heal|p2a: Heatran|41/100|[from] item: Leftovers
|-damage|p1a: Tyranitar|14/100|[from] move: Magma Storm|[partiallytrapped]
|upkeep
|turn|20
|
|t:|1726427204
|switch|p2a: Forretress|Forretress, M|67/100 brn
|move|p1a: Tyranitar|Superpower|p2a: Forretress
|-damage|p2a: Forretress|45/100 brn
|-unboost|p1a: Tyranitar|atk|1
|-unboost|p1a: Tyranitar|def|1
|
|-weather|Sandstorm|[upkeep]
|-heal|p2a: Forretress|51/100 brn|[from] item: Leftovers
|-damage|p2a: Forretress|38/100 brn|[from] brn
|upkeep
|turn|21
|
|t:|1726427229
|switch|p1a: Excadrill|Excadrill, M|95/100
|move|p2a: Forretress|Spikes|p1a: Excadrill
|-sidestart|p1: Crimsonbacon38|Spikes
|
|-weather|Sandstorm|[upkeep]
|-heal|p1a: Excadrill|100/100|[from] item: Leftovers
|-heal|p2a: Forretress|45/100 brn|[from] item: Leftovers
|-damage|p2a: Forretress|32/100 brn|[from] brn
|upkeep
|turn|22
|
|t:|1726427238
|move|p1a: Excadrill|Rapid Spin|p2a: Forretress
|-resisted|p2a: Forretress
|-damage|p2a: Forretress|30/100 brn
|-sideend|p1: Crimsonbacon38|Spikes|[from] move: Rapid Spin|[of] p1a: Excadrill
|move|p2a: Forretress|Spikes|p1a: Excadrill
|-sidestart|p1: Crimsonbacon38|Spikes
|
|-weather|Sandstorm|[upkeep]
|-heal|p2a: Forretress|37/100 brn|[from] item: Leftovers
|-damage|p2a: Forretress|24/100 brn|[from] brn
|upkeep
|turn|23
|
|t:|1726427255
|switch|p2a: Kyurem|Kyurem-Black|61/100
|-ability|p2a: Kyurem|Teravolt
|move|p1a: Excadrill|Rapid Spin|p2a: Kyurem
|-damage|p2a: Kyurem|56/100
|-sideend|p1: Crimsonbacon38|Spikes|[from] move: Rapid Spin|[of] p1a: Excadrill
|
|-weather|Sandstorm|[upkeep]
|-damage|p2a: Kyurem|50/100|[from] Sandstorm
|upkeep
|turn|24
|
|t:|1726427266
|move|p2a: Kyurem|Ice Beam|p1a: Excadrill
|-damage|p1a: Excadrill|51/100
|move|p1a: Excadrill|Iron Head|p2a: Kyurem
|-supereffective|p2a: Kyurem
|-damage|p2a: Kyurem|0 fnt
|faint|p2a: Kyurem
|
|-weather|Sandstorm|[upkeep]
|-heal|p1a: Excadrill|58/100|[from] item: Leftovers
|upkeep
|
|t:|1726427276
|switch|p2a: Keldeo|Keldeo-Resolute|86/100
|turn|25
|
|t:|1726427300
|switch|p1a: Skarmory|Skarmory, M|100/100
|move|p2a: Keldeo|Substitute|p2a: Keldeo
|-start|p2a: Keldeo|Substitute
|-damage|p2a: Keldeo|61/100
|
|-weather|Sandstorm|[upkeep]
|-damage|p2a: Keldeo|55/100|[from] Sandstorm
|-heal|p2a: Keldeo|61/100|[from] item: Leftovers
|upkeep
|turn|26
|
|t:|1726427310
|move|p2a: Keldeo|Calm Mind|p2a: Keldeo
|-boost|p2a: Keldeo|spa|1
|-boost|p2a: Keldeo|spd|1
|move|p1a: Skarmory|Spikes|p2a: Keldeo
|-sidestart|p2: Gabry96|Spikes
|
|-weather|Sandstorm|[upkeep]
|-damage|p2a: Keldeo|55/100|[from] Sandstorm
|-heal|p2a: Keldeo|61/100|[from] item: Leftovers
|upkeep
|turn|27
|
|t:|1726427323
|move|p2a: Keldeo|Scald|p1a: Skarmory
|-damage|p1a: Skarmory|40/100
|move|p1a: Skarmory|Whirlwind|p2a: Keldeo
|drag|p2a: Heatran|Heatran, F|41/100
|-damage|p2a: Heatran|28/100|[from] Spikes
|
|-weather|Sandstorm|[upkeep]
|-heal|p2a: Heatran|34/100|[from] item: Leftovers
|-heal|p1a: Skarmory|46/100|[from] item: Leftovers
|upkeep
|turn|28
|
|t:|1726427333
|switch|p1a: Tyranitar|Tyranitar, M|14/100
|move|p2a: Heatran|Magma Storm|p1a: Tyranitar
|-resisted|p1a: Tyranitar
|-damage|p1a: Tyranitar|0 fnt
|faint|p1a: Tyranitar
|
|-weather|Sandstorm|[upkeep]
|-heal|p2a: Heatran|41/100|[from] item: Leftovers
|upkeep
|
|t:|1726427343
|switch|p1a: Latios|Latios, M|60/100
|turn|29
|
|t:|1726427347
|move|p2a: Heatran|Protect|p2a: Heatran
|-singleturn|p2a: Heatran|Protect
|move|p1a: Latios|Surf|p2a: Heatran
|-activate|p2a: Heatran|move: Protect
|
|-weather|Sandstorm|[upkeep]
|-damage|p1a: Latios|54/100|[from] Sandstorm
|-heal|p2a: Heatran|47/100|[from] item: Leftovers
|upkeep
|turn|30
|
|t:|1726427357
|switch|p2a: Forretress|Forretress, M|24/100 brn
|-damage|p2a: Forretress|12/100 brn|[from] Spikes
|move|p1a: Latios|Surf|p2a: Forretress
|-damage|p2a: Forretress|0 fnt
|faint|p2a: Forretress
|
|-weather|Sandstorm|[upkeep]
|-damage|p1a: Latios|48/100|[from] Sandstorm
|upkeep
|
|t:|1726427367
|switch|p2a: Keldeo|Keldeo-Resolute|61/100
|-damage|p2a: Keldeo|48/100|[from] Spikes
|turn|31
|
|t:|1726427381
|switch|p1a: Skarmory|Skarmory, M|46/100
|move|p2a: Keldeo|Calm Mind|p2a: Keldeo
|-boost|p2a: Keldeo|spa|1
|-boost|p2a: Keldeo|spd|1
|
|-weather|Sandstorm|[upkeep]
|-damage|p2a: Keldeo|42/100|[from] Sandstorm
|-heal|p2a: Keldeo|48/100|[from] item: Leftovers
|-heal|p1a: Skarmory|52/100|[from] item: Leftovers
|upkeep
|turn|32
|
|t:|1726427391
|move|p2a: Keldeo|Scald|p1a: Skarmory
|-damage|p1a: Skarmory|0 fnt
|faint|p1a: Skarmory
|
|-weather|Sandstorm|[upkeep]
|-damage|p2a: Keldeo|42/100|[from] Sandstorm
|-heal|p2a: Keldeo|48/100|[from] item: Leftovers
|upkeep
|
|t:|1726427394
|switch|p1a: Latios|Latios, M|48/100
|turn|33
|
|t:|1726427401
|switch|p2a: Heatran|Heatran, F|47/100
|-damage|p2a: Heatran|34/100|[from] Spikes
|move|p1a: Latios|Psyshock|p2a: Heatran
|-resisted|p2a: Heatran
|-damage|p2a: Heatran|16/100
|
|-weather|Sandstorm|[upkeep]
|-damage|p1a: Latios|42/100|[from] Sandstorm
|-heal|p2a: Heatran|23/100|[from] item: Leftovers
|upkeep
|turn|34
|
|t:|1726427414
|switch|p1a: Gliscor|Gliscor, F|100/100 tox
|move|p2a: Heatran|Magma Storm|p1a: Gliscor|[miss]
|-miss|p2a: Heatran|p1a: Gliscor
|
|-weather|Sandstorm|[upkeep]
|-heal|p2a: Heatran|29/100|[from] item: Leftovers
|upkeep
|turn|35
|
|t:|1726427424
|move|p2a: Heatran|Protect|p2a: Heatran
|-singleturn|p2a: Heatran|Protect
|move|p1a: Gliscor|Stealth Rock|p2a: Heatran
|-sidestart|p2: Gabry96|move: Stealth Rock
|
|-weather|Sandstorm|[upkeep]
|-heal|p2a: Heatran|35/100|[from] item: Leftovers
|upkeep
|turn|36
|
|t:|1726427431
|move|p1a: Gliscor|Earthquake|p2a: Heatran
|-supereffective|p2a: Heatran
|-damage|p2a: Heatran|0 fnt
|faint|p2a: Heatran
|
|-weather|Sandstorm|[upkeep]
|upkeep
|
|t:|1726427436
|switch|p2a: Keldeo|Keldeo-Resolute|48/100
|-damage|p2a: Keldeo|36/100|[from] Spikes
|-damage|p2a: Keldeo|30/100|[from] Stealth Rock
|turn|37
|
|t:|1726427450
|move|p2a: Keldeo|Scald|p1a: Gliscor
|-supereffective|p1a: Gliscor
|-damage|p1a: Gliscor|0 fnt
|faint|p1a: Gliscor
|
|-weather|Sandstorm|[upkeep]
|-damage|p2a: Keldeo|24/100|[from] Sandstorm
|-heal|p2a: Keldeo|30/100|[from] item: Leftovers
|upkeep
|
|t:|1726427453
|switch|p1a: Latios|Latios, M|42/100
|turn|38
|
|t:|1726427463
|switch|p2a: Landorus|Landorus-Therian, M|100/100
|-damage|p2a: Landorus|88/100|[from] Stealth Rock
|-ability|p2a: Landorus|Intimidate|boost
|-unboost|p1a: Latios|atk|1
|move|p1a: Latios|Draco Meteor|p2a: Landorus
|-damage|p2a: Landorus|0 fnt
|-unboost|p1a: Latios|spa|2
|faint|p2a: Landorus
|
|-weather|Sandstorm|[upkeep]
|-damage|p1a: Latios|36/100|[from] Sandstorm
|upkeep
|
|t:|1726427475
|switch|p2a: Keldeo|Keldeo-Resolute|30/100
|-damage|p2a: Keldeo|17/100|[from] Spikes
|-damage|p2a: Keldeo|11/100|[from] Stealth Rock
|turn|39
|
|t:|1726427483
|switch|p1a: Rotom|Rotom-Wash|38/100 tox
|move|p2a: Keldeo|Scald|p1a: Rotom
|-resisted|p1a: Rotom
|-damage|p1a: Rotom|18/100 tox
|
|-weather|Sandstorm|[upkeep]
|-damage|p2a: Keldeo|5/100|[from] Sandstorm
|-damage|p1a: Rotom|12/100 tox|[from] Sandstorm
|-heal|p2a: Keldeo|11/100|[from] item: Leftovers
|-heal|p1a: Rotom|18/100 tox|[from] item: Leftovers
|-damage|p1a: Rotom|12/100 tox|[from] psn
|upkeep
|turn|40
|
|t:|1726427494
|move|p2a: Keldeo|Scald|p1a: Rotom
|-resisted|p1a: Rotom
|-damage|p1a: Rotom|0 fnt
|faint|p1a: Rotom
|
|-weather|Sandstorm|[upkeep]
|-damage|p2a: Keldeo|5/100|[from] Sandstorm
|-heal|p2a: Keldeo|11/100|[from] item: Leftovers
|upkeep
|
|t:|1726427524
|switch|p1a: Latios|Latios, M|36/100
|turn|41
|
|t:|1726427528
|move|p1a: Latios|Psyshock|p2a: Keldeo
|-supereffective|p2a: Keldeo
|-damage|p2a: Keldeo|0 fnt
|faint|p2a: Keldeo
|
|win|Crimsonbacon38
|raw|Crimsonbacon38's rating: 1331 &rarr; <strong>1357</strong><br />(+26 for winning)
|raw|Gabry96's rating: 1431 &rarr; <strong>1405</strong><br />(-26 for losing)
|l|‽Gabry96
|player|p2|
|c|☆Crimsonbacon38|gg
