|j|☆BigBlackSpinarak
|j|☆BWR Momentum city
|t:|1720280206
|gametype|singles
|player|p1|BigBlackSpinarak|102|1312
|player|p2|BWR Momentum city|lucas-gen4pt|1383
|teamsize|p1|6
|teamsize|p2|6
|gen|5
|tier|[Gen 5] OU
|rated|
|rule|Species Clause: Limit one of each Pokémon
|rule|OHKO Clause: OHKO moves are banned
|rule|Moody Clause: Moody is banned
|rule|Evasion Items Clause: Evasion items are banned
|rule|Evasion Moves Clause: Evasion moves are banned
|rule|Endless Battle Clause: Forcing endless battles is banned
|rule|HP Percentage Mod: HP is shown in percentages
|rule|Evasion Abilities Clause: Evasion abilities are banned
|rule|Sleep Moves Clause: Sleep-inducing moves are banned
|rule|Swagger Clause: Swagger is banned
|rule|Baton Pass Stat Clause: No Baton Passer may have a way to boost its stats
|clearpoke
|poke|p1|Garchomp, M|item
|poke|p1|Volcarona, F|item
|poke|p1|Dragonite, M|item
|poke|p1|Breloom, F|item
|poke|p1|Starmie|item
|poke|p1|Scizor, M|item
|poke|p2|Tyranitar, M|item
|poke|p2|Alakazam, F|item
|poke|p2|Latios, M|item
|poke|p2|Ferrothorn, F|item
|poke|p2|Keldeo|item
|poke|p2|Landorus-Therian, M|item
|teampreview
|
|t:|1720280218
|start
|switch|p1a: Starmie|Starmie|100/100
|switch|p2a: Keldeo|Keldeo|100/100
|-item|p1a: Starmie|Air Balloon
|turn|1
|c|☆BigBlackSpinarak|hf
|inactive|Battle timer is ON: inactive players will automatically lose when time's up. (requested by BigBlackSpinarak)
|
|t:|1720280229
|switch|p2a: Tyranitar|Tyranitar, M|100/100
|-weather|Sandstorm|[from] ability: Sand Stream|[of] p2a: Tyranitar
|move|p1a: Starmie|Thunderbolt|p2a: Tyranitar
|-damage|p2a: Tyranitar|83/100
|
|-weather|Sandstorm|[upkeep]
|-damage|p1a: Starmie|94/100|[from] Sandstorm
|upkeep
|turn|2
|
|t:|1720280240
|move|p1a: Starmie|Hydro Pump|p2a: Tyranitar
|-supereffective|p2a: Tyranitar
|-damage|p2a: Tyranitar|32/100
|move|p2a: Tyranitar|Thunder Wave|p1a: Starmie
|-status|p1a: Starmie|par
|
|-weather|Sandstorm|[upkeep]
|-damage|p1a: Starmie|88/100 par|[from] Sandstorm
|upkeep
|turn|3
|
|t:|1720280251
|move|p2a: Tyranitar|Crunch|p1a: Starmie
|-supereffective|p1a: Starmie
|-damage|p1a: Starmie|0 fnt
|-enditem|p1a: Starmie|Air Balloon
|faint|p1a: Starmie
|
|-weather|Sandstorm|[upkeep]
|upkeep
|
|t:|1720280262
|switch|p1a: Garchomp|Garchomp, M|100/100
|turn|4
|
|t:|1720280273
|move|p1a: Garchomp|Swords Dance|p1a: Garchomp
|-boost|p1a: Garchomp|atk|2
|move|p2a: Tyranitar|Crunch|p1a: Garchomp
|-damage|p1a: Garchomp|58/100
|-damage|p2a: Tyranitar|20/100|[from] ability: Rough Skin|[of] p1a: Garchomp
|
|-weather|Sandstorm|[upkeep]
|upkeep
|turn|5
|
|t:|1720280284
|move|p1a: Garchomp|Stealth Rock|p2a: Tyranitar
|-sidestart|p2: BWR Momentum city|move: Stealth Rock
|move|p2a: Tyranitar|Crunch|p1a: Garchomp
|-damage|p1a: Garchomp|17/100
|-unboost|p1a: Garchomp|def|1
|-damage|p2a: Tyranitar|7/100|[from] ability: Rough Skin|[of] p1a: Garchomp
|
|-weather|Sandstorm|[upkeep]
|upkeep
|turn|6
|
|t:|1720280295
|move|p1a: Garchomp|Outrage|p2a: Tyranitar
|-damage|p2a: Tyranitar|0 fnt
|faint|p2a: Tyranitar
|
|-weather|Sandstorm|[upkeep]
|upkeep
|inactive|BWR Momentum city has 120 seconds left.
|
|t:|1720280333
|switch|p2a: Keldeo|Keldeo|100/100
|-damage|p2a: Keldeo|94/100|[from] Stealth Rock
|turn|7
|
|t:|1720280344
|move|p2a: Keldeo|Scald|p1a: Garchomp
|-damage|p1a: Garchomp|0 fnt
|faint|p1a: Garchomp
|
|-weather|Sandstorm|[upkeep]
|-damage|p2a: Keldeo|88/100|[from] Sandstorm
|-heal|p2a: Keldeo|94/100|[from] item: Leftovers
|upkeep
|
|t:|1720280355
|switch|p1a: Dragonite|Dragonite, M|100/100
|turn|8
|
|t:|1720280366
|switch|p1a: Scizor|Scizor, M|100/100
|move|p2a: Keldeo|Taunt|p1a: Scizor
|-start|p1a: Scizor|move: Taunt
|
|-weather|Sandstorm|[upkeep]
|-damage|p2a: Keldeo|88/100|[from] Sandstorm
|-heal|p2a: Keldeo|94/100|[from] item: Leftovers
|upkeep
|turn|9
|
|t:|1720280377
|switch|p1a: Dragonite|Dragonite, M|100/100
|move|p2a: Keldeo|Scald|p1a: Dragonite
|-resisted|p1a: Dragonite
|-crit|p1a: Dragonite
|-damage|p1a: Dragonite|80/100
|
|-weather|Sandstorm|[upkeep]
|-damage|p2a: Keldeo|88/100|[from] Sandstorm
|-damage|p1a: Dragonite|74/100|[from] Sandstorm
|-heal|p2a: Keldeo|94/100|[from] item: Leftovers
|upkeep
|turn|10
|
|t:|1720280402
|switch|p2a: Ferrothorn|Ferrothorn, F|100/100
|-damage|p2a: Ferrothorn|95/100|[from] Stealth Rock
|switch|p1a: Scizor|Scizor, M|100/100
|
|-weather|Sandstorm|[upkeep]
|upkeep
|turn|11
|
|t:|1720280416
|move|p1a: Scizor|Swords Dance|p1a: Scizor
|-boost|p1a: Scizor|atk|2
|move|p2a: Ferrothorn|Knock Off|p1a: Scizor
|-resisted|p1a: Scizor
|-damage|p1a: Scizor|98/100
|-enditem|p1a: Scizor|Life Orb|[from] move: Knock Off|[of] p2a: Ferrothorn
|
|-weather|Sandstorm|[upkeep]
|upkeep
|turn|12
|
|t:|1720280433
|switch|p2a: Latios|Latios, M|100/100
|-damage|p2a: Latios|88/100|[from] Stealth Rock
|move|p1a: Scizor|Superpower|p2a: Latios
|-resisted|p2a: Latios
|-damage|p2a: Latios|29/100
|-unboost|p1a: Scizor|atk|1
|-unboost|p1a: Scizor|def|1
|
|-weather|Sandstorm|[upkeep]
|-damage|p2a: Latios|23/100|[from] Sandstorm
|upkeep
|turn|13
|
|t:|1720280445
|switch|p2a: Ferrothorn|Ferrothorn, F|95/100
|-damage|p2a: Ferrothorn|89/100|[from] Stealth Rock
|move|p1a: Scizor|Swords Dance|p1a: Scizor
|-boost|p1a: Scizor|atk|2
|
|-weather|Sandstorm|[upkeep]
|upkeep
|turn|14
|
|t:|1720280456
|move|p1a: Scizor|Superpower|p2a: Ferrothorn
|-supereffective|p2a: Ferrothorn
|-damage|p2a: Ferrothorn|0 fnt
|-unboost|p1a: Scizor|atk|1
|-unboost|p1a: Scizor|def|1
|-damage|p1a: Scizor|85/100|[from] ability: Iron Barbs|[of] p2a: Ferrothorn
|faint|p2a: Ferrothorn
|
|-weather|Sandstorm|[upkeep]
|upkeep
|
|t:|1720280475
|switch|p2a: Landorus|Landorus-Therian, M|100/100
|-damage|p2a: Landorus|88/100|[from] Stealth Rock
|-ability|p2a: Landorus|Intimidate|boost
|-unboost|p1a: Scizor|atk|1
|turn|15
|
|t:|1720280486
|move|p1a: Scizor|Bullet Punch|p2a: Landorus
|-damage|p2a: Landorus|38/100
|move|p2a: Landorus|Earthquake|p1a: Scizor
|-damage|p1a: Scizor|0 fnt
|faint|p1a: Scizor
|
|-weather|Sandstorm|[upkeep]
|-heal|p2a: Landorus|44/100|[from] item: Leftovers
|upkeep
|
|t:|1720280497
|switch|p1a: Volcarona|Volcarona, F|100/100
|turn|16
|
|t:|1720280508
|switch|p2a: Latios|Latios, M|23/100
|-damage|p2a: Latios|10/100|[from] Stealth Rock
|move|p1a: Volcarona|Fire Blast|p2a: Latios
|-resisted|p2a: Latios
|-damage|p2a: Latios|0 fnt
|faint|p2a: Latios
|
|-weather|Sandstorm|[upkeep]
|-damage|p1a: Volcarona|94/100|[from] Sandstorm
|upkeep
|
|t:|1720280530
|switch|p2a: Keldeo|Keldeo|94/100
|-damage|p2a: Keldeo|88/100|[from] Stealth Rock
|turn|17
|
|t:|1720280541
|switch|p1a: Dragonite|Dragonite, M|74/100
|move|p2a: Keldeo|Scald|p1a: Dragonite
|-resisted|p1a: Dragonite
|-damage|p1a: Dragonite|52/100
|
|-weather|Sandstorm|[upkeep]
|-damage|p2a: Keldeo|82/100|[from] Sandstorm
|-damage|p1a: Dragonite|45/100|[from] Sandstorm
|-heal|p2a: Keldeo|88/100|[from] item: Leftovers
|upkeep
|turn|18
|inactive|BWR Momentum city has 120 seconds left.
|
|t:|1720280587
|move|p2a: Keldeo|Taunt|p1a: Dragonite
|-start|p1a: Dragonite|move: Taunt
|cant|p1a: Dragonite|move: Taunt|Dragon Dance
|
|-weather|Sandstorm|[upkeep]
|-damage|p2a: Keldeo|82/100|[from] Sandstorm
|-damage|p1a: Dragonite|39/100|[from] Sandstorm
|-heal|p2a: Keldeo|88/100|[from] item: Leftovers
|upkeep
|turn|19
|
|t:|1720280605
|switch|p2a: Landorus|Landorus-Therian, M|44/100
|-damage|p2a: Landorus|32/100|[from] Stealth Rock
|-ability|p2a: Landorus|Intimidate|boost
|-unboost|p1a: Dragonite|atk|1
|move|p1a: Dragonite|Extreme Speed|p2a: Landorus
|-damage|p2a: Landorus|12/100
|
|-weather|Sandstorm|[upkeep]
|-damage|p1a: Dragonite|33/100|[from] Sandstorm
|-heal|p2a: Landorus|18/100|[from] item: Leftovers
|upkeep
|turn|20
|inactive|BWR Momentum city has 90 seconds left.
|
|t:|1720280628
|switch|p2a: Keldeo|Keldeo|88/100
|-damage|p2a: Keldeo|82/100|[from] Stealth Rock
|switch|p1a: Volcarona|Volcarona, F|94/100
|
|-weather|Sandstorm|[upkeep]
|-damage|p2a: Keldeo|76/100|[from] Sandstorm
|-damage|p1a: Volcarona|88/100|[from] Sandstorm
|-heal|p2a: Keldeo|82/100|[from] item: Leftovers
|upkeep
|turn|21
|inactive|BWR Momentum city has 90 seconds left.
|
|t:|1720280640
|switch|p1a: Breloom|Breloom, F|100/100
|move|p2a: Keldeo|Scald|p1a: Breloom
|-resisted|p1a: Breloom
|-damage|p1a: Breloom|58/100
|
|-weather|Sandstorm|[upkeep]
|-damage|p2a: Keldeo|76/100|[from] Sandstorm
|-damage|p1a: Breloom|52/100|[from] Sandstorm
|-heal|p2a: Keldeo|82/100|[from] item: Leftovers
|upkeep
|turn|22
|
|t:|1720280651
|move|p1a: Breloom|Mach Punch|p2a: Keldeo
|-damage|p2a: Keldeo|30/100
|-damage|p1a: Breloom|42/100|[from] item: Life Orb
|move|p2a: Keldeo|Secret Sword|p1a: Breloom
|-damage|p1a: Breloom|0 fnt
|faint|p1a: Breloom
|
|-weather|Sandstorm|[upkeep]
|-damage|p2a: Keldeo|24/100|[from] Sandstorm
|-heal|p2a: Keldeo|30/100|[from] item: Leftovers
|upkeep
|
|t:|1720280661
|switch|p1a: Dragonite|Dragonite, M|33/100
|turn|23
|inactive|BWR Momentum city has 90 seconds left.
|inactive|BWR Momentum city has 60 seconds left.
|
|t:|1720280734
|move|p1a: Dragonite|Extreme Speed|p2a: Keldeo
|-crit|p2a: Keldeo
|-damage|p2a: Keldeo|0 fnt
|faint|p2a: Keldeo
|
|-weather|Sandstorm|[upkeep]
|-damage|p1a: Dragonite|27/100|[from] Sandstorm
|upkeep
|
|t:|1720280747
|switch|p2a: Alakazam|Alakazam, F|100/100
|turn|24
|
|t:|1720280757
|move|p1a: Dragonite|Extreme Speed|p2a: Alakazam
|-damage|p2a: Alakazam|30/100
|move|p2a: Alakazam|Psychic|p1a: Dragonite
|-damage|p1a: Dragonite|0 fnt
|faint|p1a: Dragonite
|
|-weather|Sandstorm|[upkeep]
|upkeep
|
|t:|1720280767
|switch|p1a: Volcarona|Volcarona, F|88/100
|turn|25
|
|t:|1720280778
|move|p2a: Alakazam|Psychic|p1a: Volcarona
|-damage|p1a: Volcarona|25/100
|move|p1a: Volcarona|Bug Buzz|p2a: Alakazam
|-supereffective|p2a: Alakazam
|-damage|p2a: Alakazam|0 fnt
|faint|p2a: Alakazam
|
|-weather|Sandstorm|[upkeep]
|-damage|p1a: Volcarona|19/100|[from] Sandstorm
|upkeep
|
|t:|1720280783
|switch|p2a: Landorus|Landorus-Therian, M|18/100
|-damage|p2a: Landorus|5/100|[from] Stealth Rock
|-ability|p2a: Landorus|Intimidate|boost
|-unboost|p1a: Volcarona|atk|1
|turn|26
|c|☆BWR Momentum city|Gg
|
|t:|1720280793
|move|p1a: Volcarona|Bug Buzz|p2a: Landorus
|-resisted|p2a: Landorus
|-damage|p2a: Landorus|0 fnt
|faint|p2a: Landorus
|
|win|BigBlackSpinarak
|raw|BigBlackSpinarak's rating: 1312 &rarr; <strong>1336</strong><br />(+24 for winning)
|raw|BWR Momentum city's rating: 1383 &rarr; <strong>1359</strong><br />(-24 for losing)
|c|☆BigBlackSpinarak|gg
|l|☆BWR Momentum city
|player|p2|
|l|☆BigBlackSpinarak
|player|p1|
|j|☆BigBlackSpinarak
|player|p1|BigBlackSpinarak|102|
