|j|Manolou
|j|back to the summit
|player|p1|Manolou|10
|player|p2|back to the summit|1
|gametype|singles
|gen|5
|tier|[Gen 5] OU
|rated
|seed|
|rule|Evasion Abilities Clause: Evasion abilities are banned
|rule|Baton Pass Clause: Limit one Baton Passer, can't pass Spe and other stats simultaneously
|rule|Swagger Clause: Swagger is banned
|clearpoke
|poke|p1|Jirachi|item
|poke|p1|Kyurem-Black|item
|poke|p1|Landorus-Therian, M|item
|poke|p1|Kingdra, M|item
|poke|p1|Latias, F|item
|poke|p1|Starmie|item
|poke|p2|Gothitelle, M|item
|poke|p2|Terrakion|item
|poke|p2|Lucario, M|item
|poke|p2|Salamence, M|item
|poke|p2|Dragonite, M|item
|poke|p2|Scizor, F|item
|rule|Sleep Clause Mod: Limit one foe put to sleep
|rule|Species Clause: Limit one of each Pokémon
|rule|OHKO Clause: OHKO moves are banned
|rule|Moody Clause: Moody is banned
|rule|Evasion Moves Clause: Evasion moves are banned
|rule|Endless Battle Clause: Forcing endless battles is banned
|rule|HP Percentage Mod: HP is shown in percentages
|teampreview
|choice||
|
|start
|switch|p1a: Landorus|Landorus-Therian, M|100/100
|switch|p2a: Terrakion|Terrakion|100/100
|-ability|p1a: Landorus|Intimidate|boost
|-unboost|p2a: Terrakion|atk|1
|turn|1
|choice||
|
|move|p2a: Terrakion|Taunt|p1a: Landorus
|-start|p1a: Landorus|move: Taunt
|move|p1a: Landorus|Earthquake|p2a: Terrakion
|-supereffective|p2a: Terrakion
|-enditem|p2a: Terrakion|Focus Sash
|-damage|p2a: Terrakion|1/100
|
|turn|2
|choice||
|
|switch|p1a: Starmie|Starmie|100/100
|move|p2a: Terrakion|Stealth Rock|p1a: Starmie
|-sidestart|p1: Manolou|move: Stealth Rock
|
|turn|3
|choice||
|
|switch|p2a: Gothitelle|Gothitelle, M|100/100
|move|p1a: Starmie|Rapid Spin|p2a: Gothitelle
|-damage|p2a: Gothitelle|95/100
|-sideend|p1: Manolou|Stealth Rock|[from] move: Rapid Spin|[of] p1a: Starmie
|-damage|p1a: Starmie|91/100|[from] item: Life Orb
|
|turn|4
|choice||
|
|move|p2a: Gothitelle|Thunderbolt|p1a: Starmie
|-supereffective|p1a: Starmie
|-damage|p1a: Starmie|8/100
|move|p1a: Starmie|Hydro Pump|p2a: Gothitelle
|-damage|p2a: Gothitelle|0 fnt
|-damage|p1a: Starmie|0 fnt|[from] item: Life Orb
|faint|p2a: Gothitelle
|faint|p1a: Starmie
|
|choice||
|
|switch|p2a: Terrakion|Terrakion|1/100
|switch|p1a: Landorus|Landorus-Therian, M|100/100
|-ability|p1a: Landorus|Intimidate|boost
|-unboost|p2a: Terrakion|atk|1
|turn|5
|choice||
|
|move|p2a: Terrakion|Stealth Rock|p1a: Landorus
|-sidestart|p1: Manolou|move: Stealth Rock
|move|p1a: Landorus|Earthquake|p2a: Terrakion
|-supereffective|p2a: Terrakion
|-damage|p2a: Terrakion|0 fnt
|faint|p2a: Terrakion
|
|choice||
|
|switch|p2a: Dragonite|Dragonite, M|100/100
|turn|6
|choice||
|
|move|p1a: Landorus|U-turn|p2a: Dragonite
|-resisted|p2a: Dragonite
|-damage|p2a: Dragonite|94/100
|choice||
|
|switch|p1a: Latias|Latias, F|100/100
|-damage|p1a: Latias|88/100|[from] Stealth Rock
|move|p2a: Dragonite|Dragon Dance|p2a: Dragonite
|-boost|p2a: Dragonite|atk|1
|-boost|p2a: Dragonite|spe|1
|
|turn|7
|choice||
|
|move|p1a: Latias|Draco Meteor|p2a: Dragonite
|-supereffective|p2a: Dragonite
|-damage|p2a: Dragonite|0 fnt
|-unboost|p1a: Latias|spa|2
|faint|p2a: Dragonite
|
|choice||
|
|switch|p2a: Scizor|Scizor, F|100/100
|turn|8
|choice||
|
|switch|p1a: Jirachi|Jirachi|100/100
|-damage|p1a: Jirachi|94/100|[from] Stealth Rock
|move|p2a: Scizor|Swords Dance|p2a: Scizor
|-boost|p2a: Scizor|atk|2
|
|-heal|p1a: Jirachi|100/100|[from] item: Leftovers
|turn|9
|choice||
|
|move|p1a: Jirachi|Fire Punch|p2a: Scizor
|-supereffective|p2a: Scizor
|-damage|p2a: Scizor|32/100
|move|p2a: Scizor|U-turn|p1a: Jirachi
|-damage|p1a: Jirachi|53/100
|choice||
|
|switch|p2a: Lucario|Lucario, M|100/100
|
|-heal|p1a: Jirachi|59/100|[from] item: Leftovers
|turn|10
|choice||
|
|move|p1a: Jirachi|Substitute|p1a: Jirachi
|-start|p1a: Jirachi|Substitute
|-damage|p1a: Jirachi|34/100
|move|p2a: Lucario|Close Combat|p1a: Jirachi
|-end|p1a: Jirachi|Substitute
|-unboost|p2a: Lucario|def|1
|-unboost|p2a: Lucario|spd|1
|-damage|p2a: Lucario|91/100|[from] item: Life Orb
|
|-heal|p1a: Jirachi|40/100|[from] item: Leftovers
|turn|11
|choice||
|
|move|p1a: Jirachi|Fire Punch|p2a: Lucario
|-supereffective|p2a: Lucario
|-crit|p2a: Lucario
|-damage|p2a: Lucario|0 fnt
|faint|p2a: Lucario
|
|-heal|p1a: Jirachi|47/100|[from] item: Leftovers
|choice||
|
|switch|p2a: Salamence|Salamence, M|100/100
|turn|12
|choice||
|
|move|p2a: Salamence|Fire Blast|p1a: Jirachi
|-supereffective|p1a: Jirachi
|-damage|p1a: Jirachi|0 fnt
|faint|p1a: Jirachi
|-ability|p2a: Salamence|Moxie|boost
|-boost|p2a: Salamence|atk|1
|
|choice||
|
|switch|p1a: Landorus|Landorus-Therian, M|100/100
|-damage|p1a: Landorus|88/100|[from] Stealth Rock
|-ability|p1a: Landorus|Intimidate|boost
|-unboost|p2a: Salamence|atk|1
|turn|13
|choice||
|
|move|p2a: Salamence|Fire Blast|p1a: Landorus
|-damage|p1a: Landorus|51/100
|move|p1a: Landorus|Explosion|p2a: Salamence
|-damage|p2a: Salamence|0 fnt
|faint|p1a: Landorus
|faint|p2a: Salamence
|
|choice||
|
|switch|p1a: Latias|Latias, F|88/100
|switch|p2a: Scizor|Scizor, F|32/100
|-damage|p1a: Latias|76/100|[from] Stealth Rock
|turn|14
|choice||
|
|move|p1a: Latias|Trick|p2a: Scizor
|-activate|p1a: Latias|move: Trick|[of] p2a: Scizor
|-item|p2a: Scizor|Choice Scarf|[from] move: Trick
|-item|p1a: Latias|Leftovers|[from] move: Trick
|move|p2a: Scizor|Roost|p2a: Scizor
|-heal|p2a: Scizor|82/100
|
|-heal|p1a: Latias|82/100|[from] item: Leftovers
|turn|15
|choice||
|
|move|p1a: Latias|Surf|p2a: Scizor
|-damage|p2a: Scizor|56/100
|move|p2a: Scizor|Roost|p2a: Scizor
|-heal|p2a: Scizor|100/100
|
|-heal|p1a: Latias|88/100|[from] item: Leftovers
|turn|16
|choice||
|
|switch|p1a: Kingdra|Kingdra, M|100/100
|-damage|p1a: Kingdra|88/100|[from] Stealth Rock
|move|p2a: Scizor|Roost|p2a: Scizor
|-fail|p2a: Scizor
|
|turn|17
|choice||
|
|move|p1a: Kingdra|Rain Dance|p1a: Kingdra
|-weather|RainDance
|move|p2a: Scizor|Roost|p2a: Scizor
|-fail|p2a: Scizor
|
|-weather|RainDance|[upkeep]
|turn|18
|choice||
|
|move|p1a: Kingdra|Hydro Pump|p2a: Scizor
|-damage|p2a: Scizor|11/100
|-damage|p1a: Kingdra|78/100|[from] item: Life Orb
|move|p2a: Scizor|Roost|p2a: Scizor
|-heal|p2a: Scizor|61/100
|
|-weather|RainDance|[upkeep]
|turn|19
|choice||
|
|move|p1a: Kingdra|Hydro Pump|p2a: Scizor
|-damage|p2a: Scizor|0 fnt
|-damage|p1a: Kingdra|68/100|[from] item: Life Orb
|faint|p2a: Scizor
|
|win|Manolou
|player|p1
|player|p2
|raw|Manolou's rating: 1494 &rarr; <strong>1508</strong><br />(+14 for winning)
|raw|back to the summit's rating: 1383 &rarr; <strong>1369</strong><br />(-14 for losing)
|l|back to the summit
|j|pink bow