|j|☆sdffghjkkkd
|j|☆night bliz
|t:|1722969027
|gametype|singles
|player|p1|sdffghjkkkd|169|1331
|player|p2|night bliz|dragontamer-gen3|1425
|teamsize|p1|6
|teamsize|p2|6
|gen|5
|tier|[Gen 5] OU
|rated|
|rule|Species Clause: Limit one of each Pokémon
|rule|OHKO Clause: OHKO moves are banned
|rule|Moody Clause: Moody is banned
|rule|Evasion Items Clause: Evasion items are banned
|rule|Evasion Moves Clause: Evasion moves are banned
|rule|Endless Battle Clause: Forcing endless battles is banned
|rule|HP Percentage Mod: HP is shown in percentages
|rule|Evasion Abilities Clause: Evasion abilities are banned
|rule|Sleep Moves Clause: Sleep-inducing moves are banned
|rule|Swagger Clause: Swagger is banned
|rule|Baton Pass Stat Clause: No Baton Passer may have a way to boost its stats
|clearpoke
|poke|p1|Celebi|item
|poke|p1|Azelf|item
|poke|p1|Excadrill, M|item
|poke|p1|Heatran, M|item
|poke|p1|Zapdos|item
|poke|p1|Breloom, F|item
|poke|p2|Hippowdon, M|item
|poke|p2|Ferrothorn, M|item
|poke|p2|Magnezone|item
|poke|p2|Latios, M|item
|poke|p2|Excadrill, F|item
|poke|p2|Reuniclus, F|item
|teampreview
|
|t:|1722969037
|start
|switch|p1a: Breloom|Breloom, F|100/100
|switch|p2a: Hippowdon|Hippowdon, M|100/100
|-weather|Sandstorm|[from] ability: Sand Stream|[of] p2a: Hippowdon
|turn|1
|
|t:|1722969046
|switch|p2a: Ferrothorn|Ferrothorn, M|100/100
|move|p1a: Breloom|Superpower|p2a: Ferrothorn
|-supereffective|p2a: Ferrothorn
|-damage|p2a: Ferrothorn|0 fnt
|-unboost|p1a: Breloom|atk|1
|-unboost|p1a: Breloom|def|1
|-damage|p1a: Breloom|88/100|[from] ability: Iron Barbs|[of] p2a: Ferrothorn
|faint|p2a: Ferrothorn
|
|-weather|Sandstorm|[upkeep]
|-damage|p1a: Breloom|82/100|[from] Sandstorm
|upkeep
|
|t:|1722969050
|switch|p2a: Latios|Latios, M|100/100
|turn|2
|
|t:|1722969057
|switch|p1a: Heatran|Heatran, M|100/100
|move|p2a: Latios|Draco Meteor|p1a: Heatran
|-resisted|p1a: Heatran
|-damage|p1a: Heatran|63/100
|-unboost|p2a: Latios|spa|2
|
|-weather|Sandstorm|[upkeep]
|-damage|p2a: Latios|95/100|[from] Sandstorm
|-heal|p1a: Heatran|69/100|[from] item: Leftovers
|upkeep
|turn|3
|
|t:|1722969071
|move|p2a: Latios|Draco Meteor|p1a: Heatran
|-resisted|p1a: Heatran
|-damage|p1a: Heatran|50/100
|-unboost|p2a: Latios|spa|2
|move|p1a: Heatran|Magma Storm|p2a: Latios
|-resisted|p2a: Latios
|-damage|p2a: Latios|70/100
|-activate|p2a: Latios|move: Magma Storm|[of] p1a: Heatran
|
|-weather|Sandstorm|[upkeep]
|-damage|p2a: Latios|64/100|[from] Sandstorm
|-heal|p1a: Heatran|56/100|[from] item: Leftovers
|-damage|p2a: Latios|58/100|[from] move: Magma Storm|[partiallytrapped]
|upkeep
|turn|4
|
|t:|1722969075
|move|p2a: Latios|Draco Meteor|p1a: Heatran
|-resisted|p1a: Heatran
|-damage|p1a: Heatran|44/100
|-unboost|p2a: Latios|spa|2
|move|p1a: Heatran|Toxic|p2a: Latios|[miss]
|-miss|p1a: Heatran|p2a: Latios
|
|-weather|Sandstorm|[upkeep]
|-damage|p2a: Latios|52/100|[from] Sandstorm
|-heal|p1a: Heatran|50/100|[from] item: Leftovers
|-damage|p2a: Latios|46/100|[from] move: Magma Storm|[partiallytrapped]
|upkeep
|turn|5
|
|t:|1722969078
|move|p1a: Heatran|Protect|p1a: Heatran
|-singleturn|p1a: Heatran|Protect
|move|p2a: Latios|Draco Meteor|p1a: Heatran
|-activate|p1a: Heatran|move: Protect
|
|-weather|Sandstorm|[upkeep]
|-damage|p2a: Latios|40/100|[from] Sandstorm
|-heal|p1a: Heatran|56/100|[from] item: Leftovers
|-damage|p2a: Latios|34/100|[from] move: Magma Storm|[partiallytrapped]
|upkeep
|turn|6
|
|t:|1722969080
|move|p2a: Latios|Draco Meteor|p1a: Heatran
|-resisted|p1a: Heatran
|-damage|p1a: Heatran|48/100
|move|p1a: Heatran|Toxic|p2a: Latios
|-status|p2a: Latios|tox
|
|-weather|Sandstorm|[upkeep]
|-damage|p2a: Latios|28/100 tox|[from] Sandstorm
|-heal|p1a: Heatran|54/100|[from] item: Leftovers
|-damage|p2a: Latios|22/100 tox|[from] psn
|-damage|p2a: Latios|16/100 tox|[from] move: Magma Storm|[partiallytrapped]
|upkeep
|turn|7
|
|t:|1722969082
|move|p1a: Heatran|Protect|p1a: Heatran
|-singleturn|p1a: Heatran|Protect
|move|p2a: Latios|Draco Meteor|p1a: Heatran
|-activate|p1a: Heatran|move: Protect
|
|-weather|Sandstorm|[upkeep]
|-damage|p2a: Latios|10/100 tox|[from] Sandstorm
|-heal|p1a: Heatran|60/100|[from] item: Leftovers
|-damage|p2a: Latios|0 fnt|[from] psn
|faint|p2a: Latios
|upkeep
|
|t:|1722969086
|switch|p2a: Excadrill|Excadrill, F|100/100
|turn|8
|
|t:|1722969092
|switch|p1a: Zapdos|Zapdos|100/100
|-ability|p1a: Zapdos|Pressure
|move|p2a: Excadrill|Earthquake|p1a: Zapdos
|-immune|p1a: Zapdos
|
|-weather|Sandstorm|[upkeep]
|-damage|p1a: Zapdos|94/100|[from] Sandstorm
|-heal|p1a: Zapdos|100/100|[from] item: Leftovers
|upkeep
|turn|9
|
|t:|1722969098
|switch|p2a: Hippowdon|Hippowdon, M|100/100
|move|p1a: Zapdos|Heat Wave|p2a: Hippowdon
|-damage|p2a: Hippowdon|75/100
|-status|p2a: Hippowdon|brn
|
|-weather|Sandstorm|[upkeep]
|-damage|p1a: Zapdos|94/100|[from] Sandstorm
|-heal|p1a: Zapdos|100/100|[from] item: Leftovers
|-heal|p2a: Hippowdon|81/100 brn|[from] item: Leftovers
|-damage|p2a: Hippowdon|69/100 brn|[from] brn
|upkeep
|turn|10
|
|t:|1722969105
|move|p1a: Zapdos|Hidden Power|p2a: Hippowdon
|-supereffective|p2a: Hippowdon
|-damage|p2a: Hippowdon|35/100 brn
|move|p2a: Hippowdon|Stealth Rock|p1a: Zapdos
|-sidestart|p1: sdffghjkkkd|move: Stealth Rock
|
|-weather|Sandstorm|[upkeep]
|-damage|p1a: Zapdos|94/100|[from] Sandstorm
|-heal|p1a: Zapdos|100/100|[from] item: Leftovers
|-heal|p2a: Hippowdon|41/100 brn|[from] item: Leftovers
|-damage|p2a: Hippowdon|29/100 brn|[from] brn
|upkeep
|turn|11
|
|t:|1722969110
|switch|p2a: Reuniclus|Reuniclus, F|100/100
|move|p1a: Zapdos|Hidden Power|p2a: Reuniclus
|-damage|p2a: Reuniclus|80/100
|
|-weather|Sandstorm|[upkeep]
|-damage|p1a: Zapdos|94/100|[from] Sandstorm
|-heal|p1a: Zapdos|100/100|[from] item: Leftovers
|-heal|p2a: Reuniclus|87/100|[from] item: Leftovers
|upkeep
|turn|12
|
|t:|1722969113
|switch|p1a: Azelf|Azelf|100/100
|-damage|p1a: Azelf|88/100|[from] Stealth Rock
|move|p2a: Reuniclus|Calm Mind|p2a: Reuniclus
|-boost|p2a: Reuniclus|spa|1
|-boost|p2a: Reuniclus|spd|1
|
|-weather|Sandstorm|[upkeep]
|-damage|p1a: Azelf|82/100|[from] Sandstorm
|-heal|p2a: Reuniclus|93/100|[from] item: Leftovers
|upkeep
|turn|13
|
|t:|1722969116
|move|p1a: Azelf|Thunder Wave|p2a: Reuniclus
|-status|p2a: Reuniclus|par
|move|p2a: Reuniclus|Calm Mind|p2a: Reuniclus
|-boost|p2a: Reuniclus|spa|1
|-boost|p2a: Reuniclus|spd|1
|
|-weather|Sandstorm|[upkeep]
|-damage|p1a: Azelf|76/100|[from] Sandstorm
|-heal|p2a: Reuniclus|99/100 par|[from] item: Leftovers
|upkeep
|turn|14
|
|t:|1722969136
|move|p1a: Azelf|Explosion|p2a: Reuniclus
|-damage|p2a: Reuniclus|42/100 par
|faint|p1a: Azelf
|cant|p2a: Reuniclus|par
|
|-weather|Sandstorm|[upkeep]
|-heal|p2a: Reuniclus|48/100 par|[from] item: Leftovers
|upkeep
|
|t:|1722969138
|switch|p1a: Breloom|Breloom, F|82/100
|-damage|p1a: Breloom|76/100|[from] Stealth Rock
|turn|15
|
|t:|1722969146
|switch|p2a: Hippowdon|Hippowdon, M|29/100 brn
|move|p1a: Breloom|Bullet Seed|p2a: Hippowdon
|-supereffective|p2a: Hippowdon
|-damage|p2a: Hippowdon|0 fnt
|faint|p2a: Hippowdon
|-hitcount|p2: Hippowdon|1
|
|-weather|Sandstorm|[upkeep]
|-damage|p1a: Breloom|70/100|[from] Sandstorm
|upkeep
|
|t:|1722969149
|switch|p2a: Excadrill|Excadrill, F|100/100
|turn|16
|
|t:|1722969155
|switch|p2a: Reuniclus|Reuniclus, F|48/100 par
|switch|p1a: Heatran|Heatran, M|60/100
|-damage|p1a: Heatran|48/100|[from] Stealth Rock
|
|-weather|Sandstorm|[upkeep]
|-heal|p1a: Heatran|54/100|[from] item: Leftovers
|-heal|p2a: Reuniclus|54/100 par|[from] item: Leftovers
|upkeep
|turn|17
|
|t:|1722969172
|switch|p1a: Breloom|Breloom, F|70/100
|-damage|p1a: Breloom|64/100|[from] Stealth Rock
|cant|p2a: Reuniclus|par
|
|-weather|Sandstorm|[upkeep]
|-damage|p1a: Breloom|58/100|[from] Sandstorm
|-heal|p2a: Reuniclus|60/100 par|[from] item: Leftovers
|upkeep
|turn|18
|
|t:|1722969175
|move|p1a: Breloom|Bullet Seed|p2a: Reuniclus
|-crit|p2a: Reuniclus
|-damage|p2a: Reuniclus|17/100 par
|-crit|p2a: Reuniclus
|-damage|p2a: Reuniclus|0 fnt
|faint|p2a: Reuniclus
|-hitcount|p2: Reuniclus|2
|
|-weather|Sandstorm|[upkeep]
|-damage|p1a: Breloom|51/100|[from] Sandstorm
|upkeep
|c|☆night bliz|ove that
|
|t:|1722969185
|switch|p2a: Excadrill|Excadrill, F|100/100
|turn|19
|-message|night bliz forfeited.
|
|win|sdffghjkkkd
|raw|sdffghjkkkd's rating: 1331 &rarr; <strong>1356</strong><br />(+25 for winning)
|raw|night bliz's rating: 1425 &rarr; <strong>1400</strong><br />(-25 for losing)
|l|☆night bliz
|player|p2|
|c|☆sdffghjkkkd|needed 3 hitt
|c|☆sdffghjkkkd|lol
