|uhtml|medal-msg|<div class="broadcast-blue">Curious what those medals under the avatar are? PS now has Ladder Seasons! For more information, check out the <a href="https://www.smogon.com/forums/threads/3740067/">thread on Smogon.</a></div>
|uhtml|medal-msg|<div class="broadcast-blue">Curious what those medals under the avatar are? PS now has Ladder Seasons! For more information, check out the <a href="https://www.smogon.com/forums/threads/3740067/">thread on Smogon.</a></div>
|j|☆Boizeroni
|j|☆guap collector
|t:|1713451671
|gametype|singles
|player|p1|Boizeroni|swimmer|1479
|player|p2|guap collector|burglar|1376
|teamsize|p1|6
|teamsize|p2|6
|gen|5
|tier|[Gen 5] OU
|rated|
|rule|Species Clause: Limit one of each Pokémon
|rule|OHKO Clause: OHKO moves are banned
|rule|Moody Clause: Moody is banned
|rule|Evasion Items Clause: Evasion items are banned
|rule|Evasion Moves Clause: Evasion moves are banned
|rule|Endless Battle Clause: Forcing endless battles is banned
|rule|HP Percentage Mod: HP is shown in percentages
|rule|Evasion Abilities Clause: Evasion abilities are banned
|rule|Sleep Moves Clause: Sleep-inducing moves are banned
|rule|Swagger Clause: Swagger is banned
|rule|Baton Pass Stat Clause: No Baton Passer may have a way to boost its stats
|clearpoke
|poke|p1|Espeon, F|item
|poke|p1|Darmanitan, F|item
|poke|p1|Latios, M|item
|poke|p1|Alakazam, M|item
|poke|p1|Scizor, M|item
|poke|p1|Dugtrio, M|item
|poke|p2|Celebi|item
|poke|p2|Garchomp, M|item
|poke|p2|Excadrill, M|item
|poke|p2|Heatran, F|item
|poke|p2|Dragonite, F|item
|poke|p2|Scizor, F|item
|teampreview
|inactive|Battle timer is ON: inactive players will automatically lose when time's up. (requested by guap collector)
|
|t:|1713451689
|start
|switch|p1a: Alakazam|Alakazam, M|100/100
|switch|p2a: Garchomp|Garchomp, M|100/100
|turn|1
|
|t:|1713451694
|switch|p2a: Heatran|Heatran, F|100/100
|move|p1a: Alakazam|Hidden Power|p2a: Heatran
|-resisted|p2a: Heatran
|-damage|p2a: Heatran|97/100
|
|-heal|p2a: Heatran|100/100|[from] item: Leftovers
|upkeep
|turn|2
|
|t:|1713451698
|switch|p2a: Celebi|Celebi|100/100
|move|p1a: Alakazam|Focus Blast|p2a: Celebi
|-resisted|p2a: Celebi
|-damage|p2a: Celebi|87/100
|
|-heal|p2a: Celebi|94/100|[from] item: Leftovers
|upkeep
|turn|3
|
|t:|1713451701
|switch|p1a: Darmanitan|Darmanitan, F|100/100
|move|p2a: Celebi|Thunder Wave|p1a: Darmanitan
|-status|p1a: Darmanitan|par
|
|-heal|p2a: Celebi|99/100|[from] item: Leftovers
|upkeep
|turn|4
|
|t:|1713451703
|move|p2a: Celebi|U-turn|p1a: Darmanitan
|-resisted|p1a: Darmanitan
|-crit|p1a: Darmanitan
|-damage|p1a: Darmanitan|79/100 par
|
|t:|1713451705
|switch|p2a: Heatran|Heatran, F|100/100|[from] U-turn
|move|p1a: Darmanitan|Superpower|p2a: Heatran
|-supereffective|p2a: Heatran
|-damage|p2a: Heatran|22/100
|-unboost|p1a: Darmanitan|atk|1
|-unboost|p1a: Darmanitan|def|1
|
|-heal|p2a: Heatran|28/100|[from] item: Leftovers
|upkeep
|turn|5
|
|t:|1713451714
|switch|p1a: Espeon|Espeon, F|100/100
|move|p2a: Heatran|Protect||[still]
|-fail|p2a: Heatran
|
|-heal|p2a: Heatran|34/100|[from] item: Leftovers
|upkeep
|turn|6
|
|t:|1713451718
|move|p2a: Heatran|Protect|p2a: Heatran
|-singleturn|p2a: Heatran|Protect
|move|p1a: Espeon|Psychic|p2a: Heatran
|-activate|p2a: Heatran|move: Protect
|
|-heal|p2a: Heatran|40/100|[from] item: Leftovers
|upkeep
|turn|7
|
|t:|1713451723
|move|p1a: Espeon|Psychic|p2a: Heatran
|-resisted|p2a: Heatran
|-damage|p2a: Heatran|25/100
|move|p2a: Heatran|Magma Storm|p1a: Espeon
|-damage|p1a: Espeon|37/100
|-activate|p1a: Espeon|move: Magma Storm|[of] p2a: Heatran
|
|-heal|p2a: Heatran|32/100|[from] item: Leftovers
|-damage|p1a: Espeon|31/100|[from] move: Magma Storm|[partiallytrapped]
|upkeep
|turn|8
|
|t:|1713451727
|move|p2a: Heatran|Protect|p2a: Heatran
|-singleturn|p2a: Heatran|Protect
|move|p1a: Espeon|Psychic|p2a: Heatran
|-activate|p2a: Heatran|move: Protect
|
|-heal|p2a: Heatran|38/100|[from] item: Leftovers
|-damage|p1a: Espeon|25/100|[from] move: Magma Storm|[partiallytrapped]
|upkeep
|turn|9
|
|t:|1713451746
|switch|p2a: Scizor|Scizor, F|100/100
|move|p1a: Espeon|Psychic|p2a: Scizor
|-resisted|p2a: Scizor
|-damage|p2a: Scizor|73/100
|
|upkeep
|turn|10
|
|t:|1713451748
|move|p2a: Scizor|Bullet Punch|p1a: Espeon
|-damage|p1a: Espeon|0 fnt
|faint|p1a: Espeon
|
|upkeep
|
|t:|1713451752
|switch|p1a: Darmanitan|Darmanitan, F|79/100 par
|turn|11
|
|t:|1713451759
|switch|p2a: Dragonite|Dragonite, F|100/100
|cant|p1a: Darmanitan|par
|
|upkeep
|turn|12
|
|t:|1713451762
|move|p2a: Dragonite|Substitute|p2a: Dragonite
|-start|p2a: Dragonite|Substitute
|-damage|p2a: Dragonite|76/100
|move|p1a: Darmanitan|Zen Headbutt|p2a: Dragonite
|-end|p2a: Dragonite|Substitute
|
|-heal|p2a: Dragonite|82/100|[from] item: Leftovers
|upkeep
|turn|13
|
|t:|1713451768
|switch|p1a: Scizor|Scizor, M|100/100
|move|p2a: Dragonite|Substitute|p2a: Dragonite
|-start|p2a: Dragonite|Substitute
|-damage|p2a: Dragonite|57/100
|
|-heal|p2a: Dragonite|63/100|[from] item: Leftovers
|upkeep
|turn|14
|
|t:|1713451778
|switch|p2a: Heatran|Heatran, F|38/100
|move|p1a: Scizor|Swords Dance|p1a: Scizor
|-boost|p1a: Scizor|atk|2
|
|-heal|p2a: Heatran|44/100|[from] item: Leftovers
|upkeep
|turn|15
|
|t:|1713451786
|switch|p1a: Darmanitan|Darmanitan, F|79/100 par
|move|p2a: Heatran|Magma Storm|p1a: Darmanitan
|-resisted|p1a: Darmanitan
|-damage|p1a: Darmanitan|38/100 par
|-activate|p1a: Darmanitan|move: Magma Storm|[of] p2a: Heatran
|
|-heal|p2a: Heatran|50/100|[from] item: Leftovers
|-damage|p1a: Darmanitan|32/100 par|[from] move: Magma Storm|[partiallytrapped]
|upkeep
|turn|16
|
|t:|1713451790
|move|p2a: Heatran|Protect|p2a: Heatran
|-singleturn|p2a: Heatran|Protect
|cant|p1a: Darmanitan|par
|
|-heal|p2a: Heatran|56/100|[from] item: Leftovers
|-damage|p1a: Darmanitan|26/100 par|[from] move: Magma Storm|[partiallytrapped]
|upkeep
|turn|17
|
|t:|1713451797
|move|p2a: Heatran|Earth Power|p1a: Darmanitan
|-supereffective|p1a: Darmanitan
|-damage|p1a: Darmanitan|0 fnt
|faint|p1a: Darmanitan
|
|-heal|p2a: Heatran|63/100|[from] item: Leftovers
|upkeep
|
|t:|1713451799
|switch|p1a: Dugtrio|Dugtrio, M|100/100
|turn|18
|
|t:|1713451804
|move|p2a: Heatran|Protect|p2a: Heatran
|-singleturn|p2a: Heatran|Protect
|move|p1a: Dugtrio|Earthquake|p2a: Heatran
|-activate|p2a: Heatran|move: Protect
|
|-heal|p2a: Heatran|69/100|[from] item: Leftovers
|upkeep
|turn|19
|
|t:|1713451808
|switch|p2a: Celebi|Celebi|99/100
|move|p1a: Dugtrio|Earthquake|p2a: Celebi
|-resisted|p2a: Celebi
|-damage|p2a: Celebi|82/100
|
|-heal|p2a: Celebi|88/100|[from] item: Leftovers
|upkeep
|turn|20
|
|t:|1713451811
|switch|p1a: Scizor|Scizor, M|100/100
|move|p2a: Celebi|U-turn|p1a: Scizor
|-resisted|p1a: Scizor
|-damage|p1a: Scizor|93/100
|
|t:|1713451823
|switch|p2a: Garchomp|Garchomp, M|100/100|[from] U-turn
|
|-heal|p1a: Scizor|99/100|[from] item: Leftovers
|upkeep
|turn|21
|
|t:|1713451826
|move|p2a: Garchomp|Earthquake|p1a: Scizor
|-damage|p1a: Scizor|44/100
|move|p1a: Scizor|Swords Dance|p1a: Scizor
|-boost|p1a: Scizor|atk|2
|
|-heal|p1a: Scizor|50/100|[from] item: Leftovers
|upkeep
|turn|22
|
|t:|1713451837
|switch|p2a: Heatran|Heatran, F|69/100
|switch|p1a: Latios|Latios, M|100/100
|
|-heal|p2a: Heatran|75/100|[from] item: Leftovers
|upkeep
|turn|23
|
|t:|1713451841
|switch|p2a: Celebi|Celebi|88/100
|move|p1a: Latios|Surf|p2a: Celebi
|-resisted|p2a: Celebi
|-damage|p2a: Celebi|75/100
|-damage|p1a: Latios|91/100|[from] item: Life Orb
|
|-heal|p2a: Celebi|82/100|[from] item: Leftovers
|upkeep
|turn|24
|
|t:|1713451844
|move|p1a: Latios|Draco Meteor|p2a: Celebi
|-damage|p2a: Celebi|27/100
|-unboost|p1a: Latios|spa|2
|-damage|p1a: Latios|81/100|[from] item: Life Orb
|move|p2a: Celebi|Thunder Wave|p1a: Latios
|-status|p1a: Latios|par
|
|-heal|p2a: Celebi|33/100|[from] item: Leftovers
|upkeep
|turn|25
|
|t:|1713451848
|switch|p1a: Scizor|Scizor, M|50/100
|move|p2a: Celebi|Recover|p2a: Celebi
|-heal|p2a: Celebi|83/100
|
|-heal|p2a: Celebi|89/100|[from] item: Leftovers
|-heal|p1a: Scizor|56/100|[from] item: Leftovers
|upkeep
|turn|26
|
|t:|1713451851
|switch|p2a: Heatran|Heatran, F|75/100
|move|p1a: Scizor|Roost|p1a: Scizor
|-heal|p1a: Scizor|100/100
|-singleturn|p1a: Scizor|move: Roost
|
|-heal|p2a: Heatran|81/100|[from] item: Leftovers
|upkeep
|turn|27
|
|t:|1713451853
|switch|p1a: Latios|Latios, M|81/100 par
|move|p2a: Heatran|Magma Storm|p1a: Latios
|-resisted|p1a: Latios
|-damage|p1a: Latios|54/100 par
|-activate|p1a: Latios|move: Magma Storm|[of] p2a: Heatran
|
|-heal|p2a: Heatran|88/100|[from] item: Leftovers
|-damage|p1a: Latios|48/100 par|[from] move: Magma Storm|[partiallytrapped]
|upkeep
|turn|28
|
|t:|1713451857
|switch|p2a: Celebi|Celebi|89/100
|cant|p1a: Latios|par
|
|-heal|p2a: Celebi|95/100|[from] item: Leftovers
|upkeep
|turn|29
|
|t:|1713451859
|switch|p1a: Scizor|Scizor, M|100/100
|move|p2a: Celebi|U-turn|p1a: Scizor
|-resisted|p1a: Scizor
|-damage|p1a: Scizor|93/100
|-message|Boizeroni forfeited.
|
|win|guap collector
|raw|Boizeroni's rating: 1479 &rarr; <strong>1453</strong><br />(-26 for losing)
|raw|guap collector's rating: 1376 &rarr; <strong>1402</strong><br />(+26 for winning)
|l|☆Boizeroni
|player|p1|
