|j|☆leandrouu
|j|☆BigBlackSpinarak
|t:|1720475237
|gametype|singles
|player|p1|leandrouu|170|1277
|player|p2|BigBlackSpinarak|265|1371
|teamsize|p1|6
|teamsize|p2|6
|gen|5
|tier|[Gen 5] OU
|rated|
|rule|Species Clause: Limit one of each Pokémon
|rule|OHKO Clause: OHKO moves are banned
|rule|Moody Clause: Moody is banned
|rule|Evasion Items Clause: Evasion items are banned
|rule|Evasion Moves Clause: Evasion moves are banned
|rule|Endless Battle Clause: Forcing endless battles is banned
|rule|HP Percentage Mod: HP is shown in percentages
|rule|Evasion Abilities Clause: Evasion abilities are banned
|rule|Sleep Moves Clause: Sleep-inducing moves are banned
|rule|Swagger Clause: Swagger is banned
|rule|Baton Pass Stat Clause: No Baton Passer may have a way to boost its stats
|clearpoke
|poke|p1|Mamoswine, M|item
|poke|p1|Chandelure, F|item
|poke|p1|Scizor, F|item
|poke|p1|Starmie|item
|poke|p1|Tyranitar, F|item
|poke|p1|Rotom-Wash|item
|poke|p2|Tyranitar, F|item
|poke|p2|Skarmory, M|item
|poke|p2|Alakazam, F|item
|poke|p2|Landorus-Therian, M|item
|poke|p2|Latios, M|item
|poke|p2|Rotom-Wash|item
|teampreview
|
|t:|1720475248
|start
|switch|p1a: Rotom|Rotom-Wash|100/100
|switch|p2a: rotomwash|Rotom-Wash|100/100
|turn|1
|c|☆BigBlackSpinarak|hf
|inactive|Battle timer is ON: inactive players will automatically lose when time's up. (requested by BigBlackSpinarak)
|c|☆leandrouu|hf
|
|t:|1720475260
|move|p2a: rotomwash|Volt Switch|p1a: Rotom
|-damage|p1a: Rotom|73/100
|
|t:|1720475271
|switch|p2a: Latios|Latios, M|100/100|[from] Volt Switch
|move|p1a: Rotom|Thunder Wave|p2a: Latios
|-status|p2a: Latios|par
|
|-heal|p1a: Rotom|79/100|[from] item: Leftovers
|upkeep
|turn|2
|
|t:|1720475284
|switch|p1a: Tyranitar|Tyranitar, F|100/100
|-weather|Sandstorm|[from] ability: Sand Stream|[of] p1a: Tyranitar
|switch|p2a: rotomwash|Rotom-Wash|100/100
|
|-weather|Sandstorm|[upkeep]
|-damage|p2a: rotomwash|94/100|[from] Sandstorm
|upkeep
|turn|3
|
|t:|1720475308
|switch|p1a: Chandelure|Chandelure, F|100/100
|move|p2a: rotomwash|Volt Switch|p1a: Chandelure
|-damage|p1a: Chandelure|61/100
|
|t:|1720475319
|switch|p2a: Tyranitar|Tyranitar, F|100/100|[from] Volt Switch
|
|-weather|Sandstorm|[upkeep]
|-damage|p1a: Chandelure|55/100|[from] Sandstorm
|upkeep
|turn|4
|
|t:|1720475330
|move|p1a: Chandelure|Trick|p2a: Tyranitar
|-activate|p1a: Chandelure|move: Trick|[of] p2a: Tyranitar
|-item|p2a: Tyranitar|Choice Scarf|[from] move: Trick
|-item|p1a: Chandelure|Chople Berry|[from] move: Trick
|move|p2a: Tyranitar|Pursuit|p1a: Chandelure
|-supereffective|p1a: Chandelure
|-damage|p1a: Chandelure|0 fnt
|faint|p1a: Chandelure
|
|-weather|Sandstorm|[upkeep]
|upkeep
|
|t:|1720475343
|switch|p1a: Tyranitar|Tyranitar, F|100/100
|turn|5
|
|t:|1720475354
|switch|p2a: rotomwash|Rotom-Wash|94/100
|move|p1a: Tyranitar|Stealth Rock|p2a: rotomwash
|-sidestart|p2: BigBlackSpinarak|move: Stealth Rock
|
|-weather|Sandstorm|[upkeep]
|-damage|p2a: rotomwash|88/100|[from] Sandstorm
|upkeep
|turn|6
|
|t:|1720475366
|move|p2a: rotomwash|Will-O-Wisp|p1a: Tyranitar
|-status|p1a: Tyranitar|brn
|move|p1a: Tyranitar|Rock Slide|p2a: rotomwash
|-damage|p2a: rotomwash|74/100
|
|-weather|Sandstorm|[upkeep]
|-damage|p2a: rotomwash|68/100|[from] Sandstorm
|-damage|p1a: Tyranitar|88/100 brn|[from] brn
|upkeep
|turn|7
|
|t:|1720475382
|switch|p1a: Rotom|Rotom-Wash|79/100
|move|p2a: rotomwash|Volt Switch|p1a: Rotom
|-damage|p1a: Rotom|54/100
|
|t:|1720475393
|switch|p2a: Latios|Latios, M|100/100 par|[from] Volt Switch
|-damage|p2a: Latios|88/100 par|[from] Stealth Rock
|
|-weather|Sandstorm|[upkeep]
|-damage|p1a: Rotom|48/100|[from] Sandstorm
|-damage|p2a: Latios|82/100 par|[from] Sandstorm
|-heal|p1a: Rotom|54/100|[from] item: Leftovers
|upkeep
|turn|8
|
|t:|1720475405
|switch|p1a: Tyranitar|Tyranitar, F|88/100 brn
|cant|p2a: Latios|par
|
|-weather|Sandstorm|[upkeep]
|-damage|p2a: Latios|76/100 par|[from] Sandstorm
|-heal|p1a: Tyranitar|94/100 brn|[from] item: Leftovers
|-damage|p1a: Tyranitar|82/100 brn|[from] brn
|upkeep
|turn|9
|
|t:|1720475416
|move|p1a: Tyranitar|Pursuit|p2a: Latios
|-supereffective|p2a: Latios
|-damage|p2a: Latios|51/100 par
|move|p2a: Latios|Draco Meteor|p1a: Tyranitar
|-damage|p1a: Tyranitar|38/100 brn
|-unboost|p2a: Latios|spa|2
|
|-weather|Sandstorm|[upkeep]
|-damage|p2a: Latios|45/100 par|[from] Sandstorm
|-heal|p1a: Tyranitar|44/100 brn|[from] item: Leftovers
|-damage|p1a: Tyranitar|32/100 brn|[from] brn
|upkeep
|turn|10
|
|t:|1720475431
|switch|p1a: Scizor|Scizor, F|100/100
|switch|p2a: Skarmory|Skarmory, M|100/100
|-damage|p2a: Skarmory|88/100|[from] Stealth Rock
|
|-weather|Sandstorm|[upkeep]
|-heal|p2a: Skarmory|94/100|[from] item: Leftovers
|upkeep
|turn|11
|
|t:|1720475442
|switch|p1a: Starmie|Starmie|100/100
|move|p2a: Skarmory|Spikes|p1a: Starmie
|-sidestart|p1: leandrouu|Spikes
|
|-weather|Sandstorm|[upkeep]
|-damage|p1a: Starmie|94/100|[from] Sandstorm
|-heal|p2a: Skarmory|99/100|[from] item: Leftovers
|upkeep
|turn|12
|
|t:|1720475455
|move|p1a: Starmie|Hydro Pump|p2a: Skarmory
|-damage|p2a: Skarmory|35/100
|-damage|p1a: Starmie|84/100|[from] item: Life Orb
|move|p2a: Skarmory|Roost|p2a: Skarmory
|-heal|p2a: Skarmory|85/100
|-singleturn|p2a: Skarmory|move: Roost
|
|-weather|Sandstorm|[upkeep]
|-damage|p1a: Starmie|78/100|[from] Sandstorm
|-heal|p2a: Skarmory|91/100|[from] item: Leftovers
|upkeep
|turn|13
|
|t:|1720475466
|switch|p2a: Latios|Latios, M|45/100 par
|-damage|p2a: Latios|33/100 par|[from] Stealth Rock
|move|p1a: Starmie|Thunderbolt|p2a: Latios
|-resisted|p2a: Latios
|-damage|p2a: Latios|12/100 par
|-damage|p1a: Starmie|68/100|[from] item: Life Orb
|
|-weather|Sandstorm|[upkeep]
|-damage|p1a: Starmie|62/100|[from] Sandstorm
|-damage|p2a: Latios|6/100 par|[from] Sandstorm
|upkeep
|turn|14
|
|t:|1720475478
|switch|p2a: Skarmory|Skarmory, M|91/100
|-damage|p2a: Skarmory|79/100|[from] Stealth Rock
|move|p1a: Starmie|Rapid Spin|p2a: Skarmory
|-resisted|p2a: Skarmory
|-damage|p2a: Skarmory|77/100
|-sideend|p1: leandrouu|Spikes|[from] move: Rapid Spin|[of] p1a: Starmie
|-damage|p1a: Starmie|52/100|[from] item: Life Orb
|
|-weather|Sandstorm|[upkeep]
|-damage|p1a: Starmie|46/100|[from] Sandstorm
|-heal|p2a: Skarmory|83/100|[from] item: Leftovers
|upkeep
|turn|15
|
|t:|1720475489
|move|p1a: Starmie|Thunderbolt|p2a: Skarmory
|-supereffective|p2a: Skarmory
|-damage|p2a: Skarmory|11/100
|-damage|p1a: Starmie|36/100|[from] item: Life Orb
|move|p2a: Skarmory|Roost|p2a: Skarmory
|-heal|p2a: Skarmory|61/100
|-singleturn|p2a: Skarmory|move: Roost
|
|-weather|Sandstorm|[upkeep]
|-damage|p1a: Starmie|30/100|[from] Sandstorm
|-heal|p2a: Skarmory|67/100|[from] item: Leftovers
|upkeep
|turn|16
|
|t:|1720475500
|switch|p2a: Latios|Latios, M|6/100 par
|-damage|p2a: Latios|0 fnt|[from] Stealth Rock
|faint|p2a: Latios
|move|p1a: Starmie|Hydro Pump|p2: Latios|[notarget]
|-fail|p1a: Starmie
|
|-weather|Sandstorm|[upkeep]
|-damage|p1a: Starmie|24/100|[from] Sandstorm
|upkeep
|
|t:|1720475512
|switch|p2a: Alakazam|Alakazam, F|100/100
|turn|17
|
|t:|1720475532
|switch|p1a: Tyranitar|Tyranitar, F|32/100 brn
|move|p2a: Alakazam|Shadow Ball|p1a: Tyranitar
|-resisted|p1a: Tyranitar
|-damage|p1a: Tyranitar|26/100 brn
|-unboost|p1a: Tyranitar|spd|1
|
|-weather|Sandstorm|[upkeep]
|-heal|p1a: Tyranitar|32/100 brn|[from] item: Leftovers
|-damage|p1a: Tyranitar|20/100 brn|[from] brn
|upkeep
|turn|18
|
|t:|1720475543
|move|p2a: Alakazam|Hidden Power|p1a: Tyranitar
|-damage|p1a: Tyranitar|4/100 brn
|move|p1a: Tyranitar|Pursuit|p2a: Alakazam
|-supereffective|p2a: Alakazam
|-damage|p2a: Alakazam|52/100
|
|-weather|Sandstorm|[upkeep]
|-heal|p1a: Tyranitar|10/100 brn|[from] item: Leftovers
|-damage|p1a: Tyranitar|0 fnt|[from] brn
|faint|p1a: Tyranitar
|upkeep
|j| Ryan Burnett
|
|t:|1720475558
|switch|p1a: Mamoswine|Mamoswine, M|100/100
|turn|19
|
|t:|1720475569
|switch|p2a: rotomwash|Rotom-Wash|68/100
|-damage|p2a: rotomwash|55/100|[from] Stealth Rock
|move|p1a: Mamoswine|Ice Shard|p2a: rotomwash
|-resisted|p2a: rotomwash
|-damage|p2a: rotomwash|44/100
|
|-weather|Sandstorm|[upkeep]
|-damage|p2a: rotomwash|37/100|[from] Sandstorm
|upkeep
|turn|20
|
|t:|1720475580
|move|p1a: Mamoswine|Substitute|p1a: Mamoswine
|-start|p1a: Mamoswine|Substitute
|-damage|p1a: Mamoswine|76/100
|move|p2a: rotomwash|Hydro Pump|p1a: Mamoswine
|-supereffective|p1a: Mamoswine
|-end|p1a: Mamoswine|Substitute
|
|-weather|Sandstorm|[upkeep]
|-damage|p2a: rotomwash|31/100|[from] Sandstorm
|upkeep
|turn|21
|
|t:|1720475591
|move|p1a: Mamoswine|Substitute|p1a: Mamoswine
|-start|p1a: Mamoswine|Substitute
|-damage|p1a: Mamoswine|51/100
|move|p2a: rotomwash|Rest|p2a: rotomwash
|-status|p2a: rotomwash|slp|[from] move: Rest
|-heal|p2a: rotomwash|100/100 slp|[silent]
|-enditem|p2a: rotomwash|Chesto Berry|[eat]
|-curestatus|p2a: rotomwash|slp|[msg]
|
|-weather|Sandstorm|[upkeep]
|-damage|p2a: rotomwash|94/100|[from] Sandstorm
|upkeep
|turn|22
|l| Ryan Burnett
|
|t:|1720475602
|move|p1a: Mamoswine|Icicle Crash|p2a: rotomwash
|-resisted|p2a: rotomwash
|-damage|p2a: rotomwash|69/100
|cant|p2a: rotomwash|flinch
|
|-weather|Sandstorm|[upkeep]
|-damage|p2a: rotomwash|63/100|[from] Sandstorm
|upkeep
|turn|23
|
|t:|1720475614
|move|p1a: Mamoswine|Icicle Crash|p2a: rotomwash
|-resisted|p2a: rotomwash
|-damage|p2a: rotomwash|39/100
|move|p2a: rotomwash|Hydro Pump|p1a: Mamoswine|[miss]
|-miss|p2a: rotomwash|p1a: Mamoswine
|
|-weather|Sandstorm|[upkeep]
|-damage|p2a: rotomwash|33/100|[from] Sandstorm
|upkeep
|turn|24
|j| Ryan Burnett
|
|t:|1720475625
|move|p1a: Mamoswine|Icicle Crash|p2a: rotomwash
|-resisted|p2a: rotomwash
|-damage|p2a: rotomwash|6/100
|cant|p2a: rotomwash|flinch
|
|-weather|Sandstorm|[upkeep]
|-damage|p2a: rotomwash|0 fnt|[from] Sandstorm
|faint|p2a: rotomwash
|upkeep
|
|t:|1720475636
|switch|p2a: Skarmory|Skarmory, M|67/100
|-damage|p2a: Skarmory|54/100|[from] Stealth Rock
|turn|25
|
|t:|1720475648
|move|p1a: Mamoswine|Icicle Crash|p2a: Skarmory
|-damage|p2a: Skarmory|10/100
|cant|p2a: Skarmory|flinch
|
|-weather|Sandstorm|[upkeep]
|-heal|p2a: Skarmory|16/100|[from] item: Leftovers
|upkeep
|turn|26
|l|ryanburnett
|
|t:|1720475659
|switch|p2a: Tyranitar|Tyranitar, F|100/100
|-damage|p2a: Tyranitar|88/100|[from] Stealth Rock
|move|p1a: Mamoswine|Icicle Crash|p2a: Tyranitar
|-damage|p2a: Tyranitar|42/100
|
|-weather|Sandstorm|[upkeep]
|upkeep
|turn|27
|
|t:|1720475670
|move|p1a: Mamoswine|Earthquake|p2a: Tyranitar
|-supereffective|p2a: Tyranitar
|-damage|p2a: Tyranitar|0 fnt
|faint|p2a: Tyranitar
|
|-weather|Sandstorm|[upkeep]
|upkeep
|
|t:|1720475681
|switch|p2a: Alakazam|Alakazam, F|52/100
|turn|28
|
|t:|1720475693
|switch|p2a: landorustherian|Landorus-Therian, M|100/100
|-damage|p2a: landorustherian|88/100|[from] Stealth Rock
|-ability|p2a: landorustherian|Intimidate|boost
|-immune|p1a: Mamoswine
|move|p1a: Mamoswine|Ice Shard|p2a: landorustherian
|-supereffective|p2a: landorustherian
|-damage|p2a: landorustherian|5/100
|
|-weather|Sandstorm|[upkeep]
|-heal|p2a: landorustherian|11/100|[from] item: Leftovers
|upkeep
|turn|29
|
|t:|1720475704
|move|p1a: Mamoswine|Ice Shard|p2a: landorustherian
|-supereffective|p2a: landorustherian
|-damage|p2a: landorustherian|0 fnt
|faint|p2a: landorustherian
|
|-weather|Sandstorm|[upkeep]
|upkeep
|inactive|BigBlackSpinarak has 120 seconds left.
|
|t:|1720475714
|switch|p2a: Alakazam|Alakazam, F|52/100
|turn|30
|
|t:|1720475721
|move|p1a: Mamoswine|Ice Shard|p2a: Alakazam
|-damage|p2a: Alakazam|0 fnt
|faint|p2a: Alakazam
|
|-weather|Sandstorm|[upkeep]
|upkeep
|
|t:|1720475724
|switch|p2a: Skarmory|Skarmory, M|16/100
|-damage|p2a: Skarmory|4/100|[from] Stealth Rock
|turn|31
|
|t:|1720475726
|move|p1a: Mamoswine|Ice Shard|p2a: Skarmory
|-damage|p2a: Skarmory|0 fnt
|faint|p2a: Skarmory
|
|win|leandrouu
|raw|leandrouu's rating: 1277 &rarr; <strong>1309</strong><br />(+32 for winning)
|raw|BigBlackSpinarak's rating: 1371 &rarr; <strong>1346</strong><br />(-25 for losing)
|c|☆leandrouu|gg
