|j|☆Cinema Staff Fan
|j|☆xiaowenbin
|t:|1742474211
|gametype|singles
|player|p1|Cinema Staff Fan|iris|1416
|player|p2|xiaowenbin|preschooler|1351
|teamsize|p1|6
|teamsize|p2|6
|gen|5
|tier|[Gen 5] OU
|rated|
|rule|Species Clause: Limit one of each Pokémon
|rule|OHKO Clause: OHKO moves are banned
|rule|Moody Clause: Moody is banned
|rule|Evasion Items Clause: Evasion items are banned
|rule|Evasion Moves Clause: Evasion moves are banned
|rule|Endless Battle Clause: Forcing endless battles is banned
|rule|HP Percentage Mod: HP is shown in percentages
|rule|Evasion Abilities Clause: Evasion abilities are banned
|rule|Sleep Moves Clause: Sleep-inducing moves are banned
|rule|Swagger Clause: Swagger is banned
|rule|Baton Pass Stat Clause: No Baton Passer may have a way to boost its stats
|clearpoke
|poke|p1|Landorus-Therian, M|item
|poke|p1|Conkeldurr, M|item
|poke|p1|Tyranitar, F|item
|poke|p1|Gastrodon, F|item
|poke|p1|Alakazam, F|item
|poke|p1|Starmie|item
|poke|p2|Breloom, F|item
|poke|p2|Mamoswine, F|item
|poke|p2|Metagross|item
|poke|p2|Dragonite, M|item
|poke|p2|Scizor, F|item
|poke|p2|Starmie|item
|teampreview
|inactive|Battle timer is ON: inactive players will automatically lose when time's up. (requested by xiaowenbin)
|
|t:|1742474219
|start
|switch|p1a: Landorus|Landorus-Therian, M|100/100
|switch|p2a: Metagross|Metagross|100/100
|-ability|p1a: Landorus|Intimidate|boost
|-fail|p2a: Metagross|unboost|[from] ability: Clear Body|[of] p2a: Metagross
|turn|1
|
|t:|1742474223
|move|p1a: Landorus|U-turn|p2a: Metagross
|-damage|p2a: Metagross|81/100
|
|t:|1742474227
|switch|p1a: Gastrodon|Gastrodon, F|100/100|[from] U-turn
|move|p2a: Metagross|Stealth Rock|p1a: Gastrodon
|-sidestart|p1: Cinema Staff Fan|move: Stealth Rock
|
|upkeep
|turn|2
|
|t:|1742474236
|switch|p2a: Breloom|Breloom, F|100/100
|move|p1a: Gastrodon|Scald|p2a: Breloom
|-resisted|p2a: Breloom
|-damage|p2a: Breloom|77/100
|
|upkeep
|turn|3
|
|t:|1742474253
|switch|p1a: Landorus|Landorus-Therian, M|100/100
|-damage|p1a: Landorus|88/100|[from] Stealth Rock
|-ability|p1a: Landorus|Intimidate|boost
|-unboost|p2a: Breloom|atk|1
|move|p2a: Breloom|Bullet Seed|p1a: Landorus
|-damage|p1a: Landorus|67/100
|-damage|p1a: Landorus|46/100
|-damage|p1a: Landorus|27/100
|-hitcount|p1a: Landorus|3
|-damage|p2a: Breloom|67/100|[from] item: Life Orb
|
|upkeep
|turn|4
|
|t:|1742474275
|switch|p2a: Scizor|Scizor, F|100/100
|move|p1a: Landorus|Hidden Power|p2a: Scizor
|-resisted|p2a: Scizor
|-damage|p2a: Scizor|90/100
|
|upkeep
|turn|5
|inactive|Cinema Staff Fan has 120 seconds left.
|
|t:|1742474330
|switch|p1a: Gastrodon|Gastrodon, F|100/100
|-damage|p1a: Gastrodon|94/100|[from] Stealth Rock
|move|p2a: Scizor|U-turn|p1a: Gastrodon
|-damage|p1a: Gastrodon|51/100
|
|t:|1742474336
|switch|p2a: Breloom|Breloom, F|67/100|[from] U-turn
|
|-heal|p1a: Gastrodon|57/100|[from] item: Leftovers
|upkeep
|turn|6
|
|t:|1742474343
|move|p2a: Breloom|Bullet Seed|p1a: Gastrodon
|-supereffective|p1a: Gastrodon
|-damage|p1a: Gastrodon|0 fnt
|faint|p1a: Gastrodon
|-hitcount|p1: Gastrodon|1
|-damage|p2a: Breloom|57/100|[from] item: Life Orb
|
|upkeep
|
|t:|1742474350
|switch|p1a: Conkeldurr|Conkeldurr, M|100/100
|-damage|p1a: Conkeldurr|94/100|[from] Stealth Rock
|turn|7
|
|t:|1742474365
|move|p2a: Breloom|Bullet Seed|p1a: Conkeldurr
|-damage|p1a: Conkeldurr|71/100
|-damage|p1a: Conkeldurr|48/100
|-crit|p1a: Conkeldurr
|-damage|p1a: Conkeldurr|0 fnt
|faint|p1a: Conkeldurr
|-hitcount|p1: Conkeldurr|3
|-damage|p2a: Breloom|47/100|[from] item: Life Orb
|
|upkeep
|
|t:|1742474376
|switch|p1a: Alakazam|Alakazam, F|100/100
|turn|8
|
|t:|1742474382
|move|p2a: Breloom|Mach Punch|p1a: Alakazam
|-resisted|p1a: Alakazam
|-damage|p1a: Alakazam|44/100
|-damage|p2a: Breloom|37/100|[from] item: Life Orb
|move|p1a: Alakazam|Psychic|p2a: Breloom
|-supereffective|p2a: Breloom
|-damage|p2a: Breloom|0 fnt
|faint|p2a: Breloom
|
|upkeep
|
|t:|1742474392
|switch|p2a: Scizor|Scizor, F|90/100
|turn|9
|inactive|Cinema Staff Fan has 120 seconds left.
|inactive|Cinema Staff Fan has 90 seconds left.
|
|t:|1742474450
|move|p1a: Alakazam|Focus Blast|p2a: Scizor
|-crit|p2a: Scizor
|-damage|p2a: Scizor|0 fnt
|faint|p2a: Scizor
|
|upkeep
|
|t:|1742474456
|switch|p2a: Dragonite|Dragonite, M|100/100
|turn|10
|inactive|Cinema Staff Fan has 90 seconds left.
|
|t:|1742474462
|move|p2a: Dragonite|Extreme Speed|p1a: Alakazam
|-crit|p1a: Alakazam
|-damage|p1a: Alakazam|0 fnt
|faint|p1a: Alakazam
|
|upkeep
|inactive|Cinema Staff Fan has 90 seconds left.
|
|t:|1742474483
|switch|p1a: Starmie|Starmie|100/100
|-damage|p1a: Starmie|88/100|[from] Stealth Rock
|-item|p1a: Starmie|Air Balloon
|turn|11
|
|t:|1742474488
|switch|p2a: Metagross|Metagross|81/100
|move|p1a: Starmie|Ice Beam|p2a: Metagross
|-resisted|p2a: Metagross
|-damage|p2a: Metagross|64/100
|
|upkeep
|turn|12
|inactive|Cinema Staff Fan has 90 seconds left.
|
|t:|1742474494
|move|p1a: Starmie|Hydro Pump|p2a: Metagross
|-damage|p2a: Metagross|9/100
|move|p2a: Metagross|Psychic|p1a: Starmie
|-resisted|p1a: Starmie
|-damage|p1a: Starmie|57/100
|-enditem|p1a: Starmie|Air Balloon
|
|upkeep
|turn|13
|-enditem|p2a: Metagross|Custap Berry|[eat]
|-activate|p2a: Metagross|item: Custap Berry|[consumed]
|
|t:|1742474497
|move|p2a: Metagross|Explosion|p1a: Starmie
|-damage|p1a: Starmie|0 fnt
|faint|p2a: Metagross
|faint|p1a: Starmie
|
|upkeep
|
|t:|1742474509
|switch|p1a: Tyranitar|Tyranitar, F|100/100
|switch|p2a: Mamoswine|Mamoswine, F|100/100
|-damage|p1a: Tyranitar|88/100|[from] Stealth Rock
|-weather|Sandstorm|[from] ability: Sand Stream|[of] p1a: Tyranitar
|turn|14
|
|t:|1742474514
|move|p2a: Mamoswine|Earthquake|p1a: Tyranitar
|-supereffective|p1a: Tyranitar
|-damage|p1a: Tyranitar|3/100
|move|p1a: Tyranitar|Superpower|p2a: Mamoswine
|-supereffective|p2a: Mamoswine
|-damage|p2a: Mamoswine|15/100
|-unboost|p1a: Tyranitar|atk|1
|-unboost|p1a: Tyranitar|def|1
|
|-weather|Sandstorm|[upkeep]
|-heal|p2a: Mamoswine|21/100|[from] item: Leftovers
|upkeep
|turn|15
|-message|Cinema Staff Fan forfeited.
|
|win|xiaowenbin
|raw|Cinema Staff Fan's rating: 1416 &rarr; <strong>1392</strong><br />(-24 for losing)
|raw|xiaowenbin's rating: 1351 &rarr; <strong>1375</strong><br />(+24 for winning)
