|uhtml|medal-msg|<div class="broadcast-blue">Curious what those medals under the avatar are? PS now has Ladder Seasons! For more information, check out the <a href="https://www.smogon.com/forums/threads/3740067/">thread on Smogon.</a></div>
|uhtml|medal-msg|<div class="broadcast-blue">Curious what those medals under the avatar are? PS now has Ladder Seasons! For more information, check out the <a href="https://www.smogon.com/forums/threads/3740067/">thread on Smogon.</a></div>
|j|☆Darkortex
|j|☆BookofConke
|t:|1713504027
|gametype|singles
|player|p1|Darkortex|hilbert|1363
|player|p2|BookofConke|silver-masters|1475
|teamsize|p1|6
|teamsize|p2|6
|gen|5
|tier|[Gen 5] OU
|rated|
|rule|Species Clause: Limit one of each Pokémon
|rule|OHKO Clause: OHKO moves are banned
|rule|Moody Clause: Moody is banned
|rule|Evasion Items Clause: Evasion items are banned
|rule|Evasion Moves Clause: Evasion moves are banned
|rule|Endless Battle Clause: Forcing endless battles is banned
|rule|HP Percentage Mod: HP is shown in percentages
|rule|Evasion Abilities Clause: Evasion abilities are banned
|rule|Sleep Moves Clause: Sleep-inducing moves are banned
|rule|Swagger Clause: Swagger is banned
|rule|Baton Pass Stat Clause: No Baton Passer may have a way to boost its stats
|clearpoke
|poke|p1|Ninetales, M|item
|poke|p1|Chansey, F|item
|poke|p1|Cresselia, F|item
|poke|p1|Excadrill, M|item
|poke|p1|Xatu, M|item
|poke|p1|Volcarona, F|item
|poke|p2|Kyurem-Black|item
|poke|p2|Latios, M|item
|poke|p2|Garchomp, F|item
|poke|p2|Magnezone|item
|poke|p2|Reuniclus, M|item
|poke|p2|Jirachi|item
|teampreview
|inactive|Battle timer is ON: inactive players will automatically lose when time's up. (requested by Darkortex)
|
|t:|1713504039
|start
|switch|p1a: Ninetales|Ninetales, M|100/100
|switch|p2a: Garchomp|Garchomp, F|100/100
|-weather|SunnyDay|[from] ability: Drought|[of] p1a: Ninetales
|turn|1
|
|t:|1713504053
|switch|p1a: Cresselia|Cresselia, F|100/100
|move|p2a: Garchomp|Rock Slide|p1a: Cresselia
|-crit|p1a: Cresselia
|-damage|p1a: Cresselia|76/100
|
|-weather|SunnyDay|[upkeep]
|-heal|p1a: Cresselia|82/100|[from] item: Leftovers
|upkeep
|turn|2
|
|t:|1713504069
|switch|p2a: Kyurem|Kyurem-Black|100/100
|-ability|p2a: Kyurem|Teravolt
|switch|p1a: Chansey|Chansey, F|100/100
|
|-weather|SunnyDay|[upkeep]
|upkeep
|turn|3
|
|t:|1713504080
|switch|p1a: Xatu|Xatu, M|100/100
|move|p2a: Kyurem|Outrage|p1a: Xatu
|-damage|p1a: Xatu|0 fnt
|-damage|p2a: Kyurem|84/100|[from] item: Rocky Helmet|[of] p1a: Xatu
|faint|p1a: Xatu
|
|-weather|SunnyDay|[upkeep]
|upkeep
|
|t:|1713504083
|switch|p1a: Ninetales|Ninetales, M|100/100
|turn|4
|
|t:|1713504089
|move|p1a: Ninetales|Will-O-Wisp|p2a: Kyurem|[miss]
|-miss|p1a: Ninetales|p2a: Kyurem
|move|p2a: Kyurem|Outrage|p1a: Ninetales|[from]lockedmove
|-damage|p1a: Ninetales|0 fnt
|faint|p1a: Ninetales
|-start|p2a: Kyurem|confusion|[fatigue]
|
|-weather|SunnyDay|[upkeep]
|upkeep
|
|t:|1713504104
|switch|p1a: Cresselia|Cresselia, F|82/100
|turn|5
|
|t:|1713504127
|switch|p2a: Latios|Latios, M|100/100
|move|p1a: Cresselia|Psyshock|p2a: Latios
|-resisted|p2a: Latios
|-crit|p2a: Latios
|-damage|p2a: Latios|70/100
|
|-weather|SunnyDay|[upkeep]
|-heal|p1a: Cresselia|88/100|[from] item: Leftovers
|upkeep
|turn|6
|
|t:|1713504135
|switch|p1a: Chansey|Chansey, F|100/100
|move|p2a: Latios|Trick|p1a: Chansey
|-activate|p2a: Latios|move: Trick|[of] p1a: Chansey
|-item|p1a: Chansey|Choice Specs|[from] move: Trick
|-item|p2a: Latios|Eviolite|[from] move: Trick
|
|-weather|SunnyDay|[upkeep]
|upkeep
|turn|7
|
|t:|1713504150
|switch|p2a: Kyurem|Kyurem-Black|84/100
|-ability|p2a: Kyurem|Teravolt
|move|p1a: Chansey|Stealth Rock|p2a: Kyurem
|-sidestart|p2: BookofConke|move: Stealth Rock
|
|-weather|SunnyDay|[upkeep]
|upkeep
|turn|8
|
|t:|1713504165
|move|p2a: Kyurem|Outrage|p1a: Chansey
|-damage|p1a: Chansey|0 fnt
|faint|p1a: Chansey
|
|-weather|SunnyDay|[upkeep]
|upkeep
|
|t:|1713504170
|switch|p1a: Cresselia|Cresselia, F|88/100
|turn|9
|
|t:|1713504175
|move|p2a: Kyurem|Outrage|p1a: Cresselia|[from]lockedmove
|-damage|p1a: Cresselia|27/100
|move|p1a: Cresselia|Moonlight|p1a: Cresselia
|-heal|p1a: Cresselia|93/100
|
|-weather|SunnyDay|[upkeep]
|-heal|p1a: Cresselia|99/100|[from] item: Leftovers
|upkeep
|turn|10
|
|t:|1713504182
|move|p2a: Kyurem|Outrage|p1a: Cresselia|[from]lockedmove
|-damage|p1a: Cresselia|38/100
|-start|p2a: Kyurem|confusion|[fatigue]
|move|p1a: Cresselia|Moonlight|p1a: Cresselia
|-heal|p1a: Cresselia|100/100
|
|-weather|SunnyDay|[upkeep]
|upkeep
|turn|11
|
|t:|1713504197
|switch|p2a: Latios|Latios, M|70/100
|-damage|p2a: Latios|58/100|[from] Stealth Rock
|move|p1a: Cresselia|Psyshock|p2a: Latios
|-resisted|p2a: Latios
|-damage|p2a: Latios|43/100
|
|-weather|SunnyDay|[upkeep]
|upkeep
|turn|12
|
|t:|1713504204
|move|p2a: Latios|Recover|p2a: Latios
|-heal|p2a: Latios|93/100
|move|p1a: Cresselia|Ice Beam|p2a: Latios
|-supereffective|p2a: Latios
|-damage|p2a: Latios|59/100
|
|-weather|SunnyDay|[upkeep]
|upkeep
|turn|13
|
|t:|1713504214
|switch|p1a: Excadrill|Excadrill, M|100/100
|-ability|p1a: Excadrill|Mold Breaker
|move|p2a: Latios|Trick|p1a: Excadrill
|-activate|p2a: Latios|move: Trick|[of] p1a: Excadrill
|-item|p1a: Excadrill|Eviolite|[from] move: Trick
|-item|p2a: Latios|Leftovers|[from] move: Trick
|
|-weather|SunnyDay|[upkeep]
|-heal|p2a: Latios|65/100|[from] item: Leftovers
|upkeep
|turn|14
|
|t:|1713504229
|move|p2a: Latios|Surf|p1a: Excadrill
|-supereffective|p1a: Excadrill
|-damage|p1a: Excadrill|70/100
|move|p1a: Excadrill|Iron Head|p2a: Latios
|-damage|p2a: Latios|7/100
|
|-weather|SunnyDay|[upkeep]
|-heal|p2a: Latios|13/100|[from] item: Leftovers
|upkeep
|turn|15
|
|t:|1713504237
|move|p2a: Latios|Recover|p2a: Latios
|-heal|p2a: Latios|64/100
|move|p1a: Excadrill|Iron Head|p2a: Latios
|-damage|p2a: Latios|5/100
|
|-weather|SunnyDay|[upkeep]
|-heal|p2a: Latios|11/100|[from] item: Leftovers
|upkeep
|turn|16
|
|t:|1713504250
|move|p2a: Latios|Surf|p1a: Excadrill
|-supereffective|p1a: Excadrill
|-damage|p1a: Excadrill|37/100
|move|p1a: Excadrill|Iron Head|p2a: Latios
|-damage|p2a: Latios|0 fnt
|faint|p2a: Latios
|
|-weather|SunnyDay|[upkeep]
|upkeep
|inactive|BookofConke has 120 seconds left.
|
|t:|1713504276
|switch|p2a: Garchomp|Garchomp, F|100/100
|-damage|p2a: Garchomp|94/100|[from] Stealth Rock
|turn|17
|
|t:|1713504285
|move|p1a: Excadrill|Protect|p1a: Excadrill
|-singleturn|p1a: Excadrill|Protect
|move|p2a: Garchomp|Earthquake|p1a: Excadrill
|-activate|p1a: Excadrill|move: Protect
|
|-weather|SunnyDay|[upkeep]
|upkeep
|turn|18
|
|t:|1713504294
|switch|p2a: Jirachi|Jirachi|100/100
|-damage|p2a: Jirachi|94/100|[from] Stealth Rock
|switch|p1a: Cresselia|Cresselia, F|100/100
|
|-weather|SunnyDay|[upkeep]
|-heal|p2a: Jirachi|100/100|[from] item: Leftovers
|upkeep
|turn|19
|
|t:|1713504304
|switch|p1a: Volcarona|Volcarona, F|100/100
|move|p2a: Jirachi|Stealth Rock|p1a: Volcarona
|-sidestart|p1: Darkortex|move: Stealth Rock
|
|-weather|SunnyDay|[upkeep]
|upkeep
|turn|20
|
|t:|1713504310
|move|p1a: Volcarona|Bug Buzz|p2a: Jirachi
|-damage|p2a: Jirachi|69/100
|move|p2a: Jirachi|U-turn|p1a: Volcarona
|-resisted|p1a: Volcarona
|-crit|p1a: Volcarona
|-damage|p1a: Volcarona|78/100
|inactive|BookofConke has 120 seconds left.
|
|t:|1713504336
|switch|p2a: Garchomp|Garchomp, F|94/100|[from] U-turn
|-damage|p2a: Garchomp|88/100|[from] Stealth Rock
|
|-weather|SunnyDay|[upkeep]
|upkeep
|turn|21
|inactive|BookofConke has 120 seconds left.
|
|t:|1713504358
|switch|p1a: Cresselia|Cresselia, F|100/100
|-damage|p1a: Cresselia|88/100|[from] Stealth Rock
|move|p2a: Garchomp|Dual Chop|p1a: Cresselia
|-damage|p1a: Cresselia|78/100
|-damage|p1a: Cresselia|67/100
|-hitcount|p1a: Cresselia|2
|
|-weather|SunnyDay|[upkeep]
|-heal|p1a: Cresselia|73/100|[from] item: Leftovers
|upkeep
|turn|22
|inactive|BookofConke has 90 seconds left.
|inactive|Darkortex has 120 seconds left.
|
|t:|1713504403
|switch|p2a: Magnezone|Magnezone|100/100
|-damage|p2a: Magnezone|94/100|[from] Stealth Rock
|switch|p1a: Excadrill|Excadrill, M|37/100
|-damage|p1a: Excadrill|34/100|[from] Stealth Rock
|-ability|p1a: Excadrill|Mold Breaker
|
|-weather|SunnyDay|[upkeep]
|upkeep
|turn|23
|inactive|BookofConke has 90 seconds left.
|
|t:|1713504418
|move|p1a: Excadrill|Earthquake|p2a: Magnezone
|-supereffective|p2a: Magnezone
|-damage|p2a: Magnezone|0 fnt
|faint|p2a: Magnezone
|
|-weather|SunnyDay|[upkeep]
|upkeep
|inactive|BookofConke has 60 seconds left.
|
|t:|1713504448
|switch|p2a: Garchomp|Garchomp, F|88/100
|-damage|p2a: Garchomp|82/100|[from] Stealth Rock
|turn|24
|inactive|BookofConke has 60 seconds left.
|inactive|Darkortex has 120 seconds left.
|inactive|BookofConke has 30 seconds left.
|inactive|Darkortex has 90 seconds left.
|
|t:|1713504498
|move|p1a: Excadrill|Protect|p1a: Excadrill
|-singleturn|p1a: Excadrill|Protect
|move|p2a: Garchomp|Outrage|p1a: Excadrill
|-activate|p1a: Excadrill|move: Protect
|
|-weather|SunnyDay|[upkeep]
|upkeep
|turn|25
|inactive|BookofConke has 30 seconds left.
|
|t:|1713504511
|move|p2a: Garchomp|Outrage|p1a: Excadrill
|-resisted|p1a: Excadrill
|-damage|p1a: Excadrill|0 fnt
|faint|p1a: Excadrill
|
|-weather|SunnyDay|[upkeep]
|upkeep
|inactive|BookofConke has 30 seconds left this turn.
|
|t:|1713504513
|switch|p1a: Cresselia|Cresselia, F|73/100
|-damage|p1a: Cresselia|61/100|[from] Stealth Rock
|turn|26
|
|t:|1713504518
|move|p2a: Garchomp|Outrage|p1a: Cresselia|[from]lockedmove
|-damage|p1a: Cresselia|33/100
|move|p1a: Cresselia|Ice Beam|p2a: Garchomp
|-supereffective|p2a: Garchomp
|-damage|p2a: Garchomp|9/100
|
|-weather|SunnyDay|[upkeep]
|-heal|p1a: Cresselia|39/100|[from] item: Leftovers
|upkeep
|turn|27
|inactive|Darkortex has 120 seconds left.
|
|t:|1713504526
|move|p2a: Garchomp|Outrage|p1a: Cresselia|[from]lockedmove
|-damage|p1a: Cresselia|5/100
|-start|p2a: Garchomp|confusion|[fatigue]
|move|p1a: Cresselia|Ice Beam|p2a: Garchomp
|-supereffective|p2a: Garchomp
|-damage|p2a: Garchomp|0 fnt
|faint|p2a: Garchomp
|
|-weather|SunnyDay|[upkeep]
|-heal|p1a: Cresselia|11/100|[from] item: Leftovers
|upkeep
|inactive|BookofConke has 30 seconds left.
|
|t:|1713504547
|switch|p2a: Kyurem|Kyurem-Black|84/100
|-damage|p2a: Kyurem|59/100|[from] Stealth Rock
|-ability|p2a: Kyurem|Teravolt
|turn|28
|inactive|BookofConke has 30 seconds left.
|
|t:|1713504555
|move|p2a: Kyurem|Dragon Claw|p1a: Cresselia
|-damage|p1a: Cresselia|0 fnt
|faint|p1a: Cresselia
|
|-weather|SunnyDay|[upkeep]
|upkeep
|
|t:|1713504557
|switch|p1a: Volcarona|Volcarona, F|78/100
|-damage|p1a: Volcarona|28/100|[from] Stealth Rock
|turn|29
|
|t:|1713504562
|move|p1a: Volcarona|Flamethrower|p2a: Kyurem
|-damage|p2a: Kyurem|0 fnt
|faint|p2a: Kyurem
|
|-weather|SunnyDay|[upkeep]
|upkeep
|
|t:|1713504571
|switch|p2a: Reuniclus|Reuniclus, M|100/100
|turn|30
|
|t:|1713504582
|move|p1a: Volcarona|Bug Buzz|p2a: Reuniclus
|-supereffective|p2a: Reuniclus
|-damage|p2a: Reuniclus|0 fnt
|faint|p2a: Reuniclus
|
|-weather|SunnyDay|[upkeep]
|upkeep
|c|☆BookofConke|gg
|
|t:|1713504586
|switch|p2a: Jirachi|Jirachi|69/100
|-damage|p2a: Jirachi|63/100|[from] Stealth Rock
|turn|31
|
|t:|1713504591
|move|p1a: Volcarona|Flamethrower|p2a: Jirachi
|-supereffective|p2a: Jirachi
|-damage|p2a: Jirachi|0 fnt
|faint|p2a: Jirachi
|
|win|Darkortex
|raw|Darkortex's rating: 1363 &rarr; <strong>1389</strong><br />(+26 for winning)
|raw|BookofConke's rating: 1475 &rarr; <strong>1449</strong><br />(-26 for losing)
