|j|☆Acuwnf
|j|☆bwcbestbytest
|t:|1715498135
|gametype|singles
|player|p1|Acuwnf|burglar|1402
|player|p2|bwcbestbytest|lucas|1618
|teamsize|p1|6
|teamsize|p2|6
|gen|5
|tier|[Gen 5] OU
|rated|
|rule|Species Clause: Limit one of each Pokémon
|rule|OHKO Clause: OHKO moves are banned
|rule|Moody Clause: Moody is banned
|rule|Evasion Items Clause: Evasion items are banned
|rule|Evasion Moves Clause: Evasion moves are banned
|rule|Endless Battle Clause: Forcing endless battles is banned
|rule|HP Percentage Mod: HP is shown in percentages
|rule|Evasion Abilities Clause: Evasion abilities are banned
|rule|Sleep Moves Clause: Sleep-inducing moves are banned
|rule|Swagger Clause: Swagger is banned
|rule|Baton Pass Stat Clause: No Baton Passer may have a way to boost its stats
|clearpoke
|poke|p1|Politoed, F|item
|poke|p1|Tentacruel, M|item
|poke|p1|Ferrothorn, F|item
|poke|p1|Thundurus-Therian, M|item
|poke|p1|Mamoswine, M|item
|poke|p1|Latios, M|item
|poke|p2|Politoed, M|item
|poke|p2|Kyurem-Black|item
|poke|p2|Ferrothorn, F|item
|poke|p2|Landorus-Therian, M|item
|poke|p2|Tentacruel, M|item
|poke|p2|Mamoswine, M|item
|teampreview
|inactive|Battle timer is ON: inactive players will automatically lose when time's up. (requested by Acuwnf)
|
|t:|1715498152
|start
|switch|p1a: Armageddon|Latios, M|100/100
|switch|p2a: Kyurem|Kyurem-Black|100/100
|-ability|p2a: Kyurem|Teravolt
|turn|1
|
|t:|1715498162
|switch|p1a: Skypeak Terrace|Thundurus-Therian, M|100/100
|switch|p2a: Ferrothorn|Ferrothorn, F|100/100
|
|upkeep
|turn|2
|
|t:|1715498169
|move|p1a: Skypeak Terrace|Focus Blast|p2a: Ferrothorn
|-supereffective|p2a: Ferrothorn
|-damage|p2a: Ferrothorn|25/100
|move|p2a: Ferrothorn|Gyro Ball|p1a: Skypeak Terrace
|-resisted|p1a: Skypeak Terrace
|-damage|p1a: Skypeak Terrace|53/100
|
|-heal|p1a: Skypeak Terrace|59/100|[from] item: Leftovers
|upkeep
|turn|3
|
|t:|1715498187
|move|p1a: Skypeak Terrace|Hidden Power|p2a: Ferrothorn
|-damage|p2a: Ferrothorn|2/100
|move|p2a: Ferrothorn|Spikes|p1a: Skypeak Terrace
|-sidestart|p1: Acuwnf|Spikes
|
|-heal|p1a: Skypeak Terrace|65/100|[from] item: Leftovers
|upkeep
|turn|4
|
|t:|1715498193
|switch|p2a: Politoed|Politoed, M|100/100
|-weather|RainDance|[from] ability: Drizzle|[of] p2a: Politoed
|move|p1a: Skypeak Terrace|Hidden Power|p2a: Politoed
|-resisted|p2a: Politoed
|-damage|p2a: Politoed|91/100
|
|-weather|RainDance|[upkeep]
|-heal|p1a: Skypeak Terrace|71/100|[from] item: Leftovers
|-heal|p2a: Politoed|97/100|[from] item: Leftovers
|upkeep
|turn|5
|
|t:|1715498197
|switch|p2a: Landorus|Landorus-Therian, M|100/100
|-ability|p2a: Landorus|Intimidate|boost
|-unboost|p1a: Skypeak Terrace|atk|1
|move|p1a: Skypeak Terrace|Grass Knot|p2a: Landorus
|-damage|p2a: Landorus|55/100
|
|-weather|RainDance|[upkeep]
|-heal|p1a: Skypeak Terrace|78/100|[from] item: Leftovers
|upkeep
|turn|6
|
|t:|1715498201
|switch|p1a: Withered Grove|Ferrothorn, F|100/100
|-damage|p1a: Withered Grove|88/100|[from] Spikes
|move|p2a: Landorus|Stone Edge|p1a: Withered Grove
|-resisted|p1a: Withered Grove
|-damage|p1a: Withered Grove|72/100
|
|-weather|RainDance|[upkeep]
|-heal|p1a: Withered Grove|78/100|[from] item: Leftovers
|upkeep
|turn|7
|
|t:|1715498211
|switch|p2a: Ferrothorn|Ferrothorn, F|2/100
|move|p1a: Withered Grove|Stealth Rock|p2a: Ferrothorn
|-sidestart|p2: bwcbestbytest|move: Stealth Rock
|
|-weather|RainDance|[upkeep]
|-heal|p1a: Withered Grove|84/100|[from] item: Leftovers
|upkeep
|turn|8
|
|t:|1715498218
|move|p1a: Withered Grove|Power Whip|p2a: Ferrothorn
|-resisted|p2a: Ferrothorn
|-damage|p2a: Ferrothorn|0 fnt
|-damage|p1a: Withered Grove|72/100|[from] ability: Iron Barbs|[of] p2a: Ferrothorn
|faint|p2a: Ferrothorn
|
|-weather|RainDance|[upkeep]
|-heal|p1a: Withered Grove|78/100|[from] item: Leftovers
|upkeep
|
|t:|1715498231
|switch|p2a: Landorus|Landorus-Therian, M|55/100
|-damage|p2a: Landorus|43/100|[from] Stealth Rock
|-ability|p2a: Landorus|Intimidate|boost
|-unboost|p1a: Withered Grove|atk|1
|turn|9
|
|t:|1715498237
|switch|p2a: Tentacruel|Tentacruel, M|100/100
|-damage|p2a: Tentacruel|88/100|[from] Stealth Rock
|move|p1a: Withered Grove|Spikes|p2a: Tentacruel
|-sidestart|p2: bwcbestbytest|Spikes
|
|-weather|RainDance|[upkeep]
|-heal|p2a: Tentacruel|94/100|[from] ability: Rain Dish
|-heal|p2a: Tentacruel|99/100|[from] item: Black Sludge
|-heal|p1a: Withered Grove|84/100|[from] item: Leftovers
|upkeep
|turn|10
|
|t:|1715498241
|move|p2a: Tentacruel|Substitute|p2a: Tentacruel
|-start|p2a: Tentacruel|Substitute
|-damage|p2a: Tentacruel|75/100
|move|p1a: Withered Grove|Knock Off|p2a: Tentacruel
|-activate|p2a: Tentacruel|Substitute|[damage]
|
|-weather|RainDance|[upkeep]
|-heal|p2a: Tentacruel|81/100|[from] ability: Rain Dish
|-heal|p2a: Tentacruel|87/100|[from] item: Black Sludge
|-heal|p1a: Withered Grove|91/100|[from] item: Leftovers
|upkeep
|turn|11
|
|t:|1715498245
|move|p2a: Tentacruel|Rapid Spin|p1a: Withered Grove
|-resisted|p1a: Withered Grove
|-damage|p1a: Withered Grove|89/100
|-damage|p2a: Tentacruel|75/100|[from] ability: Iron Barbs|[of] p1a: Withered Grove
|-sideend|p2: bwcbestbytest|Spikes|[from] move: Rapid Spin|[of] p2a: Tentacruel
|-sideend|p2: bwcbestbytest|Stealth Rock|[from] move: Rapid Spin|[of] p2a: Tentacruel
|move|p1a: Withered Grove|Power Whip|p2a: Tentacruel
|-end|p2a: Tentacruel|Substitute
|
|-weather|RainDance|[upkeep]
|-heal|p2a: Tentacruel|81/100|[from] ability: Rain Dish
|-heal|p2a: Tentacruel|87/100|[from] item: Black Sludge
|-heal|p1a: Withered Grove|96/100|[from] item: Leftovers
|upkeep
|turn|12
|
|t:|1715498256
|move|p2a: Tentacruel|Substitute|p2a: Tentacruel
|-start|p2a: Tentacruel|Substitute
|-damage|p2a: Tentacruel|62/100
|move|p1a: Withered Grove|Power Whip|p2a: Tentacruel
|-end|p2a: Tentacruel|Substitute
|
|-weather|RainDance|[upkeep]
|-heal|p2a: Tentacruel|68/100|[from] ability: Rain Dish
|-heal|p2a: Tentacruel|74/100|[from] item: Black Sludge
|-heal|p1a: Withered Grove|100/100|[from] item: Leftovers
|upkeep
|turn|13
|l|☆bwcbestbytest
|inactive|bwcbestbytest disconnected and has a minute to reconnect!
|player|p2|
|j|☆bwcbestbytest
|inactive|bwcbestbytest reconnected and has 140 seconds left.
|player|p2|bwcbestbytest|lucas|
|
|t:|1715498282
|move|p2a: Tentacruel|Protect|p2a: Tentacruel
|-singleturn|p2a: Tentacruel|Protect
|move|p1a: Withered Grove|Stealth Rock|p2a: Tentacruel
|-sidestart|p2: bwcbestbytest|move: Stealth Rock
|
|-weather|RainDance|[upkeep]
|-heal|p2a: Tentacruel|80/100|[from] ability: Rain Dish
|-heal|p2a: Tentacruel|86/100|[from] item: Black Sludge
|upkeep
|turn|14
|
|t:|1715498286
|move|p2a: Tentacruel|Scald|p1a: Withered Grove
|-resisted|p1a: Withered Grove
|-damage|p1a: Withered Grove|89/100
|move|p1a: Withered Grove|Power Whip|p2a: Tentacruel
|-damage|p2a: Tentacruel|52/100
|
|-weather|RainDance|[upkeep]
|-heal|p2a: Tentacruel|58/100|[from] ability: Rain Dish
|-heal|p2a: Tentacruel|65/100|[from] item: Black Sludge
|-heal|p1a: Withered Grove|96/100|[from] item: Leftovers
|upkeep
|turn|15
|
|t:|1715498290
|move|p2a: Tentacruel|Substitute|p2a: Tentacruel
|-start|p2a: Tentacruel|Substitute
|-damage|p2a: Tentacruel|40/100
|move|p1a: Withered Grove|Power Whip|p2a: Tentacruel
|-end|p2a: Tentacruel|Substitute
|
|-weather|RainDance|[upkeep]
|-heal|p2a: Tentacruel|46/100|[from] ability: Rain Dish
|-heal|p2a: Tentacruel|52/100|[from] item: Black Sludge
|-heal|p1a: Withered Grove|100/100|[from] item: Leftovers
|upkeep
|turn|16
|
|t:|1715498295
|switch|p1a: Skypeak Terrace|Thundurus-Therian, M|78/100
|move|p2a: Tentacruel|Protect||[still]
|-fail|p2a: Tentacruel
|
|-weather|RainDance|[upkeep]
|-heal|p2a: Tentacruel|58/100|[from] ability: Rain Dish
|-heal|p1a: Skypeak Terrace|84/100|[from] item: Leftovers
|-heal|p2a: Tentacruel|64/100|[from] item: Black Sludge
|upkeep
|turn|17
|
|t:|1715498305
|move|p2a: Tentacruel|Protect|p2a: Tentacruel
|-singleturn|p2a: Tentacruel|Protect
|move|p1a: Skypeak Terrace|Thunder|p2a: Tentacruel
|-activate|p2a: Tentacruel|move: Protect
|
|-weather|RainDance|[upkeep]
|-heal|p2a: Tentacruel|70/100|[from] ability: Rain Dish
|-heal|p1a: Skypeak Terrace|90/100|[from] item: Leftovers
|-heal|p2a: Tentacruel|76/100|[from] item: Black Sludge
|upkeep
|turn|18
|
|t:|1715498309
|move|p1a: Skypeak Terrace|Thunder|p2a: Tentacruel
|-supereffective|p2a: Tentacruel
|-damage|p2a: Tentacruel|0 fnt
|faint|p2a: Tentacruel
|
|-weather|RainDance|[upkeep]
|-heal|p1a: Skypeak Terrace|96/100|[from] item: Leftovers
|upkeep
|
|t:|1715498313
|switch|p2a: Mamoswine|Mamoswine, M|100/100
|-damage|p2a: Mamoswine|88/100|[from] Stealth Rock
|turn|19
|
|t:|1715498319
|switch|p1a: Tainted Surface|Tentacruel, M|100/100
|-damage|p1a: Tainted Surface|88/100|[from] Spikes
|move|p2a: Mamoswine|Stealth Rock|p1a: Tainted Surface
|-sidestart|p1: Acuwnf|move: Stealth Rock
|
|-weather|RainDance|[upkeep]
|-heal|p1a: Tainted Surface|94/100|[from] ability: Rain Dish
|-heal|p1a: Tainted Surface|99/100|[from] item: Black Sludge
|upkeep
|turn|20
|
|t:|1715498323
|move|p1a: Tainted Surface|Scald|p2a: Mamoswine
|-supereffective|p2a: Mamoswine
|-damage|p2a: Mamoswine|0 fnt
|faint|p2a: Mamoswine
|
|-weather|RainDance|[upkeep]
|-heal|p1a: Tainted Surface|100/100|[from] ability: Rain Dish
|upkeep
|
|t:|1715498325
|switch|p2a: Kyurem|Kyurem-Black|100/100
|-damage|p2a: Kyurem|76/100|[from] Stealth Rock
|-ability|p2a: Kyurem|Teravolt
|turn|21
|
|t:|1715498327
|move|p1a: Tainted Surface|Protect|p1a: Tainted Surface
|-singleturn|p1a: Tainted Surface|Protect
|move|p2a: Kyurem|Fusion Bolt|p1a: Tainted Surface
|-activate|p1a: Tainted Surface|move: Protect
|
|-weather|RainDance|[upkeep]
|-heal|p2a: Kyurem|82/100|[from] item: Leftovers
|upkeep
|turn|22
|
|t:|1715498333
|switch|p1a: Boreal Panacea|Mamoswine, M|100/100
|-damage|p1a: Boreal Panacea|88/100|[from] Spikes
|-damage|p1a: Boreal Panacea|76/100|[from] Stealth Rock
|move|p2a: Kyurem|Substitute|p2a: Kyurem
|-start|p2a: Kyurem|Substitute
|-damage|p2a: Kyurem|57/100
|
|-weather|RainDance|[upkeep]
|-heal|p2a: Kyurem|63/100|[from] item: Leftovers
|upkeep
|turn|23
|
|t:|1715498338
|move|p1a: Boreal Panacea|Ice Shard|p2a: Kyurem
|-end|p2a: Kyurem|Substitute
|move|p2a: Kyurem|Ice Beam|p1a: Boreal Panacea
|-crit|p1a: Boreal Panacea
|-damage|p1a: Boreal Panacea|0 fnt
|faint|p1a: Boreal Panacea
|
|-weather|RainDance|[upkeep]
|-heal|p2a: Kyurem|69/100|[from] item: Leftovers
|upkeep
|
|t:|1715498344
|switch|p1a: Armageddon|Latios, M|100/100
|-damage|p1a: Armageddon|88/100|[from] Stealth Rock
|turn|24
|
|t:|1715498347
|move|p1a: Armageddon|Draco Meteor|p2a: Kyurem
|-supereffective|p2a: Kyurem
|-damage|p2a: Kyurem|0 fnt
|-unboost|p1a: Armageddon|spa|2
|faint|p2a: Kyurem
|
|-weather|RainDance|[upkeep]
|upkeep
|
|t:|1715498352
|switch|p2a: Politoed|Politoed, M|97/100
|-damage|p2a: Politoed|85/100|[from] Stealth Rock
|turn|25
|
|t:|1715498355
|switch|p1a: Tainted Surface|Tentacruel, M|100/100
|-damage|p1a: Tainted Surface|88/100|[from] Spikes
|-damage|p1a: Tainted Surface|76/100|[from] Stealth Rock
|move|p2a: Politoed|Scald|p1a: Tainted Surface
|-resisted|p1a: Tainted Surface
|-damage|p1a: Tainted Surface|60/100
|
|-weather|RainDance|[upkeep]
|-heal|p1a: Tainted Surface|66/100|[from] ability: Rain Dish
|-heal|p1a: Tainted Surface|72/100|[from] item: Black Sludge
|-heal|p2a: Politoed|91/100|[from] item: Leftovers
|upkeep
|turn|26
|-message|bwcbestbytest forfeited.
|
|win|Acuwnf
|raw|Acuwnf's rating: 1402 &rarr; <strong>1433</strong><br />(+31 for winning)
|raw|bwcbestbytest's rating: 1618 &rarr; <strong>1587</strong><br />(-31 for losing)
|l|☆bwcbestbytest
|player|p2|
