|j|☆yayadooms
|j|☆coco
|player|p1|yayadooms|2
|player|p2|coco|102
|teamsize|p1|6
|teamsize|p2|6
|gametype|singles
|gen|5
|tier|[Gen 5] OU
|rated|
|rule|Sleep Clause Mod: Limit one foe put to sleep
|rule|Species Clause: Limit one of each Pokémon
|rule|OHKO Clause: OHKO moves are banned
|rule|Moody Clause: Moody is banned
|rule|Evasion Moves Clause: Evasion moves are banned
|rule|Endless Battle Clause: Forcing endless battles is banned
|rule|HP Percentage Mod: HP is shown in percentages
|rule|Evasion Abilities Clause: Evasion abilities are banned
|rule|Baton Pass Clause: Limit one Baton Passer, can't pass Spe and other stats simultaneously
|rule|Swagger Clause: Swagger is banned
|clearpoke
|poke|p1|Gliscor, F|item
|poke|p1|Magnezone|item
|poke|p1|Tyranitar, F|item
|poke|p1|Amoonguss, M|item
|poke|p1|Keldeo|item
|poke|p1|Dragonite, M|item
|poke|p2|Darmanitan, M|item
|poke|p2|Ninetales, M|item
|poke|p2|Volcarona, M|item
|poke|p2|Chansey, F|item
|poke|p2|Salamence, M|item
|poke|p2|Xatu, F|item
|teampreview
|inactive|Battle timer is ON: inactive players will automatically lose when time's up. (requested by coco)
|inactive|yayadooms has 135 seconds left.
|inactive|yayadooms has 120 seconds left.
|inactive|yayadooms has 105 seconds left.
|inactive|yayadooms has 90 seconds left.
|
|start
|switch|p1a: Gliscor|Gliscor, F|100/100
|switch|p2a: Darmanitan|Darmanitan, M|100/100
|turn|1
|inactive|yayadooms has 135 seconds left.
|
|move|p1a: Gliscor|Protect|p1a: Gliscor
|-singleturn|p1a: Gliscor|Protect
|move|p2a: Darmanitan|U-turn|p1a: Gliscor
|-activate|p1a: Gliscor|move: Protect
|
|-status|p1a: Gliscor|tox|[from] item: Toxic Orb
|upkeep
|turn|2
|
|move|p2a: Darmanitan|U-turn|p1a: Gliscor
|-resisted|p1a: Gliscor
|-damage|p1a: Gliscor|91/100 tox
|
|switch|p2a: Xatu|Xatu, F|100/100
|move|p1a: Gliscor|Substitute|p1a: Gliscor
|-start|p1a: Gliscor|Substitute
|-damage|p1a: Gliscor|66/100 tox
|
|-heal|p1a: Gliscor|79/100 tox|[from] ability: Poison Heal
|upkeep
|turn|3
|
|move|p1a: Gliscor|Protect|p1a: Gliscor
|-singleturn|p1a: Gliscor|Protect
|move|p2a: Xatu|Reflect|p2a: Xatu
|-sidestart|p2: coco|Reflect
|
|-heal|p1a: Gliscor|91/100 tox|[from] ability: Poison Heal
|upkeep
|turn|4
|
|move|p2a: Xatu|Light Screen|p2a: Xatu
|-sidestart|p2: coco|move: Light Screen
|move|p1a: Gliscor|Toxic|p2a: Xatu
|move|p2a: Xatu|Toxic|p1a: Gliscor|[from]Magic Bounce
|-fail|p1a: Gliscor
|
|-heal|p1a: Gliscor|100/100 tox|[from] ability: Poison Heal
|upkeep
|turn|5
|inactive|coco has 135 seconds left.
|
|move|p2a: Xatu|U-turn|p1a: Gliscor
|-resisted|p1a: Gliscor
|-crit|p1a: Gliscor
|-activate|p1a: Gliscor|Substitute|[damage]
|
|switch|p2a: Chansey|Chansey, F|100/100
|move|p1a: Gliscor|Toxic|p2a: Chansey
|-status|p2a: Chansey|tox
|
|-damage|p2a: Chansey|94/100 tox|[from] psn
|upkeep
|turn|6
|
|switch|p1a: Tyranitar|Tyranitar, F|100/100
|-weather|Sandstorm|[from] ability: Sand Stream|[of] p1a: Tyranitar
|move|p2a: Chansey|Stealth Rock|p1a: Tyranitar
|-sidestart|p1: yayadooms|move: Stealth Rock
|
|-weather|Sandstorm|[upkeep]
|-damage|p2a: Chansey|88/100 tox|[from] sandstorm
|-damage|p2a: Chansey|76/100 tox|[from] psn
|upkeep
|turn|7
|
|-curestatus|p2a: Chansey|tox|[from] ability: Natural Cure
|switch|p2a: Xatu|Xatu, F|100/100
|move|p1a: Tyranitar|Stealth Rock|p2a: Xatu
|move|p2a: Xatu|Stealth Rock|p1a: Tyranitar|[from]Magic Bounce
|-fail|p2a: Xatu
|
|-weather|Sandstorm|[upkeep]
|-damage|p2a: Xatu|95/100|[from] sandstorm
|upkeep
|turn|8
|
|move|p2a: Xatu|U-turn|p1a: Tyranitar
|-supereffective|p1a: Tyranitar
|-damage|p1a: Tyranitar|82/100
|
|switch|p2a: Ninetales|Ninetales, M|100/100
|-weather|SunnyDay|[from] ability: Drought|[of] p2a: Ninetales
|move|p1a: Tyranitar|Stealth Rock|p2a: Ninetales
|-sidestart|p2: coco|move: Stealth Rock
|
|-weather|SunnyDay|[upkeep]
|upkeep
|turn|9
|
|switch|p1a: Gliscor|Gliscor, F|100/100 tox
|-damage|p1a: Gliscor|88/100 tox|[from] Stealth Rock
|move|p2a: Ninetales|Will-O-Wisp|p1a: Gliscor|[miss]
|-miss|p2a: Ninetales|p1a: Gliscor
|
|-weather|SunnyDay|[upkeep]
|-heal|p1a: Gliscor|100/100 tox|[from] ability: Poison Heal
|upkeep
|turn|10
|
|switch|p1a: Tyranitar|Tyranitar, F|82/100
|-damage|p1a: Tyranitar|69/100|[from] Stealth Rock
|-weather|Sandstorm|[from] ability: Sand Stream|[of] p1a: Tyranitar
|move|p2a: Ninetales|Flamethrower|p1a: Tyranitar
|-resisted|p1a: Tyranitar
|-damage|p1a: Tyranitar|63/100
|
|-weather|Sandstorm|[upkeep]
|-damage|p2a: Ninetales|94/100|[from] sandstorm
|-heal|p2a: Ninetales|100/100|[from] item: Leftovers
|-sideend|p2: coco|Reflect
|upkeep
|turn|11
|
|switch|p1a: Gliscor|Gliscor, F|100/100 tox
|-damage|p1a: Gliscor|88/100 tox|[from] Stealth Rock
|move|p2a: Ninetales|Will-O-Wisp|p1a: Gliscor
|-fail|p1a: Gliscor
|
|-weather|Sandstorm|[upkeep]
|-damage|p2a: Ninetales|94/100|[from] sandstorm
|-heal|p2a: Ninetales|100/100|[from] item: Leftovers
|-heal|p1a: Gliscor|100/100 tox|[from] ability: Poison Heal
|-sideend|p2: coco|move: Light Screen
|upkeep
|turn|12
|
|switch|p1a: Tyranitar|Tyranitar, F|63/100
|-damage|p1a: Tyranitar|50/100|[from] Stealth Rock
|switch|p2a: Xatu|Xatu, F|95/100
|-damage|p2a: Xatu|70/100|[from] Stealth Rock
|
|-weather|Sandstorm|[upkeep]
|-damage|p2a: Xatu|64/100|[from] sandstorm
|upkeep
|turn|13
|
|move|p2a: Xatu|Reflect|p2a: Xatu
|-sidestart|p2: coco|Reflect
|move|p1a: Tyranitar|Crunch|p2a: Xatu
|-supereffective|p2a: Xatu
|-damage|p2a: Xatu|8/100
|
|-weather|Sandstorm|[upkeep]
|-damage|p2a: Xatu|2/100|[from] sandstorm
|upkeep
|turn|14
|
|move|p2a: Xatu|U-turn|p1a: Tyranitar
|-supereffective|p1a: Tyranitar
|-crit|p1a: Tyranitar
|-damage|p1a: Tyranitar|11/100
|
|switch|p2a: Chansey|Chansey, F|76/100
|-damage|p2a: Chansey|64/100|[from] Stealth Rock
|move|p1a: Tyranitar|Crunch|p2a: Chansey
|-damage|p2a: Chansey|50/100
|
|-weather|Sandstorm|[upkeep]
|-damage|p2a: Chansey|44/100|[from] sandstorm
|upkeep
|turn|15
|
|move|p1a: Tyranitar|Superpower|p2a: Chansey
|-supereffective|p2a: Chansey
|-damage|p2a: Chansey|20/100
|-unboost|p1a: Tyranitar|atk|1
|-unboost|p1a: Tyranitar|def|1
|move|p2a: Chansey|Soft-Boiled|p2a: Chansey
|-heal|p2a: Chansey|70/100
|
|-weather|Sandstorm|[upkeep]
|-damage|p2a: Chansey|64/100|[from] sandstorm
|upkeep
|turn|16
|
|switch|p1a: Gliscor|Gliscor, F|100/100 tox
|-damage|p1a: Gliscor|88/100 tox|[from] Stealth Rock
|move|p2a: Chansey|Soft-Boiled|p2a: Chansey
|-heal|p2a: Chansey|100/100
|
|-weather|Sandstorm|[upkeep]
|-damage|p2a: Chansey|94/100|[from] sandstorm
|-heal|p1a: Gliscor|100/100 tox|[from] ability: Poison Heal
|upkeep
|turn|17
|
|switch|p2a: Xatu|Xatu, F|2/100
|-damage|p2a: Xatu|0 fnt|[from] Stealth Rock
|faint|p2a: Xatu
|move|p1a: Gliscor|Substitute|p1a: Gliscor
|-start|p1a: Gliscor|Substitute
|-damage|p1a: Gliscor|75/100 tox
|
|-weather|Sandstorm|[upkeep]
|-heal|p1a: Gliscor|88/100 tox|[from] ability: Poison Heal
|upkeep
|
|switch|p2a: Ninetales|Ninetales, M|100/100
|-damage|p2a: Ninetales|76/100|[from] Stealth Rock
|-weather|SunnyDay|[from] ability: Drought|[of] p2a: Ninetales
|turn|18
|
|switch|p2a: Chansey|Chansey, F|94/100
|-damage|p2a: Chansey|82/100|[from] Stealth Rock
|move|p1a: Gliscor|Toxic|p2a: Chansey
|-status|p2a: Chansey|tox
|
|-weather|SunnyDay|[upkeep]
|-heal|p1a: Gliscor|100/100 tox|[from] ability: Poison Heal
|-damage|p2a: Chansey|76/100 tox|[from] psn
|upkeep
|turn|19
|
|move|p1a: Gliscor|Earthquake|p2a: Chansey
|-damage|p2a: Chansey|66/100 tox
|move|p2a: Chansey|Seismic Toss|p1a: Gliscor
|-end|p1a: Gliscor|Substitute
|
|-weather|SunnyDay|[upkeep]
|-damage|p2a: Chansey|53/100 tox|[from] psn
|upkeep
|turn|20
|
|move|p1a: Gliscor|Substitute|p1a: Gliscor
|-start|p1a: Gliscor|Substitute
|-damage|p1a: Gliscor|75/100 tox
|move|p2a: Chansey|Seismic Toss|p1a: Gliscor
|-end|p1a: Gliscor|Substitute
|
|-weather|SunnyDay|[upkeep]
|-heal|p1a: Gliscor|88/100 tox|[from] ability: Poison Heal
|-damage|p2a: Chansey|35/100 tox|[from] psn
|-sideend|p2: coco|Reflect
|upkeep
|turn|21
|
|-curestatus|p2a: Chansey|tox|[from] ability: Natural Cure
|switch|p2a: Darmanitan|Darmanitan, M|100/100
|-damage|p2a: Darmanitan|76/100|[from] Stealth Rock
|move|p1a: Gliscor|Substitute|p1a: Gliscor
|-start|p1a: Gliscor|Substitute
|-damage|p1a: Gliscor|63/100 tox
|
|-weather|SunnyDay|[upkeep]
|-heal|p1a: Gliscor|75/100 tox|[from] ability: Poison Heal
|upkeep
|turn|22
|
|move|p2a: Darmanitan|Flare Blitz|p1a: Gliscor
|-end|p1a: Gliscor|Substitute
|-damage|p2a: Darmanitan|67/100|[from] Recoil|[of] p1a: Gliscor
|move|p1a: Gliscor|Earthquake|p2a: Darmanitan
|-supereffective|p2a: Darmanitan
|-damage|p2a: Darmanitan|0 fnt
|faint|p2a: Darmanitan
|
|-weather|SunnyDay|[upkeep]
|-heal|p1a: Gliscor|88/100 tox|[from] ability: Poison Heal
|upkeep
|
|switch|p2a: Devilman|Salamence, M|100/100
|-damage|p2a: Devilman|76/100|[from] Stealth Rock
|turn|23
|inactive|yayadooms has 135 seconds left.
|
|move|p1a: Gliscor|Protect|p1a: Gliscor
|-singleturn|p1a: Gliscor|Protect
|move|p2a: Devilman|Fire Blast|p1a: Gliscor
|-activate|p1a: Gliscor|move: Protect
|
|-weather|SunnyDay|[upkeep]
|-heal|p1a: Gliscor|100/100 tox|[from] ability: Poison Heal
|upkeep
|turn|24
|
|move|p2a: Devilman|Fire Blast|p1a: Gliscor
|-damage|p1a: Gliscor|27/100 tox
|-damage|p2a: Devilman|66/100|[from] item: Life Orb
|move|p1a: Gliscor|Toxic|p2a: Devilman
|-status|p2a: Devilman|tox
|
|-weather|SunnyDay|[upkeep]
|-damage|p2a: Devilman|60/100 tox|[from] psn
|-heal|p1a: Gliscor|40/100 tox|[from] ability: Poison Heal
|upkeep
|turn|25
|
|move|p1a: Gliscor|Protect|p1a: Gliscor
|-singleturn|p1a: Gliscor|Protect
|move|p2a: Devilman|Dragon Dance|p2a: Devilman
|-boost|p2a: Devilman|atk|1
|-boost|p2a: Devilman|spe|1
|
|-weather|SunnyDay|[upkeep]
|-damage|p2a: Devilman|48/100 tox|[from] psn
|-heal|p1a: Gliscor|52/100 tox|[from] ability: Poison Heal
|upkeep
|turn|26
|
|switch|p1a: Tyranitar|Tyranitar, F|11/100
|-damage|p1a: Tyranitar|0 fnt|[from] Stealth Rock
|faint|p1a: Tyranitar
|move|p2a: Devilman|Dragon Claw|p1: Tyranitar|[notarget]
|-notarget
|
|-weather|SunnyDay|[upkeep]
|-damage|p2a: Devilman|30/100 tox|[from] psn
|upkeep
|
|switch|p1a: Gliscor|Gliscor, F|52/100 tox
|-damage|p1a: Gliscor|40/100 tox|[from] Stealth Rock
|turn|27
|
|move|p1a: Gliscor|Protect|p1a: Gliscor
|-singleturn|p1a: Gliscor|Protect
|move|p2a: Devilman|Dragon Claw|p1a: Gliscor
|-activate|p1a: Gliscor|move: Protect
|
|-weather|SunnyDay|[upkeep]
|-damage|p2a: Devilman|5/100 tox|[from] psn
|-heal|p1a: Gliscor|52/100 tox|[from] ability: Poison Heal
|upkeep
|turn|28
|inactive|yayadooms has 135 seconds left.
|
|switch|p1a: Amoonguss|Amoonguss, M|100/100
|-damage|p1a: Amoonguss|88/100|[from] Stealth Rock
|move|p2a: Devilman|Fire Blast|p1a: Amoonguss
|-supereffective|p1a: Amoonguss
|-damage|p1a: Amoonguss|9/100
|-damage|p2a: Devilman|0 fnt|[from] item: Life Orb
|faint|p2a: Devilman
|
|-weather|SunnyDay|[upkeep]
|-heal|p1a: Amoonguss|15/100|[from] item: Black Sludge
|upkeep
|inactive|coco has 135 seconds left.
|
|switch|p2a: Volcarona|Volcarona, M|100/100
|-damage|p2a: Volcarona|51/100|[from] Stealth Rock
|turn|29
|
|move|p2a: Volcarona|Fiery Dance|p1a: Amoonguss
|-supereffective|p1a: Amoonguss
|-damage|p1a: Amoonguss|0 fnt
|faint|p1a: Amoonguss
|
|-weather|SunnyDay|[upkeep]
|-heal|p2a: Volcarona|57/100|[from] item: Leftovers
|upkeep
|
|switch|p1a: Keldeo|Keldeo|100/100
|-damage|p1a: Keldeo|94/100|[from] Stealth Rock
|turn|30
|inactive|yayadooms has 135 seconds left.
|inactive|yayadooms has 120 seconds left.
|
|move|p1a: Keldeo|Hydro Pump|p2a: Volcarona|[miss]
|-miss|p1a: Keldeo|p2a: Volcarona
|move|p2a: Volcarona|Morning Sun|p2a: Volcarona
|-heal|p2a: Volcarona|100/100
|
|-weather|SunnyDay|[upkeep]
|upkeep
|turn|31
|
|move|p1a: Keldeo|Hydro Pump|p2a: Volcarona|[miss]
|-miss|p1a: Keldeo|p2a: Volcarona
|move|p2a: Volcarona|Quiver Dance|p2a: Volcarona
|-boost|p2a: Volcarona|spa|1
|-boost|p2a: Volcarona|spd|1
|-boost|p2a: Volcarona|spe|1
|
|-weather|SunnyDay|[upkeep]
|upkeep
|turn|32
|
|switch|p1a: Dragonite|Dragonite, M|100/100
|-damage|p1a: Dragonite|76/100|[from] Stealth Rock
|move|p2a: Volcarona|Quiver Dance|p2a: Volcarona
|-boost|p2a: Volcarona|spa|1
|-boost|p2a: Volcarona|spd|1
|-boost|p2a: Volcarona|spe|1
|
|-weather|SunnyDay|[upkeep]
|-heal|p1a: Dragonite|82/100|[from] item: Leftovers
|upkeep
|turn|33
|inactive|yayadooms has 135 seconds left.
|inactive|yayadooms has 120 seconds left.
|
|move|p2a: Volcarona|Fiery Dance|p1a: Dragonite
|-resisted|p1a: Dragonite
|-damage|p1a: Dragonite|24/100
|move|p1a: Dragonite|Dragon Dance|p1a: Dragonite
|-boost|p1a: Dragonite|atk|1
|-boost|p1a: Dragonite|spe|1
|
|-weather|SunnyDay|[upkeep]
|-heal|p1a: Dragonite|31/100|[from] item: Leftovers
|upkeep
|turn|34
|inactive|yayadooms has 135 seconds left.
|
|move|p2a: Volcarona|Fiery Dance|p1a: Dragonite
|-resisted|p1a: Dragonite
|-damage|p1a: Dragonite|0 fnt
|-boost|p2a: Volcarona|spa|1
|faint|p1a: Dragonite
|
|-weather|SunnyDay|[upkeep]
|upkeep
|
|switch|p1a: Keldeo|Keldeo|94/100
|-damage|p1a: Keldeo|88/100|[from] Stealth Rock
|turn|35
|
|move|p2a: Volcarona|Fiery Dance|p1a: Keldeo
|-resisted|p1a: Keldeo
|-damage|p1a: Keldeo|0 fnt
|faint|p1a: Keldeo
|
|-weather|SunnyDay|[upkeep]
|upkeep
|-message|yayadooms forfeited.
|
|win|coco
|l|☆yayadooms
|raw|yayadooms's rating: 1566 &rarr; <strong>1534</strong><br />(-32 for losing)
|raw|coco's rating: 1346 &rarr; <strong>1378</strong><br />(+32 for winning)
