|j|☆ZillionLemon
|j|☆HydreigonSpammer
|t:|1735365973
|gametype|singles
|player|p1|ZillionLemon|infielder|1324
|player|p2|HydreigonSpammer|acetrainer|1397
|teamsize|p1|6
|teamsize|p2|6
|gen|5
|tier|[Gen 5] OU
|rated|
|rule|Species Clause: Limit one of each Pokémon
|rule|OHKO Clause: OHKO moves are banned
|rule|Moody Clause: Moody is banned
|rule|Evasion Items Clause: Evasion items are banned
|rule|Evasion Moves Clause: Evasion moves are banned
|rule|Endless Battle Clause: Forcing endless battles is banned
|rule|HP Percentage Mod: HP is shown in percentages
|rule|Evasion Abilities Clause: Evasion abilities are banned
|rule|Sleep Moves Clause: Sleep-inducing moves are banned
|rule|Swagger Clause: Swagger is banned
|rule|Baton Pass Stat Clause: No Baton Passer may have a way to boost its stats
|clearpoke
|poke|p1|Reuniclus, M|item
|poke|p1|Abomasnow, M|item
|poke|p1|Gliscor, M|item
|poke|p1|Skarmory, F|item
|poke|p1|Sableye, M|item
|poke|p1|Clefable, F|item
|poke|p2|Politoed, F|item
|poke|p2|Shedinja|item
|poke|p2|Tentacruel, M|item
|poke|p2|Latios, M|item
|poke|p2|Azumarill, M|item
|poke|p2|Keldeo|item
|teampreview
|inactive|Battle timer is ON: inactive players will automatically lose when time's up. (requested by ZillionLemon)
|
|t:|1735365999
|start
|switch|p1a: Clefable|Clefable, F|100/100
|switch|p2a: Tentacruel|Tentacruel, M|100/100
|turn|1
|
|t:|1735366003
|move|p2a: Tentacruel|Toxic Spikes|p1a: Clefable
|-sidestart|p1: ZillionLemon|move: Toxic Spikes
|move|p1a: Clefable|Thunder Wave|p2a: Tentacruel
|-status|p2a: Tentacruel|par
|
|upkeep
|turn|2
|
|t:|1735366010
|move|p1a: Clefable|Knock Off|p2a: Tentacruel
|-damage|p2a: Tentacruel|97/100 par
|-enditem|p2a: Tentacruel|Black Sludge|[from] move: Knock Off|[of] p1a: Clefable
|move|p2a: Tentacruel|Toxic Spikes|p1a: Clefable
|-sidestart|p1: ZillionLemon|move: Toxic Spikes
|
|upkeep
|turn|3
|
|t:|1735366019
|switch|p2a: Politoed|Politoed, F|100/100
|-weather|RainDance|[from] ability: Drizzle|[of] p2a: Politoed
|move|p1a: Clefable|Seismic Toss|p2a: Politoed
|-damage|p2a: Politoed|74/100
|
|-weather|RainDance|[upkeep]
|-heal|p2a: Politoed|81/100|[from] item: Leftovers
|upkeep
|turn|4
|
|t:|1735366033
|move|p2a: Politoed|Encore|p1a: Clefable
|-start|p1a: Clefable|Encore
|move|p1a: Clefable|Seismic Toss|p2a: Politoed
|-damage|p2a: Politoed|55/100
|
|-weather|RainDance|[upkeep]
|-heal|p2a: Politoed|61/100|[from] item: Leftovers
|upkeep
|turn|5
|
|t:|1735366038
|switch|p2a: Shedinja|Shedinja|100/100
|move|p1a: Clefable|Seismic Toss|p2a: Shedinja
|-immune|p2a: Shedinja
|
|-weather|RainDance|[upkeep]
|upkeep
|turn|6
|
|t:|1735366048
|switch|p1a: Abomasnow|Abomasnow, M, shiny|100/100
|-status|p1a: Abomasnow|tox
|-weather|Hail|[from] ability: Snow Warning|[of] p1a: Abomasnow
|move|p2a: Shedinja|Baton Pass|p2a: Shedinja
|
|t:|1735366058
|switch|p2a: Keldeo|Keldeo|100/100|[from] Baton Pass
|
|-weather|Hail|[upkeep]
|-damage|p2a: Keldeo|94/100|[from] Hail
|-damage|p1a: Abomasnow|94/100 tox|[from] psn
|upkeep
|turn|7
|
|t:|1735366076
|move|p1a: Abomasnow|Protect|p1a: Abomasnow
|-singleturn|p1a: Abomasnow|Protect
|move|p2a: Keldeo|Scald|p1a: Abomasnow
|-activate|p1a: Abomasnow|move: Protect
|
|-weather|Hail|[upkeep]
|-damage|p2a: Keldeo|88/100|[from] Hail
|-heal|p1a: Abomasnow|100/100 tox|[from] item: Leftovers
|-damage|p1a: Abomasnow|88/100 tox|[from] psn
|upkeep
|turn|8
|
|t:|1735366085
|switch|p2a: Tentacruel|Tentacruel, M|97/100 par
|move|p1a: Abomasnow|Giga Drain|p2a: Tentacruel
|-damage|p2a: Tentacruel|72/100 par
|-heal|p1a: Abomasnow|99/100 tox|[from] drain|[of] p2a: Tentacruel
|
|-weather|Hail|[upkeep]
|-damage|p2a: Tentacruel|66/100 par|[from] Hail
|-heal|p1a: Abomasnow|100/100 tox|[from] item: Leftovers
|-damage|p1a: Abomasnow|82/100 tox|[from] psn
|upkeep
|turn|9
|
|t:|1735366102
|move|p2a: Tentacruel|Protect|p2a: Tentacruel
|-singleturn|p2a: Tentacruel|Protect
|move|p1a: Abomasnow|Leech Seed|p2a: Tentacruel
|-activate|p2a: Tentacruel|move: Protect
|
|-weather|Hail|[upkeep]
|-damage|p2a: Tentacruel|59/100 par|[from] Hail
|-heal|p1a: Abomasnow|88/100 tox|[from] item: Leftovers
|-damage|p1a: Abomasnow|63/100 tox|[from] psn
|upkeep
|turn|10
|
|t:|1735366112
|switch|p1a: Skarmory|Skarmory, F, shiny|100/100
|switch|p2a: Latios|Latios, M|100/100
|
|-weather|Hail|[upkeep]
|-damage|p2a: Latios|95/100|[from] Hail
|-damage|p1a: Skarmory|95/100|[from] Hail
|-heal|p1a: Skarmory|100/100|[from] item: Leftovers
|upkeep
|turn|11
|
|t:|1735366129
|move|p2a: Latios|Thunder|p1a: Skarmory
|-supereffective|p1a: Skarmory
|-damage|p1a: Skarmory|29/100
|move|p1a: Skarmory|Brave Bird|p2a: Latios
|-damage|p2a: Latios|52/100
|-damage|p1a: Skarmory|16/100|[from] Recoil
|
|-weather|Hail|[upkeep]
|-damage|p2a: Latios|46/100|[from] Hail
|-damage|p1a: Skarmory|10/100|[from] Hail
|-heal|p1a: Skarmory|16/100|[from] item: Leftovers
|upkeep
|turn|12
|
|t:|1735366136
|switch|p2a: Politoed|Politoed, F|61/100
|-weather|RainDance|[from] ability: Drizzle|[of] p2a: Politoed
|move|p1a: Skarmory|Roost|p1a: Skarmory
|-heal|p1a: Skarmory|66/100
|-singleturn|p1a: Skarmory|move: Roost
|
|-weather|RainDance|[upkeep]
|-heal|p1a: Skarmory|72/100|[from] item: Leftovers
|-heal|p2a: Politoed|67/100|[from] item: Leftovers
|upkeep
|turn|13
|
|t:|1735366140
|move|p2a: Politoed|Scald|p1a: Skarmory
|-crit|p1a: Skarmory
|-damage|p1a: Skarmory|3/100
|move|p1a: Skarmory|Spikes|p2a: Politoed
|-sidestart|p2: HydreigonSpammer|Spikes
|
|-weather|RainDance|[upkeep]
|-heal|p2a: Politoed|73/100|[from] item: Leftovers
|-heal|p1a: Skarmory|9/100|[from] item: Leftovers
|upkeep
|turn|14
|
|t:|1735366148
|switch|p1a: Abomasnow|Abomasnow, M, shiny|63/100 tox
|-weather|Hail|[from] ability: Snow Warning|[of] p1a: Abomasnow
|move|p2a: Politoed|Scald|p1a: Abomasnow
|-resisted|p1a: Abomasnow
|-damage|p1a: Abomasnow|52/100 tox
|
|-weather|Hail|[upkeep]
|-damage|p2a: Politoed|67/100|[from] Hail
|-heal|p2a: Politoed|73/100|[from] item: Leftovers
|-heal|p1a: Abomasnow|58/100 tox|[from] item: Leftovers
|-damage|p1a: Abomasnow|52/100 tox|[from] psn
|upkeep
|turn|15
|
|t:|1735366154
|move|p2a: Politoed|Protect|p2a: Politoed
|-singleturn|p2a: Politoed|Protect
|move|p1a: Abomasnow|Leech Seed|p2a: Politoed
|-activate|p2a: Politoed|move: Protect
|
|-weather|Hail|[upkeep]
|-damage|p2a: Politoed|67/100|[from] Hail
|-heal|p2a: Politoed|73/100|[from] item: Leftovers
|-heal|p1a: Abomasnow|58/100 tox|[from] item: Leftovers
|-damage|p1a: Abomasnow|46/100 tox|[from] psn
|upkeep
|turn|16
|
|t:|1735366176
|switch|p2a: Tentacruel|Tentacruel, M|59/100 par
|-damage|p2a: Tentacruel|47/100 par|[from] Spikes
|move|p1a: Abomasnow|Giga Drain|p2a: Tentacruel
|-damage|p2a: Tentacruel|24/100 par
|-heal|p1a: Abomasnow|57/100 tox|[from] drain|[of] p2a: Tentacruel
|
|-weather|Hail|[upkeep]
|-damage|p2a: Tentacruel|18/100 par|[from] Hail
|-heal|p1a: Abomasnow|63/100 tox|[from] item: Leftovers
|-damage|p1a: Abomasnow|45/100 tox|[from] psn
|upkeep
|turn|17
|
|t:|1735366184
|move|p2a: Tentacruel|Protect|p2a: Tentacruel
|-singleturn|p2a: Tentacruel|Protect
|move|p1a: Abomasnow|Blizzard|p2a: Tentacruel
|-activate|p2a: Tentacruel|move: Protect
|
|-weather|Hail|[upkeep]
|-damage|p2a: Tentacruel|12/100 par|[from] Hail
|-heal|p1a: Abomasnow|51/100 tox|[from] item: Leftovers
|-damage|p1a: Abomasnow|26/100 tox|[from] psn
|upkeep
|turn|18
|
|t:|1735366194
|switch|p1a: Skarmory|Skarmory, F, shiny|9/100
|move|p2a: Tentacruel|Rapid Spin|p1a: Skarmory
|-resisted|p1a: Skarmory
|-damage|p1a: Skarmory|8/100
|-sideend|p2: HydreigonSpammer|Spikes|[from] move: Rapid Spin|[of] p2a: Tentacruel
|
|-weather|Hail|[upkeep]
|-damage|p1a: Skarmory|2/100|[from] Hail
|-damage|p2a: Tentacruel|5/100 par|[from] Hail
|-heal|p1a: Skarmory|8/100|[from] item: Leftovers
|upkeep
|turn|19
|
|t:|1735366204
|move|p1a: Skarmory|Spikes|p2a: Tentacruel
|-sidestart|p2: HydreigonSpammer|Spikes
|move|p2a: Tentacruel|Rapid Spin|p1a: Skarmory
|-resisted|p1a: Skarmory
|-damage|p1a: Skarmory|7/100
|-sideend|p2: HydreigonSpammer|Spikes|[from] move: Rapid Spin|[of] p2a: Tentacruel
|
|-weather|Hail|[upkeep]
|-damage|p1a: Skarmory|1/100|[from] Hail
|-damage|p2a: Tentacruel|0 fnt|[from] Hail
|faint|p2a: Tentacruel
|-heal|p1a: Skarmory|7/100|[from] item: Leftovers
|upkeep
|
|t:|1735366221
|switch|p2a: Keldeo|Keldeo|88/100
|turn|20
|
|t:|1735366225
|move|p2a: Keldeo|Scald|p1a: Skarmory
|-damage|p1a: Skarmory|0 fnt
|faint|p1a: Skarmory
|
|-weather|Hail|[upkeep]
|-damage|p2a: Keldeo|82/100|[from] Hail
|upkeep
|
|t:|1735366230
|switch|p1a: Clefable|Clefable, F|100/100
|-status|p1a: Clefable|tox
|turn|21
|
|t:|1735366241
|switch|p2a: Politoed|Politoed, F|73/100
|-weather|RainDance|[from] ability: Drizzle|[of] p2a: Politoed
|move|p1a: Clefable|Thunder Wave|p2a: Politoed
|-status|p2a: Politoed|par
|
|-weather|RainDance|[upkeep]
|-heal|p2a: Politoed|80/100 par|[from] item: Leftovers
|upkeep
|turn|22
|
|t:|1735366256
|move|p1a: Clefable|Knock Off|p2a: Politoed
|-damage|p2a: Politoed|77/100 par
|-enditem|p2a: Politoed|Leftovers|[from] move: Knock Off|[of] p1a: Clefable
|cant|p2a: Politoed|par
|
|-weather|RainDance|[upkeep]
|upkeep
|turn|23
|
|t:|1735366267
|switch|p2a: Azumarill|Azumarill, M|100/100
|move|p1a: Clefable|Seismic Toss|p2a: Azumarill
|-damage|p2a: Azumarill|76/100
|
|-weather|RainDance|[upkeep]
|upkeep
|turn|24
|
|t:|1735366273
|move|p1a: Clefable|Thunder Wave|p2a: Azumarill
|-status|p2a: Azumarill|par
|move|p2a: Azumarill|Waterfall|p1a: Clefable
|-damage|p1a: Clefable|0 fnt
|faint|p1a: Clefable
|
|-weather|RainDance|[upkeep]
|upkeep
|
|t:|1735366285
|switch|p1a: Sableye|Sableye, M|100/100
|-status|p1a: Sableye|tox
|turn|25
|
|t:|1735366313
|switch|p2a: Keldeo|Keldeo|82/100
|move|p1a: Sableye|Foul Play|p2a: Keldeo
|-resisted|p2a: Keldeo
|-damage|p2a: Keldeo|72/100
|-ability|p2a: Keldeo|Justified|boost
|-boost|p2a: Keldeo|atk|1
|
|-weather|RainDance|[upkeep]
|-damage|p1a: Sableye|94/100 tox|[from] psn
|upkeep
|turn|26
|
|t:|1735366319
|move|p1a: Sableye|Will-O-Wisp|p2a: Keldeo
|-status|p2a: Keldeo|brn
|move|p2a: Keldeo|Scald|p1a: Sableye
|-damage|p1a: Sableye|0 fnt
|faint|p1a: Sableye
|
|-weather|RainDance|[upkeep]
|-damage|p2a: Keldeo|60/100 brn|[from] brn
|upkeep
|
|t:|1735366329
|switch|p1a: Reuniclus|Reuniclus, M|100/100
|-status|p1a: Reuniclus|tox
|turn|27
|
|t:|1735366344
|move|p2a: Keldeo|Scald|p1a: Reuniclus
|-damage|p1a: Reuniclus|10/100 tox
|move|p1a: Reuniclus|Calm Mind|p1a: Reuniclus
|-boost|p1a: Reuniclus|spa|1
|-boost|p1a: Reuniclus|spd|1
|
|-weather|RainDance|[upkeep]
|-heal|p1a: Reuniclus|16/100 tox|[from] item: Leftovers
|-damage|p2a: Keldeo|47/100 brn|[from] brn
|upkeep
|turn|28
|
|t:|1735366349
|move|p2a: Keldeo|Scald|p1a: Reuniclus
|-damage|p1a: Reuniclus|0 fnt
|faint|p1a: Reuniclus
|
|-weather|RainDance|[upkeep]
|-damage|p2a: Keldeo|35/100 brn|[from] brn
|upkeep
|
|t:|1735366352
|switch|p1a: Abomasnow|Abomasnow, M, shiny|26/100 tox
|-weather|Hail|[from] ability: Snow Warning|[of] p1a: Abomasnow
|turn|29
|inactive|HydreigonSpammer has 120 seconds left.
|
|t:|1735366395
|move|p2a: Keldeo|Scald|p1a: Abomasnow
|-resisted|p1a: Abomasnow
|-damage|p1a: Abomasnow|0 fnt
|faint|p1a: Abomasnow
|
|-weather|Hail|[upkeep]
|-damage|p2a: Keldeo|29/100 brn|[from] Hail
|-damage|p2a: Keldeo|17/100 brn|[from] brn
|upkeep
|
|t:|1735366399
|switch|p1a: Gliscor|Gliscor, M, shiny|100/100
|turn|30
|inactive|HydreigonSpammer has 120 seconds left.
|
|t:|1735366409
|switch|p2a: Politoed|Politoed, F|77/100 par
|-weather|RainDance|[from] ability: Drizzle|[of] p2a: Politoed
|move|p1a: Gliscor|Protect||[still]
|-fail|p1a: Gliscor
|
|-weather|RainDance|[upkeep]
|-status|p1a: Gliscor|tox|[from] item: Toxic Orb
|upkeep
|turn|31
|inactive|HydreigonSpammer has 120 seconds left.
|
|t:|1735366419
|move|p1a: Gliscor|Stealth Rock|p2a: Politoed
|-sidestart|p2: HydreigonSpammer|move: Stealth Rock
|move|p2a: Politoed|Refresh|p2a: Politoed
|-curestatus|p2a: Politoed|par|[msg]
|
|-weather|RainDance|[upkeep]
|upkeep
|turn|32
|
|t:|1735366427
|move|p1a: Gliscor|Protect|p1a: Gliscor
|-singleturn|p1a: Gliscor|Protect
|move|p2a: Politoed|Scald|p1a: Gliscor
|-activate|p1a: Gliscor|move: Protect
|
|-weather|RainDance|[upkeep]
|upkeep
|turn|33
|
|t:|1735366432
|move|p1a: Gliscor|Earthquake|p2a: Politoed
|-damage|p2a: Politoed|52/100
|move|p2a: Politoed|Scald|p1a: Gliscor
|-supereffective|p1a: Gliscor
|-damage|p1a: Gliscor|18/100 tox
|
|-weather|RainDance|[upkeep]
|-heal|p1a: Gliscor|31/100 tox|[from] ability: Poison Heal
|upkeep
|turn|34
|
|t:|1735366439
|move|p1a: Gliscor|Protect|p1a: Gliscor
|-singleturn|p1a: Gliscor|Protect
|move|p2a: Politoed|Scald|p1a: Gliscor
|-activate|p1a: Gliscor|move: Protect
|
|-weather|RainDance|[upkeep]
|-heal|p1a: Gliscor|43/100 tox|[from] ability: Poison Heal
|upkeep
|turn|35
|
|t:|1735366440
|move|p1a: Gliscor|Earthquake|p2a: Politoed
|-damage|p2a: Politoed|24/100
|move|p2a: Politoed|Scald|p1a: Gliscor
|-supereffective|p1a: Gliscor
|-damage|p1a: Gliscor|0 fnt
|faint|p1a: Gliscor
|
|win|HydreigonSpammer
|raw|ZillionLemon's rating: 1324 &rarr; <strong>1308</strong><br />(-16 for losing)
|raw|HydreigonSpammer's rating: 1397 &rarr; <strong>1413</strong><br />(+16 for winning)
|l|☆ZillionLemon
|player|p1|
