|j|☆Invisible Enemy
|j|☆djkillshots
|player|p1|Invisible Enemy|167
|player|p2|djkillshots|2
|teamsize|p1|6
|teamsize|p2|6
|gametype|singles
|gen|5
|tier|[Gen 5] OU
|rated|
|rule|Sleep Clause Mod: Limit one foe put to sleep
|rule|Species Clause: Limit one of each Pokémon
|rule|OHKO Clause: OHKO moves are banned
|rule|Moody Clause: Moody is banned
|rule|Evasion Moves Clause: Evasion moves are banned
|rule|Endless Battle Clause: Forcing endless battles is banned
|rule|HP Percentage Mod: HP is shown in percentages
|rule|Evasion Abilities Clause: Evasion abilities are banned
|rule|Baton Pass Clause: Limit one Baton Passer, can't pass Spe and other stats simultaneously
|rule|Swagger Clause: Swagger is banned
|clearpoke
|poke|p1|Magnezone|item
|poke|p1|Kyurem-Black|item
|poke|p1|Garchomp, F|item
|poke|p1|Jirachi|item
|poke|p1|Latios, M|item
|poke|p1|Reuniclus, M|item
|poke|p2|Garchomp, F|item
|poke|p2|Volcarona, M|item
|poke|p2|Breloom, M|item
|poke|p2|Dragonite, M|item
|poke|p2|Starmie|item
|poke|p2|Scizor, F|item
|teampreview
|inactive|Battle timer is ON: inactive players will automatically lose when time's up. (requested by djkillshots)
|
|start
|switch|p1a: Jirachi|Jirachi|100/100
|switch|p2a: Breloom|Breloom, M, shiny|100/100
|turn|1
|
|switch|p1a: Latios|Latios, M|100/100
|move|p2a: Breloom|Spore|p1a: Latios
|-status|p1a: Latios|slp
|
|upkeep
|turn|2
|
|switch|p2a: Scizor|Scizor, F|100/100
|cant|p1a: Latios|slp
|move|p1a: Latios|Sleep Talk|p1a: Latios
|move|p1a: Latios|Surf|p2a: Scizor|[from]Sleep Talk
|-damage|p2a: Scizor|32/100
|
|upkeep
|turn|3
|
|-curestatus|p1a: Latios|slp|[msg]
|move|p1a: Latios|Sleep Talk||[still]
|-fail|p1a: Latios
|move|p2a: Scizor|Bug Bite|p1a: Latios
|-supereffective|p1a: Latios
|-damage|p1a: Latios|0 fnt
|-damage|p2a: Scizor|22/100|[from] item: Life Orb
|faint|p1a: Latios
|
|upkeep
|
|switch|p1a: Jirachi|Jirachi|100/100
|turn|4
|
|move|p1a: Jirachi|Stealth Rock|p2a: Scizor
|-sidestart|p2: djkillshots|move: Stealth Rock
|move|p2a: Scizor|Bug Bite|p1a: Jirachi
|-crit|p1a: Jirachi
|-damage|p1a: Jirachi|12/100
|-enditem|p1a: Jirachi|Custap Berry|[from] stealeat|[move] Bug Bite|[of] p2a: Scizor
|-damage|p2a: Scizor|12/100|[from] item: Life Orb
|
|upkeep
|turn|5
|
|switch|p1a: Garchomp|Garchomp, F|100/100
|move|p2a: Scizor|Bullet Punch|p1a: Garchomp
|-damage|p1a: Garchomp|52/100
|-damage|p2a: Scizor|0 fnt|[from] ability: Rough Skin|[of] p1a: Garchomp
|faint|p2a: Scizor
|-formechange|p2a: Scizor|Scizor||[from] ability: Rough Skin
|
|upkeep
|
|switch|p2a: Starmie|Starmie, shiny|100/100
|-damage|p2a: Starmie|88/100|[from] Stealth Rock
|turn|6
|
|move|p1a: Garchomp|Outrage|p2a: Starmie
|-damage|p2a: Starmie|0 fnt
|faint|p2a: Starmie
|
|upkeep
|
|switch|p2a: Breloom|Breloom, M, shiny|100/100
|-damage|p2a: Breloom|94/100|[from] Stealth Rock
|turn|7
|
|move|p2a: Breloom|Mach Punch|p1a: Garchomp
|-damage|p1a: Garchomp|20/100
|-damage|p2a: Breloom|82/100|[from] ability: Rough Skin|[of] p1a: Garchomp
|move|p1a: Garchomp|Outrage|p2a: Breloom|[from]lockedmove
|-damage|p2a: Breloom|0 fnt
|faint|p2a: Breloom
|
|upkeep
|
|switch|p2a: Dragonite|Dragonite, M|100/100
|-damage|p2a: Dragonite|75/100|[from] Stealth Rock
|turn|8
|
|move|p2a: Dragonite|Extreme Speed|p1a: Garchomp
|-damage|p1a: Garchomp|0 fnt
|-damage|p2a: Dragonite|63/100|[from] ability: Rough Skin|[of] p1a: Garchomp
|faint|p1a: Garchomp
|
|upkeep
|
|switch|p1a: Kyurem|Kyurem-Black, shiny|100/100
|-ability|p1a: Kyurem|Teravolt
|turn|9
|
|move|p1a: Kyurem|Dragon Claw|p2a: Dragonite
|-supereffective|p2a: Dragonite
|-damage|p2a: Dragonite|0 fnt
|faint|p2a: Dragonite
|
|upkeep
|-message|djkillshots forfeited.
|
|win|Invisible Enemy
|l|☆djkillshots
|raw|Invisible Enemy's rating: 1536 &rarr; <strong>1547</strong><br />(+11 for winning)
|raw|djkillshots's rating: 1367 &rarr; <strong>1356</strong><br />(-11 for losing)
|l|☆Invisible Enemy
|j|☆Invisible Enemy
