|j|Century Express
|j|Dragon Lords3
|player|p1|Century Express|145
|player|p2|Dragon Lords3|53
|gametype|singles
|gen|5
|tier|[Gen 5] OU
|rated
|seed|50795,5919,44408,23362
|rule|Evasion Abilities Clause: Evasion abilities are banned
|rule|Baton Pass Clause: Limit one Baton Passer, can't pass Spe and other stats simultaneously
|rule|Swagger Clause: Swagger is banned
|clearpoke
|poke|p1|Tyranitar, M|item
|poke|p1|Skarmory, F|item
|poke|p1|Jellicent, M|item
|poke|p1|Garchomp, M, shiny|item
|poke|p1|Mew|item
|poke|p1|Reuniclus, M|item
|poke|p2|Politoed, M|item
|poke|p2|Dragonite, M|item
|poke|p2|Scizor, M|item
|poke|p2|Toxicroak, M|item
|poke|p2|Jirachi|item
|poke|p2|Garchomp, M|item
|rule|Sleep Clause Mod: Limit one foe put to sleep
|rule|Species Clause: Limit one of each Pokémon
|rule|OHKO Clause: OHKO moves are banned
|rule|Moody Clause: Moody is banned
|rule|Evasion Moves Clause: Evasion moves are banned
|rule|Endless Battle Clause: Forcing endless battles is banned
|rule|HP Percentage Mod: HP is shown in percentages
|teampreview
|choice|team 2, team 1, team 3, team 4, team 5, team 6|team 5, team 2, team 3, team 4, team 1, team 6
|
|start
|switch|p1a: Skarmory|Skarmory, F|333/333
|switch|p2a: Jirachi|Jirachi|341/341
|turn|1
|choice|move spikes|move thunder
|
|move|p2a: Jirachi|Thunder|p1a: Skarmory|[miss]
|-miss|p2a: Jirachi|p1a: Skarmory
|move|p1a: Skarmory|Spikes|p2a: Jirachi
|-sidestart|p2: Dragon Lords3|Spikes
|
|upkeep
|turn|2
|choice|switch 2|move stealthrock
|
|switch|p1a: Tyranitar|Tyranitar, M|403/403
|-weather|Sandstorm|[from] ability: Sand Stream|[of] p1a: Tyranitar
|move|p2a: Jirachi|Stealth Rock|p1a: Tyranitar
|-sidestart|p1: Century Express|move: Stealth Rock
|
|-weather|Sandstorm|[upkeep]
|upkeep
|turn|3
|choice|move stealthrock|move flashcannon
|
|move|p2a: Jirachi|Flash Cannon|p1a: Tyranitar
|-supereffective|p1a: Tyranitar
|-damage|p1a: Tyranitar|247/403
|move|p1a: Tyranitar|Stealth Rock|p2a: Jirachi
|-sidestart|p2: Dragon Lords3|move: Stealth Rock
|
|-weather|Sandstorm|[upkeep]
|upkeep
|turn|4
|choice|switch 5|move thunder
|
|switch|p1a: Mew|Mew|404/404
|-damage|p1a: Mew|354/404|[from] Stealth Rock
|move|p2a: Jirachi|Thunder|p1a: Mew
|-crit|p1a: Mew
|-damage|p1a: Mew|113/404
|-status|p1a: Mew|par
|-activate|p1a: Mew|ability: Synchronize
|-status|p2a: Jirachi|par
|
|-weather|Sandstorm|[upkeep]
|-damage|p1a: Mew|88/404 par|[from] sandstorm
|-heal|p1a: Mew|113/404 par|[from] item: Leftovers
|upkeep
|turn|5
|choice|move softboiled|move flashcannon
|
|move|p2a: Jirachi|Flash Cannon|p1a: Mew
|-damage|p1a: Mew|0 fnt
|faint|p1a: Mew
|
|-weather|Sandstorm|[upkeep]
|upkeep
|choice|switch 4|
|
|switch|p1a: Garchomp|Garchomp, M, shiny|357/357
|-damage|p1a: Garchomp|335/357|[from] Stealth Rock
|turn|6
|choice|move earthquake|switch 5
|
|switch|p2a: Politoed|Politoed, M|321/321
|-damage|p2a: Politoed|281/321|[from] Stealth Rock
|-damage|p2a: Politoed|241/321|[from] Spikes
|-weather|RainDance|[from] ability: Drizzle|[of] p2a: Politoed
|move|p1a: Garchomp|Earthquake|p2a: Politoed
|-damage|p2a: Politoed|33/321
|
|-weather|RainDance|[upkeep]
|upkeep
|turn|7
|choice|move earthquake|move icebeam
|
|move|p1a: Garchomp|Earthquake|p2a: Politoed
|-damage|p2a: Politoed|0 fnt
|faint|p2a: Politoed
|
|-weather|RainDance|[upkeep]
|upkeep
|choice||switch 2
|
|switch|p2a: Dragonite|Dragonite, M|323/323
|-damage|p2a: Dragonite|243/323|[from] Stealth Rock
|turn|8
|choice|switch 2|move aquatail
|
|switch|p1a: Skarmory|Skarmory, F|333/333
|-damage|p1a: Skarmory|292/333|[from] Stealth Rock
|move|p2a: Dragonite|Aqua Tail|p1a: Skarmory
|-damage|p1a: Skarmory|102/333
|
|-weather|RainDance|[upkeep]
|upkeep
|turn|9
|choice|switch 3|move aquatail
|
|switch|p1a: Jellicent|Jellicent, M|404/404
|-damage|p1a: Jellicent|354/404|[from] Stealth Rock
|move|p2a: Dragonite|Aqua Tail|p1a: Jellicent
|-heal|p1a: Jellicent|404/404|[from] ability: Water Absorb|[of] p2a: Dragonite
|
|-weather|RainDance|[upkeep]
|upkeep
|turn|10
|choice|move willowisp|switch 5
|
|switch|p2a: Jirachi|Jirachi|341/341 par
|-damage|p2a: Jirachi|320/341 par|[from] Stealth Rock
|-damage|p2a: Jirachi|278/341 par|[from] Spikes
|move|p1a: Jellicent|Will-O-Wisp|p2a: Jirachi|[miss]
|-miss|p1a: Jellicent|p2a: Jirachi
|
|-weather|RainDance|[upkeep]
|upkeep
|turn|11
|choice|switch 5|switch 6
|
|switch|p1a: Tyranitar|Tyranitar, M|247/403
|-damage|p1a: Tyranitar|197/403|[from] Stealth Rock
|-weather|Sandstorm|[from] ability: Sand Stream|[of] p1a: Tyranitar
|switch|p2a: Garchomp|Garchomp, M|357/357
|-damage|p2a: Garchomp|335/357|[from] Stealth Rock
|-damage|p2a: Garchomp|291/357|[from] Spikes
|
|-weather|Sandstorm|[upkeep]
|upkeep
|turn|12
|choice|switch 3|move swordsdance
|
|switch|p1a: Skarmory|Skarmory, F|102/333
|-damage|p1a: Skarmory|61/333|[from] Stealth Rock
|move|p2a: Garchomp|Swords Dance|p2a: Garchomp
|-boost|p2a: Garchomp|atk|2
|
|-weather|Sandstorm|[upkeep]
|upkeep
|turn|13
|choice|move roost|move aquatail
|
|move|p2a: Garchomp|Aqua Tail|p1a: Skarmory
|-damage|p1a: Skarmory|0 fnt
|faint|p1a: Skarmory
|
|-weather|Sandstorm|[upkeep]
|upkeep
|choice|switch 2|
|
|switch|p1a: Garchomp|Garchomp, M, shiny|335/357
|-damage|p1a: Garchomp|313/357|[from] Stealth Rock
|turn|14
|choice|move dualchop|move outrage
|
|move|p1a: Garchomp|Dual Chop|p2a: Garchomp
|-supereffective|p2a: Garchomp
|-damage|p2a: Garchomp|151/357
|-damage|p1a: Garchomp|269/357|[from] ability: Rough Skin|[of] p2a: Garchomp
|-supereffective|p2a: Garchomp
|-damage|p2a: Garchomp|0 fnt
|-damage|p1a: Garchomp|225/357|[from] ability: Rough Skin|[of] p2a: Garchomp
|-hitcount|p2a: Garchomp|2
|faint|p2a: Garchomp
|
|-weather|Sandstorm|[upkeep]
|upkeep
|choice||switch 6
|
|switch|p2a: Jirachi|Jirachi|278/341 par
|-damage|p2a: Jirachi|257/341 par|[from] Stealth Rock
|-damage|p2a: Jirachi|215/341 par|[from] Spikes
|turn|15
|choice|switch 3|move thunder
|
|switch|p1a: Tyranitar|Tyranitar, M|197/403
|-damage|p1a: Tyranitar|147/403|[from] Stealth Rock
|move|p2a: Jirachi|Thunder|p1a: Tyranitar
|-damage|p1a: Tyranitar|71/403
|
|-weather|Sandstorm|[upkeep]
|upkeep
|turn|16
|choice|move crunch|move flashcannon
|
|move|p1a: Tyranitar|Crunch|p2a: Jirachi
|-damage|p2a: Jirachi|83/341 par
|cant|p2a: Jirachi|par
|
|-weather|Sandstorm|[upkeep]
|upkeep
|turn|17
|choice|move crunch|move flashcannon
|
|move|p1a: Tyranitar|Crunch|p2a: Jirachi
|-damage|p2a: Jirachi|0 fnt
|faint|p2a: Jirachi
|
|-weather|Sandstorm|[upkeep]
|upkeep
|choice||switch 4
|
|switch|p2a: Toxicroak|Toxicroak, M|307/307
|-damage|p2a: Toxicroak|269/307|[from] Spikes
|-damage|p2a: Toxicroak|250/307|[from] Stealth Rock
|turn|18
|choice|move crunch|move swordsdance
|
|move|p2a: Toxicroak|Swords Dance|p2a: Toxicroak
|-boost|p2a: Toxicroak|atk|2
|move|p1a: Tyranitar|Crunch|p2a: Toxicroak
|-resisted|p2a: Toxicroak
|-damage|p2a: Toxicroak|154/307
|
|-weather|Sandstorm|[upkeep]
|-damage|p2a: Toxicroak|135/307|[from] sandstorm
|upkeep
|turn|19
|choice|move crunch|move drainpunch
|
|move|p2a: Toxicroak|Drain Punch|p1a: Tyranitar
|-supereffective|p1a: Tyranitar
|-enditem|p1a: Tyranitar|Chople Berry|[eat]
|-enditem|p1a: Tyranitar|Chople Berry|[weaken]
|-damage|p1a: Tyranitar|0 fnt
|-heal|p2a: Toxicroak|171/307|[from] drain|[of] p1a: Tyranitar
|-damage|p2a: Toxicroak|141/307|[from] item: Life Orb
|faint|p1a: Tyranitar
|
|-weather|Sandstorm|[upkeep]
|-damage|p2a: Toxicroak|122/307|[from] sandstorm
|upkeep
|choice|switch 5|
|
|switch|p1a: Jellicent|Jellicent, M|404/404
|-damage|p1a: Jellicent|354/404|[from] Stealth Rock
|turn|20
|choice|move willowisp|move icepunch
|
|move|p2a: Toxicroak|Ice Punch|p1a: Jellicent
|-resisted|p1a: Jellicent
|-damage|p1a: Jellicent|242/404
|-damage|p2a: Toxicroak|92/307|[from] item: Life Orb
|move|p1a: Jellicent|Will-O-Wisp|p2a: Toxicroak|[miss]
|-miss|p1a: Jellicent|p2a: Toxicroak
|
|-weather|Sandstorm|[upkeep]
|-damage|p2a: Toxicroak|73/307|[from] sandstorm
|-damage|p1a: Jellicent|217/404|[from] sandstorm
|-heal|p1a: Jellicent|242/404|[from] item: Leftovers
|upkeep
|turn|21
|choice|move recover|move swordsdance
|
|move|p2a: Toxicroak|Swords Dance|p2a: Toxicroak
|-boost|p2a: Toxicroak|atk|2
|move|p1a: Jellicent|Recover|p1a: Jellicent
|-heal|p1a: Jellicent|404/404
|
|-weather|Sandstorm|[upkeep]
|-damage|p2a: Toxicroak|54/307|[from] sandstorm
|-damage|p1a: Jellicent|379/404|[from] sandstorm
|-heal|p1a: Jellicent|404/404|[from] item: Leftovers
|upkeep
|turn|22
|choice|move recover|move icepunch
|
|move|p2a: Toxicroak|Ice Punch|p1a: Jellicent
|-resisted|p1a: Jellicent
|-damage|p1a: Jellicent|232/404
|-damage|p2a: Toxicroak|24/307|[from] item: Life Orb
|move|p1a: Jellicent|Recover|p1a: Jellicent
|-heal|p1a: Jellicent|404/404
|
|-weather|Sandstorm|[upkeep]
|-damage|p2a: Toxicroak|5/307|[from] sandstorm
|-damage|p1a: Jellicent|379/404|[from] sandstorm
|-heal|p1a: Jellicent|404/404|[from] item: Leftovers
|upkeep
|turn|23
|choice|move recover|move icepunch
|
|move|p2a: Toxicroak|Ice Punch|p1a: Jellicent
|-resisted|p1a: Jellicent
|-damage|p1a: Jellicent|227/404
|-damage|p2a: Toxicroak|0 fnt|[from] item: Life Orb
|faint|p2a: Toxicroak
|move|p1a: Jellicent|Recover|p1a: Jellicent
|-heal|p1a: Jellicent|404/404
|
|-weather|Sandstorm|[upkeep]
|-damage|p1a: Jellicent|379/404|[from] sandstorm
|-heal|p1a: Jellicent|404/404|[from] item: Leftovers
|upkeep
|choice||switch 5
|
|switch|p2a: Dragonite|Dragonite, M|243/323
|-damage|p2a: Dragonite|163/323|[from] Stealth Rock
|turn|24
|choice|switch 6|move outrage
|
|switch|p1a: Reuniclus|Reuniclus, M|419/419
|move|p2a: Dragonite|Outrage|p1a: Reuniclus
|-damage|p1a: Reuniclus|133/419
|
|-weather|Sandstorm|[upkeep]
|-damage|p2a: Dragonite|143/323|[from] sandstorm
|-heal|p1a: Reuniclus|159/419|[from] item: Leftovers
|upkeep
|turn|25
|choice|move psyshock|move outrage
|
|move|p2a: Dragonite|Outrage|p1a: Reuniclus|[from]lockedmove
|-damage|p1a: Reuniclus|0 fnt
|-start|p2a: Dragonite|confusion|[fatigue]
|faint|p1a: Reuniclus
|
|-weather|Sandstorm|[upkeep]
|-damage|p2a: Dragonite|123/323|[from] sandstorm
|upkeep
|choice|switch 3|
|
|switch|p1a: Garchomp|Garchomp, M, shiny|225/357
|-damage|p1a: Garchomp|203/357|[from] Stealth Rock
|turn|26
|choice|move earthquake|move outrage
|
|move|p1a: Garchomp|Earthquake|p2a: Dragonite
|-immune|p2a: Dragonite|[msg]
|-activate|p2a: Dragonite|confusion
|-damage|p2a: Dragonite|33/323|[from] confusion
|
|-weather|Sandstorm|[upkeep]
|-damage|p2a: Dragonite|13/323|[from] sandstorm
|upkeep
|turn|27
|choice|move earthquake|move outrage
|
|move|p1a: Garchomp|Earthquake|p2a: Dragonite
|-immune|p2a: Dragonite|[msg]
|-activate|p2a: Dragonite|confusion
|-damage|p2a: Dragonite|0 fnt|[from] confusion
|faint|p2a: Dragonite
|
|-weather|Sandstorm|[upkeep]
|upkeep
|choice||switch 3
|
|switch|p2a: Scizor|Scizor, M|318/318
|-damage|p2a: Scizor|279/318|[from] Stealth Rock
|-damage|p2a: Scizor|240/318|[from] Spikes
|turn|28
|choice|move earthquake|move swordsdance
|
|move|p1a: Garchomp|Earthquake|p2a: Scizor
|-damage|p2a: Scizor|69/318
|move|p2a: Scizor|Swords Dance|p2a: Scizor
|-boost|p2a: Scizor|atk|2
|
|-weather|Sandstorm|[upkeep]
|upkeep
|turn|29
|choice|move earthquake|move bulletpunch
|
|move|p2a: Scizor|Bullet Punch|p1a: Garchomp
|-damage|p1a: Garchomp|0 fnt
|-damage|p2a: Scizor|30/318|[from] ability: Rough Skin|[of] p1a: Garchomp
|faint|p1a: Garchomp
|
|-weather|Sandstorm|[upkeep]
|upkeep
|choice|switch 6|
|
|switch|p1a: Jellicent|Jellicent, M|404/404
|-damage|p1a: Jellicent|354/404|[from] Stealth Rock
|turn|30
|choice|move scald|move bugbite
|
|move|p2a: Scizor|Bug Bite|p1a: Jellicent
|-resisted|p1a: Jellicent
|-damage|p1a: Jellicent|176/404
|move|p1a: Jellicent|Scald|p2a: Scizor
|-damage|p2a: Scizor|0 fnt
|faint|p2a: Scizor
|
|win|Century Express
|player|p1
|player|p2
|c|★Dragon Lords3|lol
|c|★Dragon Lords3|so lucky
|c|★Dragon Lords3|fucking scrubs
|raw|Century Express's rating: 1473 &rarr; <strong>1490</strong><br />(+17 for winning)
|raw|Dragon Lords3's rating: 1421 &rarr; <strong>1404</strong><br />(-17 for losing)