|j|☆dt_ryukyu
|j|☆baixiaohen
|t:|1746354884
|gametype|singles
|player|p1|dt_ryukyu|elesa-gen5bw2|1315
|player|p2|baixiaohen|n|1425
|teamsize|p1|6
|teamsize|p2|6
|gen|5
|tier|[Gen 5] OU
|rated|
|rule|Species Clause: Limit one of each Pokémon
|rule|OHKO Clause: OHKO moves are banned
|rule|Moody Clause: Moody is banned
|rule|Evasion Items Clause: Evasion items are banned
|rule|Evasion Moves Clause: Evasion moves are banned
|rule|Endless Battle Clause: Forcing endless battles is banned
|rule|HP Percentage Mod: HP is shown in percentages
|rule|Evasion Abilities Clause: Evasion abilities are banned
|rule|Sleep Moves Clause: Sleep-inducing moves are banned
|rule|Swagger Clause: Swagger is banned
|rule|Baton Pass Stat Clause: No Baton Passer may have a way to boost its stats
|clearpoke
|poke|p1|Tyranitar, M|item
|poke|p1|Jellicent, M|item
|poke|p1|Heatran, M|item
|poke|p1|Landorus-Therian, M|item
|poke|p1|Excadrill, M|item
|poke|p1|Jirachi|item
|poke|p2|Latios, M|item
|poke|p2|Jirachi|item
|poke|p2|Starmie|item
|poke|p2|Dragonite, M|item
|poke|p2|Mamoswine, M|item
|poke|p2|Rotom-Wash|item
|teampreview
|inactive|Battle timer is ON: inactive players will automatically lose when time's up. (requested by baixiaohen)
|c|☆dt_ryukyu|glhf
|
|t:|1746354893
|start
|switch|p1a: Epsilon|Heatran, M|100/100
|switch|p2a: Rotom|Rotom-Wash|100/100
|-item|p1a: Epsilon|Air Balloon
|turn|1
|
|t:|1746354902
|move|p2a: Rotom|Trick|p1a: Epsilon
|-activate|p2a: Rotom|move: Trick|[of] p1a: Epsilon
|-item|p1a: Epsilon|Choice Scarf|[from] move: Trick
|-item|p2a: Rotom|Air Balloon
|-item|p2a: Rotom|Air Balloon|[from] move: Trick
|move|p1a: Epsilon|Sunny Day|p1a: Epsilon
|-weather|SunnyDay
|
|-weather|SunnyDay|[upkeep]
|upkeep
|turn|2
|
|t:|1746354914
|switch|p1a: Heracles|Excadrill, M|100/100
|-ability|p1a: Heracles|Mold Breaker
|move|p2a: Rotom|Will-O-Wisp|p1a: Heracles
|-status|p1a: Heracles|brn
|
|-weather|SunnyDay|[upkeep]
|-damage|p1a: Heracles|88/100 brn|[from] brn
|upkeep
|turn|3
|inactive|baixiaohen has 120 seconds left.
|
|t:|1746354946
|switch|p2a: Dragonite|Dragonite, M|100/100
|move|p1a: Heracles|Stealth Rock|p2a: Dragonite
|-sidestart|p2: baixiaohen|move: Stealth Rock
|
|-weather|SunnyDay|[upkeep]
|-heal|p1a: Heracles|94/100 brn|[from] item: Leftovers
|-damage|p1a: Heracles|82/100 brn|[from] brn
|upkeep
|turn|4
|
|t:|1746354952
|switch|p1a: North #2|Landorus-Therian, M|100/100
|-ability|p1a: North #2|Intimidate|boost
|-unboost|p2a: Dragonite|atk|1
|move|p2a: Dragonite|Dragon Dance|p2a: Dragonite
|-boost|p2a: Dragonite|atk|1
|-boost|p2a: Dragonite|spe|1
|
|-weather|SunnyDay|[upkeep]
|upkeep
|turn|5
|
|t:|1746354956
|move|p2a: Dragonite|Dragon Claw|p1a: North #2
|-damage|p1a: North #2|57/100
|move|p1a: North #2|Toxic|p2a: Dragonite
|-status|p2a: Dragonite|tox
|
|-weather|none
|-heal|p1a: North #2|63/100|[from] item: Leftovers
|-damage|p2a: Dragonite|94/100 tox|[from] psn
|upkeep
|turn|6
|
|t:|1746354963
|switch|p1a: Epsilon|Heatran, M|100/100
|move|p2a: Dragonite|Dragon Dance|p2a: Dragonite
|-boost|p2a: Dragonite|atk|1
|-boost|p2a: Dragonite|spe|1
|
|-heal|p2a: Dragonite|100/100 tox|[from] item: Leftovers
|-damage|p2a: Dragonite|88/100 tox|[from] psn
|upkeep
|turn|7
|
|t:|1746354968
|switch|p1a: North #2|Landorus-Therian, M|63/100
|-ability|p1a: North #2|Intimidate|boost
|-unboost|p2a: Dragonite|atk|1
|move|p2a: Dragonite|Dragon Claw|p1a: North #2
|-damage|p1a: North #2|19/100
|
|-heal|p2a: Dragonite|94/100 tox|[from] item: Leftovers
|-heal|p1a: North #2|25/100|[from] item: Leftovers
|-damage|p2a: Dragonite|76/100 tox|[from] psn
|upkeep
|turn|8
|
|t:|1746354973
|move|p2a: Dragonite|Dragon Claw|p1a: North #2
|-damage|p1a: North #2|0 fnt
|faint|p1a: North #2
|
|-heal|p2a: Dragonite|82/100 tox|[from] item: Leftovers
|-damage|p2a: Dragonite|57/100 tox|[from] psn
|upkeep
|
|t:|1746354985
|switch|p1a: Astro|Jirachi|100/100
|turn|9
|
|t:|1746354988
|move|p2a: Dragonite|Fire Punch|p1a: Astro
|-supereffective|p1a: Astro
|-damage|p1a: Astro|42/100
|move|p1a: Astro|Ice Punch|p2a: Dragonite
|-supereffective|p2a: Dragonite
|-damage|p2a: Dragonite|0 fnt
|faint|p2a: Dragonite
|
|upkeep
|
|t:|1746354998
|switch|p2a: Jirachi|Jirachi|100/100
|-damage|p2a: Jirachi|94/100|[from] Stealth Rock
|turn|10
|
|t:|1746355002
|switch|p1a: Epsilon|Heatran, M|100/100
|move|p2a: Jirachi|Stealth Rock|p1a: Epsilon
|-sidestart|p1: dt_ryukyu|move: Stealth Rock
|
|-heal|p2a: Jirachi|100/100|[from] item: Leftovers
|upkeep
|turn|11
|
|t:|1746355019
|switch|p2a: Starmie|Starmie|100/100
|-damage|p2a: Starmie|88/100|[from] Stealth Rock
|move|p1a: Epsilon|Magma Storm|p2a: Starmie
|-resisted|p2a: Starmie
|-damage|p2a: Starmie|39/100
|-activate|p2a: Starmie|move: Magma Storm|[of] p1a: Epsilon
|
|-damage|p2a: Starmie|33/100|[from] move: Magma Storm|[partiallytrapped]
|upkeep
|turn|12
|
|t:|1746355026
|move|p1a: Epsilon|Magma Storm|p2a: Starmie
|-resisted|p2a: Starmie
|-damage|p2a: Starmie|0 fnt
|faint|p2a: Starmie
|
|upkeep
|
|t:|1746355033
|switch|p2a: Rotom|Rotom-Wash|100/100
|-damage|p2a: Rotom|88/100|[from] Stealth Rock
|-item|p2a: Rotom|Air Balloon
|turn|13
|
|t:|1746355038
|move|p1a: Epsilon|Magma Storm|p2a: Rotom
|-resisted|p2a: Rotom
|-damage|p2a: Rotom|50/100
|-activate|p2a: Rotom|move: Magma Storm|[of] p1a: Epsilon
|-enditem|p2a: Rotom|Air Balloon
|move|p2a: Rotom|Thunder Wave|p1a: Epsilon
|-status|p1a: Epsilon|par
|
|-damage|p2a: Rotom|44/100|[from] move: Magma Storm|[partiallytrapped]
|upkeep
|turn|14
|
|t:|1746355045
|move|p2a: Rotom|Volt Switch|p1a: Epsilon
|-damage|p1a: Epsilon|75/100 par
|
|t:|1746355049
|switch|p2a: Latios|Latios, M|100/100|[from] Volt Switch
|-damage|p2a: Latios|88/100|[from] Stealth Rock
|cant|p1a: Epsilon|par
|
|upkeep
|turn|15
|
|t:|1746355056
|move|p2a: Latios|Surf|p1a: Epsilon
|-supereffective|p1a: Epsilon
|-damage|p1a: Epsilon|9/100 par
|cant|p1a: Epsilon|par
|
|upkeep
|turn|16
|
|t:|1746355065
|move|p2a: Latios|Surf|p1a: Epsilon
|-supereffective|p1a: Epsilon
|-damage|p1a: Epsilon|0 fnt
|faint|p1a: Epsilon
|
|upkeep
|
|t:|1746355073
|switch|p1a: Mont Blanc|Jellicent, M|100/100
|-damage|p1a: Mont Blanc|88/100|[from] Stealth Rock
|turn|17
|
|t:|1746355084
|switch|p2a: Rotom|Rotom-Wash|44/100
|-damage|p2a: Rotom|32/100|[from] Stealth Rock
|move|p1a: Mont Blanc|Taunt|p2a: Rotom
|-start|p2a: Rotom|move: Taunt
|
|-heal|p1a: Mont Blanc|94/100|[from] item: Leftovers
|upkeep
|turn|18
|
|t:|1746355093
|move|p2a: Rotom|Volt Switch|p1a: Mont Blanc
|-supereffective|p1a: Mont Blanc
|-damage|p1a: Mont Blanc|52/100
|
|t:|1746355098
|switch|p2a: Latios|Latios, M|88/100|[from] Volt Switch
|-damage|p2a: Latios|76/100|[from] Stealth Rock
|move|p1a: Mont Blanc|Scald|p2a: Latios
|-resisted|p2a: Latios
|-damage|p2a: Latios|63/100
|-status|p2a: Latios|brn
|
|-heal|p1a: Mont Blanc|58/100|[from] item: Leftovers
|-damage|p2a: Latios|50/100 brn|[from] brn
|upkeep
|turn|19
|
|t:|1746355106
|switch|p1a: Astro|Jirachi|42/100
|-damage|p1a: Astro|36/100|[from] Stealth Rock
|move|p2a: Latios|Trick|p1a: Astro
|-activate|p2a: Latios|move: Trick|[of] p1a: Astro
|-item|p1a: Astro|Choice Scarf|[from] move: Trick
|-item|p2a: Latios|Choice Scarf|[from] move: Trick
|
|-damage|p2a: Latios|38/100 brn|[from] brn
|upkeep
|turn|20
|
|t:|1746355118
|switch|p1a: Brando|Tyranitar, M|100/100
|-damage|p1a: Brando|88/100|[from] Stealth Rock
|-weather|Sandstorm|[from] ability: Sand Stream|[of] p1a: Brando
|move|p2a: Latios|Surf|p1a: Brando
|-supereffective|p1a: Brando
|-crit|p1a: Brando
|-damage|p1a: Brando|38/100
|
|-weather|Sandstorm|[upkeep]
|-damage|p2a: Latios|32/100 brn|[from] Sandstorm
|-damage|p2a: Latios|20/100 brn|[from] brn
|upkeep
|turn|21
|
|t:|1746355127
|move|p2a: Latios|Surf|p1a: Brando
|-supereffective|p1a: Brando
|-damage|p1a: Brando|11/100
|move|p1a: Brando|Pursuit|p2a: Latios
|-supereffective|p2a: Latios
|-damage|p2a: Latios|0 fnt
|faint|p2a: Latios
|
|-weather|Sandstorm|[upkeep]
|upkeep
|
|t:|1746355138
|switch|p2a: Jirachi|Jirachi|100/100
|-damage|p2a: Jirachi|94/100|[from] Stealth Rock
|turn|22
|
|t:|1746355146
|move|p2a: Jirachi|Wish|p2a: Jirachi
|move|p1a: Brando|Pursuit|p2a: Jirachi
|-damage|p2a: Jirachi|78/100
|
|-weather|Sandstorm|[upkeep]
|-heal|p2a: Jirachi|85/100|[from] item: Leftovers
|upkeep
|turn|23
|
|t:|1746355153
|switch|p2a: Rotom|Rotom-Wash|32/100
|-damage|p2a: Rotom|19/100|[from] Stealth Rock
|move|p1a: Brando|Ice Beam|p2a: Rotom
|-resisted|p2a: Rotom
|-crit|p2a: Rotom
|-damage|p2a: Rotom|0 fnt
|faint|p2a: Rotom
|
|-weather|Sandstorm|[upkeep]
|upkeep
|
|t:|1746355165
|switch|p2a: Jirachi|Jirachi|85/100
|-damage|p2a: Jirachi|78/100|[from] Stealth Rock
|turn|24
|
|t:|1746355170
|move|p2a: Jirachi|Iron Head|p1a: Brando
|-supereffective|p1a: Brando
|-damage|p1a: Brando|0 fnt
|faint|p1a: Brando
|
|-weather|Sandstorm|[upkeep]
|-heal|p2a: Jirachi|85/100|[from] item: Leftovers
|upkeep
|
|t:|1746355174
|switch|p1a: Heracles|Excadrill, M|82/100 brn
|-damage|p1a: Heracles|79/100 brn|[from] Stealth Rock
|-ability|p1a: Heracles|Mold Breaker
|turn|25
|
|t:|1746355180
|move|p1a: Heracles|Earthquake|p2a: Jirachi
|-supereffective|p2a: Jirachi
|-damage|p2a: Jirachi|38/100
|move|p2a: Jirachi|Iron Head|p1a: Heracles
|-resisted|p1a: Heracles
|-damage|p1a: Heracles|59/100 brn
|
|-weather|Sandstorm|[upkeep]
|-heal|p1a: Heracles|65/100 brn|[from] item: Leftovers
|-heal|p2a: Jirachi|44/100|[from] item: Leftovers
|-damage|p1a: Heracles|53/100 brn|[from] brn
|upkeep
|turn|26
|
|t:|1746355191
|move|p1a: Heracles|Earthquake|p2a: Jirachi
|-supereffective|p2a: Jirachi
|-damage|p2a: Jirachi|0 fnt
|faint|p2a: Jirachi
|
|-weather|Sandstorm|[upkeep]
|-heal|p1a: Heracles|59/100 brn|[from] item: Leftovers
|-damage|p1a: Heracles|46/100 brn|[from] brn
|upkeep
|
|t:|1746355194
|switch|p2a: Mamoswine|Mamoswine, M|100/100
|-damage|p2a: Mamoswine|88/100|[from] Stealth Rock
|turn|27
|
|t:|1746355198
|move|p2a: Mamoswine|Ice Shard|p1a: Heracles
|-damage|p1a: Heracles|7/100 brn
|-damage|p2a: Mamoswine|78/100|[from] item: Life Orb
|move|p1a: Heracles|Rapid Spin|p2a: Mamoswine
|-damage|p2a: Mamoswine|74/100
|-sideend|p1: dt_ryukyu|Stealth Rock|[from] move: Rapid Spin|[of] p1a: Heracles
|
|-weather|Sandstorm|[upkeep]
|-heal|p1a: Heracles|13/100 brn|[from] item: Leftovers
|-damage|p1a: Heracles|1/100 brn|[from] brn
|upkeep
|turn|28
|
|t:|1746355206
|move|p2a: Mamoswine|Ice Shard|p1a: Heracles
|-damage|p1a: Heracles|0 fnt
|faint|p1a: Heracles
|-damage|p2a: Mamoswine|64/100|[from] item: Life Orb
|
|-weather|Sandstorm|[upkeep]
|upkeep
|
|t:|1746355208
|switch|p1a: Mont Blanc|Jellicent, M|58/100
|turn|29
|
|t:|1746355210
|move|p2a: Mamoswine|Earthquake|p1a: Mont Blanc
|-damage|p1a: Mont Blanc|2/100
|-damage|p2a: Mamoswine|54/100|[from] item: Life Orb
|move|p1a: Mont Blanc|Recover|p1a: Mont Blanc
|-heal|p1a: Mont Blanc|52/100
|
|-weather|Sandstorm|[upkeep]
|-damage|p1a: Mont Blanc|46/100|[from] Sandstorm
|-heal|p1a: Mont Blanc|52/100|[from] item: Leftovers
|upkeep
|turn|30
|
|t:|1746355219
|move|p2a: Mamoswine|Earthquake|p1a: Mont Blanc
|-damage|p1a: Mont Blanc|0 fnt
|faint|p1a: Mont Blanc
|-damage|p2a: Mamoswine|44/100|[from] item: Life Orb
|
|-weather|Sandstorm|[upkeep]
|upkeep
|
|t:|1746355221
|switch|p1a: Astro|Jirachi|36/100
|turn|31
|
|t:|1746355225
|move|p1a: Astro|Iron Head|p2a: Mamoswine
|-supereffective|p2a: Mamoswine
|-damage|p2a: Mamoswine|0 fnt
|faint|p2a: Mamoswine
|
|win|dt_ryukyu
|raw|dt_ryukyu's rating: 1315 &rarr; <strong>1341</strong><br />(+26 for winning)
|raw|baixiaohen's rating: 1425 &rarr; <strong>1399</strong><br />(-26 for losing)
|c|☆dt_ryukyu|ggwp
