|join|latios77
|join|toomanyefforts
|player|p1|latios77|101
|player|p2|toomanyefforts|290
|gametype|singles
|gen|5
|tier|[Gen 5] OU
|rated
|rule|Evasion Abilities Clause: Evasion abilities are banned
|clearpoke
|poke|p1|Landorus-Therian, M, shiny
|poke|p1|Rotom-Wash, shiny
|poke|p1|Latias, F, shiny
|poke|p1|Ditto
|poke|p1|Registeel
|poke|p1|Keldeo, shiny
|poke|p2|Magnezone
|poke|p2|Mamoswine, F
|poke|p2|Latios, M
|poke|p2|Dragonite, F
|poke|p2|Jirachi
|poke|p2|Heatran, F
|rule|Sleep Clause Mod: Limit one foe put to sleep
|rule|Species Clause: Limit one of each Pokemon
|rule|OHKO Clause: OHKO moves are banned
|rule|Moody Clause: Moody is banned
|rule|Evasion Moves Clause: Evasion moves are banned
|rule|Endless Battle Clause: Forcing endless battles is banned.
|rule|HP Percentage Mod: HP is reported as percentages
|teampreview
|chat|latios77|gl
|
|start
|switch|p1a: Overused|Keldeo, shiny|323/323
|switch|p2a: Mamoswine|Mamoswine, F|362/362
|turn|1
|
|move|p1a: Overused|Surf|p2a: Mamoswine
|-supereffective|p2a: Mamoswine
|-enditem|p2a: Mamoswine|Focus Sash
|-damage|p2a: Mamoswine|1/362
|move|p2a: Mamoswine|Stealth Rock|p1a: Overused
|-sidestart|p1: latios77|move: Stealth Rock
|
|turn|2
|
|move|p1a: Overused|Hidden Power|p2a: Mamoswine
|-damage|p2a: Mamoswine|0 fnt
|faint|p2a: Mamoswine
|
|
|switch|p2a: Latios|Latios, M|302/302
|turn|3
|
|switch|p1a: Underated|Registeel|363/363
|-damage|p1a: Underated|341/363|[from] Stealth Rock
|move|p2a: Latios|Draco Meteor|p1a: Underated
|-crit|p1a: Underated
|-resisted|p1a: Underated
|-damage|p1a: Underated|58/363
|-unboost|p2a: Latios|spa|2
|
|-heal|p1a: Underated|80/363|[from] item: Leftovers
|turn|4
|
|move|p2a: Latios|Draco Meteor|p1a: Underated
|-resisted|p1a: Underated
|-damage|p1a: Underated|17/363
|-unboost|p2a: Latios|spa|2
|move|p1a: Underated|Thunder Wave|p2a: Latios
|-status|p2a: Latios|par
|
|-heal|p1a: Underated|39/363|[from] item: Leftovers
|turn|5
|
|move|p1a: Underated|Stealth Rock|p2a: Latios
|-sidestart|p2: toomanyefforts|move: Stealth Rock
|cant|p2a: Latios|par
|
|-heal|p1a: Underated|61/363|[from] item: Leftovers
|turn|6
|
|switch|p2a: Magnezone|Magnezone|318/318
|-damage|p2a: Magnezone|299/318|[from] Stealth Rock
|move|p1a: Underated|Ice Punch|p2a: Magnezone
|-resisted|p2a: Magnezone
|-damage|p2a: Magnezone|269/318
|
|-heal|p2a: Magnezone|288/318|[from] item: Leftovers
|-heal|p1a: Underated|83/363|[from] item: Leftovers
|turn|7
|
|move|p2a: Magnezone|Substitute|p2a: Magnezone
|-start|p2a: Magnezone|Substitute
|-damage|p2a: Magnezone|209/318
|move|p1a: Underated|Earthquake|p2a: Magnezone
|-supereffective|p2a: Magnezone
|-end|p2a: Magnezone|Substitute
|
|-heal|p2a: Magnezone|228/318|[from] item: Leftovers
|-heal|p1a: Underated|105/363|[from] item: Leftovers
|turn|8
|
|move|p2a: Magnezone|Thunderbolt|p1a: Underated
|-damage|p1a: Underated|0 fnt
|faint|p1a: Underated
|
|-heal|p2a: Magnezone|247/318|[from] item: Leftovers
|
|switch|p1a: Overused|Keldeo, shiny|323/323
|-damage|p1a: Overused|303/323|[from] Stealth Rock
|turn|9
|
|move|p1a: Overused|Secret Sword|p2a: Magnezone
|-supereffective|p2a: Magnezone
|-damage|p2a: Magnezone|0 fnt
|faint|p2a: Magnezone
|
|
|switch|p2a: Latios|Latios, M|302/302 par
|-damage|p2a: Latios|265/302 par|[from] Stealth Rock
|turn|10
|
|move|p1a: Overused|Hidden Power|p2a: Latios
|-supereffective|p2a: Latios
|-damage|p2a: Latios|119/302 par
|move|p2a: Latios|Draco Meteor|p1a: Overused|[miss]
|-miss|p2a: Latios|p1a: Overused
|
|turn|11
|
|move|p1a: Overused|Hidden Power|p2a: Latios
|-supereffective|p2a: Latios
|-damage|p2a: Latios|0 fnt
|faint|p2a: Latios
|
|-message|toomanyefforts forfeited.
|
|win|latios77
|raw|Ladder updating...
|raw|latios77's rating: 1269 &rarr; <strong>1304</strong><br />(+35 for winning)
|raw|toomanyefforts's rating: 1402 &rarr; <strong>1375</strong><br />(-27 for losing)
|leave|toomanyefforts
|player|p2