|join|ashiemore
|join|marky boy
|player|p1|ashiemore|25
|player|p2|marky boy|169
|gametype|singles
|gen|5
|tier|[Gen 5] OU
|rated
|rule|Evasion Abilities Clause: Evasion abilities are banned
|clearpoke
|poke|p1|Kyurem-Black
|poke|p1|Magnezone
|poke|p1|Alakazam, M
|poke|p1|Latios, M
|poke|p1|Gliscor, F
|poke|p1|Salamence, M
|poke|p2|Whimsicott, M
|poke|p2|Chansey, F
|poke|p2|Wobbuffet, M
|poke|p2|Gothitelle, M
|poke|p2|Forretress, M
|poke|p2|Dragonite, M
|rule|Sleep Clause Mod: Limit one foe put to sleep
|rule|Species Clause: Limit one of each Pokemon
|rule|OHKO Clause: OHKO moves are banned
|rule|Moody Clause: Moody is banned
|rule|Evasion Moves Clause: Evasion moves are banned
|rule|Endless Battle Clause: Forcing endless battles is banned.
|rule|HP Percentage Mod: HP is reported as percentages
|teampreview
|
|start
|switch|p1a: Latios|Latios, M|302/302
|switch|p2a: Dragonite|Dragonite, M|323/323
|turn|1
|
|move|p1a: Latios|Trick|p2a: Dragonite
|-activate|p1a: Latios|move: Trick|[of] p2a: Dragonite
|-item|p2a: Dragonite|Choice Specs|[from] move: Trick
|-item|p1a: Latios|Choice Band|[from] move: Trick
|move|p2a: Dragonite|Outrage|p1a: Latios
|-supereffective|p1a: Latios
|-damage|p1a: Latios|0 fnt
|faint|p1a: Latios
|
|
|switch|p1a: Gliscor|Gliscor, F|354/354
|turn|2
|
|move|p2a: Dragonite|Outrage|p1a: Gliscor
|-damage|p1a: Gliscor|210/354
|move|p1a: Gliscor|Substitute|p1a: Gliscor
|-start|p1a: Gliscor|Substitute
|-damage|p1a: Gliscor|122/354
|
|-status|p1a: Gliscor|tox|[from] item: Toxic Orb
|turn|3
|
|move|p1a: Gliscor|Protect|p1a: Gliscor
|-singleturn|p1a: Gliscor|Protect
|move|p2a: Dragonite|Outrage|p1a: Gliscor
|-activate|p1a: Gliscor|Protect
|
|-end|p2a: Dragonite|rampage
|-start|p2a: Dragonite|confusion
|-heal|p1a: Gliscor|166/354 tox|[from] ability: Poison Heal
|turn|4
|
|switch|p2a: Whimsicott|Whimsicott, M|324/324
|move|p1a: Gliscor|Toxic|p2a: Whimsicott|[miss]
|-miss|p1a: Gliscor|p2a: Whimsicott
|
|-heal|p1a: Gliscor|210/354 tox|[from] ability: Poison Heal
|turn|5
|
|switch|p1a: Alakazam|Alakazam, M|252/252
|move|p2a: Whimsicott|Taunt|p1a: Alakazam
|-start|p1a: Alakazam|move: Taunt
|
|turn|6
|
|switch|p1a: Gliscor|Gliscor, F|210/354 tox
|move|p2a: Whimsicott|Substitute|p2a: Whimsicott
|-start|p2a: Whimsicott|Substitute
|-damage|p2a: Whimsicott|243/324
|
|-heal|p2a: Whimsicott|263/324|[from] item: Leftovers
|-heal|p1a: Gliscor|254/354 tox|[from] ability: Poison Heal
|turn|7
|
|move|p1a: Gliscor|Protect|p1a: Gliscor
|-singleturn|p1a: Gliscor|Protect
|move|p2a: Whimsicott|Leech Seed|p1a: Gliscor
|-activate|p1a: Gliscor|Protect
|
|-heal|p2a: Whimsicott|283/324|[from] item: Leftovers
|-heal|p1a: Gliscor|298/354 tox|[from] ability: Poison Heal
|turn|8
|
|switch|p1a: Alakazam|Alakazam, M|252/252
|move|p2a: Whimsicott|Taunt|p1a: Alakazam
|-start|p1a: Alakazam|move: Taunt
|
|-heal|p2a: Whimsicott|303/324|[from] item: Leftovers
|turn|9
|
|move|p2a: Whimsicott|Leech Seed|p1a: Alakazam
|-start|p1a: Alakazam|move: Leech Seed
|move|p1a: Alakazam|Signal Beam|p2a: Whimsicott
|-supereffective|p2a: Whimsicott
|-end|p2a: Whimsicott|Substitute
|
|-heal|p2a: Whimsicott|323/324|[from] item: Leftovers
|turn|10
|
|switch|p1a: Gliscor|Gliscor, F|298/354 tox
|switch|p2a: Dragonite|Dragonite, M|323/323
|
|-heal|p1a: Gliscor|342/354 tox|[from] ability: Poison Heal
|turn|11
|
|switch|p2a: Forretress|Forretress, M|353/353
|move|p1a: Gliscor|Toxic|p2a: Forretress|[miss]
|-miss|p1a: Gliscor|p2a: Forretress
|
|-heal|p1a: Gliscor|354/354 tox|[from] ability: Poison Heal
|turn|12
|
|switch|p1a: Kyurem-Black|Kyurem-Black|400/400
|-ability|p1a: Kyurem-Black|Teravolt
|move|p2a: Forretress|Stealth Rock|p1a: Kyurem-Black
|-sidestart|p1: ashiemore|move: Stealth Rock
|
|turn|13
|
|switch|p1a: Magnezone|Magnezone|344/344
|-damage|p1a: Magnezone|323/344|[from] Stealth Rock
|move|p2a: Forretress|Gyro Ball|p1a: Magnezone
|-resisted|p1a: Magnezone
|-damage|p1a: Magnezone|309/344
|
|turn|14
|
|move|p1a: Magnezone|Volt Switch|p2a: Forretress
|-damage|p2a: Forretress|35/353
|
|switch|p1a: Kyurem-Black|Kyurem-Black|400/400
|-damage|p1a: Kyurem-Black|300/400|[from] Stealth Rock
|-ability|p1a: Kyurem-Black|Teravolt
|move|p2a: Forretress|Earthquake|p1a: Kyurem-Black
|-damage|p1a: Kyurem-Black|207/400
|
|-heal|p2a: Forretress|57/353|[from] item: Leftovers
|turn|15
|chat|marky boy|lol got me htere
|chat|marky boy|thought ud hp fire
|chat|ashiemore|lol
|
|switch|p2a: Whimsicott|Whimsicott, M|323/324
|move|p1a: Kyurem-Black|Dragon Claw|p2a: Whimsicott
|-damage|p2a: Whimsicott|80/324
|-damage|p1a: Kyurem-Black|167/400|[from] item: Life Orb
|
|-heal|p2a: Whimsicott|100/324|[from] item: Leftovers
|turn|16
|
|switch|p2a: Forretress|Forretress, M|57/353
|move|p1a: Kyurem-Black|Dragon Claw|p2a: Forretress
|-resisted|p2a: Forretress
|-damage|p2a: Forretress|0 fnt
|-damage|p1a: Kyurem-Black|127/400|[from] item: Life Orb
|faint|p2a: Forretress
|
|
|switch|p2a: Dragonite|Dragonite, M|323/323
|turn|17
|join|JigglykongisFUM16
|
|switch|p1a: Gliscor|Gliscor, F|354/354 tox
|-damage|p1a: Gliscor|310/354 tox|[from] Stealth Rock
|move|p2a: Dragonite|Extreme Speed|p1a: Gliscor
|-damage|p1a: Gliscor|245/354 tox
|
|-heal|p1a: Gliscor|289/354 tox|[from] ability: Poison Heal
|turn|18
|
|move|p2a: Dragonite|Extreme Speed|p1a: Gliscor
|-damage|p1a: Gliscor|221/354 tox
|move|p1a: Gliscor|Toxic|p2a: Dragonite
|-status|p2a: Dragonite|tox
|
|-damage|p2a: Dragonite|303/323 tox|[from] psn
|-heal|p1a: Gliscor|265/354 tox|[from] ability: Poison Heal
|turn|19
|
|switch|p2a: Wobbuffet|Wobbuffet, M|583/583
|move|p1a: Gliscor|Toxic|p2a: Wobbuffet
|-status|p2a: Wobbuffet|tox
|
|-heal|p1a: Gliscor|309/354 tox|[from] ability: Poison Heal
|-damage|p2a: Wobbuffet|547/583 tox|[from] psn
|turn|20
|
|move|p1a: Gliscor|Protect|p1a: Gliscor
|-singleturn|p1a: Gliscor|Protect
|move|p2a: Wobbuffet|Encore|p1a: Gliscor
|-activate|p1a: Gliscor|Protect
|
|-heal|p2a: Wobbuffet|583/583 tox|[from] item: Leftovers
|-heal|p1a: Gliscor|353/354 tox|[from] ability: Poison Heal
|-damage|p2a: Wobbuffet|511/583 tox|[from] psn
|turn|21
|
|move|p1a: Gliscor|Substitute|p1a: Gliscor
|-start|p1a: Gliscor|Substitute
|-damage|p1a: Gliscor|265/354 tox
|move|p2a: Wobbuffet|Encore|p1a: Gliscor
|-start|p1a: Gliscor|Encore
|
|-heal|p2a: Wobbuffet|547/583 tox|[from] item: Leftovers
|-heal|p1a: Gliscor|309/354 tox|[from] ability: Poison Heal
|-damage|p2a: Wobbuffet|439/583 tox|[from] psn
|turn|22
|
|switch|p2a: Chansey|Chansey, F|703/703
|move|p1a: Gliscor|Substitute|p1a: Gliscor
|-fail|p1a: Gliscor|move: Substitute
|
|-heal|p1a: Gliscor|353/354 tox|[from] ability: Poison Heal
|turn|23
|
|switch|p1a: Kyurem-Black|Kyurem-Black|127/400
|-damage|p1a: Kyurem-Black|27/400|[from] Stealth Rock
|-ability|p1a: Kyurem-Black|Teravolt
|move|p2a: Chansey|Heal Bell|p2a: Chansey
|-cureteam|p2a: Chansey|[from] move: HealBell
|
|turn|24
|
|move|p1a: Kyurem-Black|Dragon Claw|p2a: Chansey
|-damage|p2a: Chansey|333/703
|-damage|p1a: Kyurem-Black|0 fnt|[from] item: Life Orb
|faint|p1a: Kyurem-Black
|move|p2a: Chansey|Toxic|p1: Kyurem-Black|[notarget]
|-notarget
|
|
|switch|p1a: Salamence|Salamence, M|331/331
|-damage|p1a: Salamence|249/331|[from] Stealth Rock
|turn|25
|
|switch|p2a: Whimsicott|Whimsicott, M|100/324
|move|p1a: Salamence|Outrage|p2a: Whimsicott
|-damage|p2a: Whimsicott|0 fnt
|faint|p2a: Whimsicott
|-boost|p1a: Salamence|atk|1|[from] ability: Moxie
|
|
|switch|p2a: Wobbuffet|Wobbuffet, M|439/583
|turn|26
|
|move|p1a: Salamence|Outrage|p2a: Wobbuffet
|-damage|p2a: Wobbuffet|0 fnt
|faint|p2a: Wobbuffet
|-boost|p1a: Salamence|atk|1|[from] ability: Moxie
|
|
|switch|p2a: Gothitelle|Gothitelle, M|344/344
|turn|27
|
|move|p1a: Salamence|Outrage|p2a: Gothitelle
|-damage|p2a: Gothitelle|0 fnt
|faint|p2a: Gothitelle
|-boost|p1a: Salamence|atk|1|[from] ability: Moxie
|
|-end|p1a: Salamence|rampage
|-start|p1a: Salamence|confusion
|
|switch|p2a: Dragonite|Dragonite, M|303/323
|turn|28
|
|switch|p1a: Magnezone|Magnezone|309/344
|-damage|p1a: Magnezone|288/344|[from] Stealth Rock
|move|p2a: Dragonite|Outrage|p1a: Magnezone
|-resisted|p1a: Magnezone
|-damage|p1a: Magnezone|187/344
|
|turn|29
|
|move|p2a: Dragonite|Outrage|p1a: Magnezone
|-resisted|p1a: Magnezone
|-damage|p1a: Magnezone|88/344
|move|p1a: Magnezone|Volt Switch|p2a: Dragonite
|-damage|p2a: Dragonite|98/323
|-message|marky boy forfeited.
|
|win|ashiemore
|raw|Ladder updating...
|raw|ashiemore's rating: 1393 &rarr; <strong>1409</strong><br />(+16 for winning)
|raw|marky boy's rating: 1320 &rarr; <strong>1305</strong><br />(-15 for losing)
|leave|marky boy
|player|p2
|chat|ashiemore|YAAAAY!!!!
|leave|JigglykongisFUM16
|chat|ashiemore|I finally beat marky boy
|chat|ashiemore|roflmao