|j|‽Yung Girl Lillie
|j|☆Spritzalcianuro96
|t:|1596206438
|player|p1|Yung Girl Lillie|lillie|1392
|player|p2|Spritzalcianuro96|ghetsis-gen5bw|1385
|teamsize|p1|6
|teamsize|p2|6
|gametype|singles
|gen|5
|tier|[Gen 5] OU
|rated|
|clearpoke
|poke|p1|Skarmory, M|item
|poke|p1|Gastrodon, M|item
|poke|p1|Reuniclus, M|item
|poke|p1|Tyranitar, M|item
|poke|p1|Latias, F|item
|poke|p1|Heatran, M|item
|poke|p2|Hippowdon, F|item
|poke|p2|Ferrothorn, M|item
|poke|p2|Keldeo|item
|poke|p2|Hydreigon, M|item
|poke|p2|Reuniclus, F|item
|poke|p2|Starmie|item
|rule|Species Clause: Limit one of each Pokémon
|rule|OHKO Clause: OHKO moves are banned
|rule|Moody Clause: Moody is banned
|rule|Evasion Moves Clause: Evasion moves are banned
|rule|Endless Battle Clause: Forcing endless battles is banned
|rule|HP Percentage Mod: HP is shown in percentages
|rule|Evasion Abilities Clause: Evasion abilities are banned
|rule|Baton Pass Clause: Limit one Baton Passer, can't pass Spe and other stats simultaneously
|rule|Sleep Clause: Sleep-inducing moves are banned
|rule|Swagger Clause: Swagger is banned
|teampreview
|
|t:|1596206448
|start
|switch|p1a: Tyranitar|Tyranitar, M|100/100
|switch|p2a: Hydreigon|Hydreigon, M|100/100
|-weather|Sandstorm|[from] ability: Sand Stream|[of] p1a: Tyranitar
|turn|1
|
|t:|1596206450
|move|p2a: Hydreigon|Substitute|p2a: Hydreigon
|-start|p2a: Hydreigon|Substitute
|-damage|p2a: Hydreigon|76/100
|move|p1a: Tyranitar|Stealth Rock|p2a: Hydreigon
|-sidestart|p2: Spritzalcianuro96|move: Stealth Rock
|
|-weather|Sandstorm|[upkeep]
|-damage|p2a: Hydreigon|70/100|[from] Sandstorm
|-heal|p2a: Hydreigon|76/100|[from] item: Leftovers
|upkeep
|turn|2
|
|t:|1596206456
|move|p2a: Hydreigon|Focus Blast|p1a: Tyranitar
|-supereffective|p1a: Tyranitar
|-enditem|p1a: Tyranitar|Chople Berry|[eat]
|-enditem|p1a: Tyranitar|Chople Berry|[weaken]
|-damage|p1a: Tyranitar|60/100
|move|p1a: Tyranitar|Stone Edge|p2a: Hydreigon|[miss]
|-miss|p1a: Tyranitar|p2a: Hydreigon
|
|-weather|Sandstorm|[upkeep]
|-damage|p2a: Hydreigon|70/100|[from] Sandstorm
|-heal|p2a: Hydreigon|76/100|[from] item: Leftovers
|upkeep
|turn|3
|
|t:|1596206465
|switch|p1a: Gastrodon|Gastrodon, M|100/100
|move|p2a: Hydreigon|Focus Blast|p1a: Gastrodon
|-damage|p1a: Gastrodon|62/100
|
|-weather|Sandstorm|[upkeep]
|-damage|p2a: Hydreigon|70/100|[from] Sandstorm
|-heal|p2a: Hydreigon|76/100|[from] item: Leftovers
|-heal|p1a: Gastrodon|68/100|[from] item: Leftovers
|upkeep
|turn|4
|
|t:|1596206475
|move|p2a: Hydreigon|Dark Pulse|p1a: Gastrodon
|-damage|p1a: Gastrodon|27/100
|move|p1a: Gastrodon|Recover|p1a: Gastrodon
|-heal|p1a: Gastrodon|77/100
|
|-weather|Sandstorm|[upkeep]
|-damage|p2a: Hydreigon|70/100|[from] Sandstorm
|-heal|p2a: Hydreigon|76/100|[from] item: Leftovers
|-heal|p1a: Gastrodon|84/100|[from] item: Leftovers
|upkeep
|turn|5
|
|t:|1596206480
|move|p2a: Hydreigon|Dark Pulse|p1a: Gastrodon
|-damage|p1a: Gastrodon|41/100
|move|p1a: Gastrodon|Scald|p2a: Hydreigon
|-resisted|p2a: Hydreigon
|-activate|p2a: Hydreigon|Substitute|[damage]
|
|-weather|Sandstorm|[upkeep]
|-damage|p2a: Hydreigon|70/100|[from] Sandstorm
|-heal|p2a: Hydreigon|76/100|[from] item: Leftovers
|-heal|p1a: Gastrodon|47/100|[from] item: Leftovers
|upkeep
|turn|6
|
|t:|1596206485
|move|p2a: Hydreigon|Dark Pulse|p1a: Gastrodon
|-damage|p1a: Gastrodon|6/100
|cant|p1a: Gastrodon|flinch
|
|-weather|Sandstorm|[upkeep]
|-damage|p2a: Hydreigon|70/100|[from] Sandstorm
|-heal|p2a: Hydreigon|76/100|[from] item: Leftovers
|-heal|p1a: Gastrodon|12/100|[from] item: Leftovers
|upkeep
|turn|7
|
|t:|1596206490
|switch|p1a: Skarmory|Skarmory, M|100/100
|move|p2a: Hydreigon|Dark Pulse|p1a: Skarmory
|-resisted|p1a: Skarmory
|-damage|p1a: Skarmory|73/100
|
|-weather|Sandstorm|[upkeep]
|-damage|p2a: Hydreigon|70/100|[from] Sandstorm
|-heal|p2a: Hydreigon|76/100|[from] item: Leftovers
|upkeep
|turn|8
|
|t:|1596206497
|move|p2a: Hydreigon|Fire Blast|p1a: Skarmory
|-supereffective|p1a: Skarmory
|-damage|p1a: Skarmory|0 fnt
|faint|p1a: Skarmory
|
|-weather|Sandstorm|[upkeep]
|-damage|p2a: Hydreigon|70/100|[from] Sandstorm
|-heal|p2a: Hydreigon|76/100|[from] item: Leftovers
|upkeep
|
|t:|1596206499
|switch|p1a: Heatran|Heatran, M|100/100
|turn|9
|
|t:|1596206507
|move|p1a: Heatran|Hidden Power|p2a: Hydreigon
|-supereffective|p2a: Hydreigon
|-end|p2a: Hydreigon|Substitute
|move|p2a: Hydreigon|Focus Blast|p1a: Heatran|[miss]
|-miss|p2a: Hydreigon|p1a: Heatran
|
|-weather|Sandstorm|[upkeep]
|-damage|p2a: Hydreigon|70/100|[from] Sandstorm
|-heal|p2a: Hydreigon|76/100|[from] item: Leftovers
|upkeep
|turn|10
|
|t:|1596206528
|switch|p2a: Ferrothorn|Ferrothorn, M|100/100
|-damage|p2a: Ferrothorn|94/100|[from] Stealth Rock
|move|p1a: Heatran|Hidden Power|p2a: Ferrothorn
|-damage|p2a: Ferrothorn|78/100
|
|-weather|Sandstorm|[upkeep]
|-heal|p2a: Ferrothorn|84/100|[from] item: Leftovers
|upkeep
|turn|11
|
|t:|1596206541
|switch|p1a: Reuniclus|Reuniclus, M|100/100
|move|p2a: Ferrothorn|Spikes|p1a: Reuniclus
|-sidestart|p1: Yung Girl Lillie|Spikes
|
|-weather|Sandstorm|[upkeep]
|-heal|p2a: Ferrothorn|90/100|[from] item: Leftovers
|upkeep
|turn|12
|
|t:|1596206545
|move|p1a: Reuniclus|Calm Mind|p1a: Reuniclus
|-boost|p1a: Reuniclus|spa|1
|-boost|p1a: Reuniclus|spd|1
|move|p2a: Ferrothorn|Thunder Wave|p1a: Reuniclus
|-status|p1a: Reuniclus|par
|
|-weather|Sandstorm|[upkeep]
|-heal|p2a: Ferrothorn|97/100|[from] item: Leftovers
|upkeep
|turn|13
|
|t:|1596206574
|switch|p2a: Hydreigon|Hydreigon, M|76/100
|-damage|p2a: Hydreigon|63/100|[from] Stealth Rock
|move|p1a: Reuniclus|Calm Mind|p1a: Reuniclus
|-boost|p1a: Reuniclus|spa|1
|-boost|p1a: Reuniclus|spd|1
|
|-weather|Sandstorm|[upkeep]
|-damage|p2a: Hydreigon|57/100|[from] Sandstorm
|-heal|p2a: Hydreigon|63/100|[from] item: Leftovers
|upkeep
|turn|14
|
|t:|1596206580
|move|p2a: Hydreigon|Substitute|p2a: Hydreigon
|-start|p2a: Hydreigon|Substitute
|-damage|p2a: Hydreigon|39/100
|cant|p1a: Reuniclus|par
|
|-weather|Sandstorm|[upkeep]
|-damage|p2a: Hydreigon|32/100|[from] Sandstorm
|-heal|p2a: Hydreigon|39/100|[from] item: Leftovers
|upkeep
|turn|15
|
|t:|1596206584
|move|p2a: Hydreigon|Dark Pulse|p1a: Reuniclus
|-supereffective|p1a: Reuniclus
|-crit|p1a: Reuniclus
|-damage|p1a: Reuniclus|0 fnt
|faint|p1a: Reuniclus
|
|-weather|Sandstorm|[upkeep]
|-damage|p2a: Hydreigon|32/100|[from] Sandstorm
|-heal|p2a: Hydreigon|39/100|[from] item: Leftovers
|upkeep
|-message|Yung Girl Lillie forfeited.
|
|win|Spritzalcianuro96
|l|‽Yung Girl Lillie
|raw|Yung Girl Lillie's rating: 1392 &rarr; <strong>1370</strong><br />(-22 for losing)
|raw|Spritzalcianuro96's rating: 1370 &rarr; <strong>1392</strong><br />(+22 for winning)
