|j|☆Salutethewolf
|j|☆fulacks
|t:|1746746313
|gametype|singles
|player|p1|Salutethewolf|hugh|1428
|player|p2|fulacks|hilda|1427
|teamsize|p1|6
|teamsize|p2|6
|gen|5
|tier|[Gen 5] OU
|rated|
|rule|Species Clause: Limit one of each Pokémon
|rule|OHKO Clause: OHKO moves are banned
|rule|Moody Clause: Moody is banned
|rule|Evasion Items Clause: Evasion items are banned
|rule|Evasion Moves Clause: Evasion moves are banned
|rule|Endless Battle Clause: Forcing endless battles is banned
|rule|HP Percentage Mod: HP is shown in percentages
|rule|Evasion Abilities Clause: Evasion abilities are banned
|rule|Sleep Moves Clause: Sleep-inducing moves are banned
|rule|Swagger Clause: Swagger is banned
|rule|Baton Pass Stat Clause: No Baton Passer may have a way to boost its stats
|clearpoke
|poke|p1|Ambipom, F|item
|poke|p1|Staraptor, F|item
|poke|p1|Conkeldurr, F|item
|poke|p1|Claydol|item
|poke|p1|Ferrothorn, F|item
|poke|p1|Gliscor, F|item
|poke|p2|Garchomp, M|item
|poke|p2|Volcarona, M|item
|poke|p2|Dragonite, M|item
|poke|p2|Breloom, M|item
|poke|p2|Starmie|item
|poke|p2|Scizor, F|item
|teampreview
|inactive|Battle timer is ON: inactive players will automatically lose when time's up. (requested by Salutethewolf)
|
|t:|1746746341
|start
|switch|p1a: Ambipom|Ambipom, F|100/100
|switch|p2a: Garchomp|Garchomp, M|100/100
|turn|1
|
|t:|1746746353
|move|p1a: Ambipom|Fake Out|p2a: Garchomp
|-damage|p2a: Garchomp|69/100
|-damage|p1a: Ambipom|88/100|[from] ability: Rough Skin|[of] p2a: Garchomp
|cant|p2a: Garchomp|flinch
|
|upkeep
|turn|2
|
|t:|1746746361
|move|p1a: Ambipom|U-turn|p2a: Garchomp
|-damage|p2a: Garchomp|48/100
|-damage|p1a: Ambipom|76/100|[from] ability: Rough Skin|[of] p2a: Garchomp
|
|t:|1746746370
|switch|p1a: Staraptor|Staraptor, F|100/100|[from] U-turn
|move|p2a: Garchomp|Stealth Rock|p1a: Staraptor
|-sidestart|p1: Salutethewolf|move: Stealth Rock
|
|upkeep
|turn|3
|
|t:|1746746378
|move|p1a: Staraptor|Brave Bird|p2a: Garchomp
|-damage|p2a: Garchomp|0 fnt
|-damage|p1a: Staraptor|88/100|[from] ability: Rough Skin|[of] p2a: Garchomp
|faint|p2a: Garchomp
|-damage|p1a: Staraptor|71/100|[from] Recoil
|
|upkeep
|
|t:|1746746396
|switch|p2a: Dragonite|Dragonite, M|100/100
|turn|4
|
|t:|1746746400
|move|p1a: Staraptor|Brave Bird|p2a: Dragonite
|-damage|p2a: Dragonite|61/100
|-damage|p1a: Staraptor|57/100|[from] Recoil
|move|p2a: Dragonite|Dragon Dance|p2a: Dragonite
|-boost|p2a: Dragonite|atk|1
|-boost|p2a: Dragonite|spe|1
|
|upkeep
|turn|5
|
|t:|1746746408
|move|p2a: Dragonite|Extreme Speed|p1a: Staraptor
|-damage|p1a: Staraptor|0 fnt
|faint|p1a: Staraptor
|
|upkeep
|
|t:|1746746414
|switch|p1a: Ambipom|Ambipom, F|76/100
|-damage|p1a: Ambipom|64/100|[from] Stealth Rock
|turn|6
|
|t:|1746746420
|move|p1a: Ambipom|Fake Out|p2a: Dragonite
|-damage|p2a: Dragonite|23/100
|cant|p2a: Dragonite|flinch
|
|upkeep
|turn|7
|
|t:|1746746426
|switch|p1a: Ferrothorn|Ferrothorn, F|100/100
|-damage|p1a: Ferrothorn|94/100|[from] Stealth Rock
|move|p2a: Dragonite|Extreme Speed|p1a: Ferrothorn
|-resisted|p1a: Ferrothorn
|-damage|p1a: Ferrothorn|79/100
|-damage|p2a: Dragonite|11/100|[from] ability: Iron Barbs|[of] p1a: Ferrothorn
|
|-heal|p1a: Ferrothorn|85/100|[from] item: Leftovers
|upkeep
|turn|8
|
|t:|1746746443
|switch|p1a: Claydol|Claydol|100/100
|-damage|p1a: Claydol|94/100|[from] Stealth Rock
|move|p2a: Dragonite|Fire Punch|p1a: Claydol
|-damage|p1a: Claydol|55/100
|
|-heal|p1a: Claydol|61/100|[from] item: Leftovers
|upkeep
|turn|9
|
|t:|1746746454
|move|p2a: Dragonite|Fire Punch|p1a: Claydol
|-crit|p1a: Claydol
|-damage|p1a: Claydol|0 fnt
|faint|p1a: Claydol
|
|upkeep
|
|t:|1746746462
|switch|p1a: Ambipom|Ambipom, F|64/100
|-damage|p1a: Ambipom|51/100|[from] Stealth Rock
|turn|10
|inactive|fulacks has 120 seconds left.
|
|t:|1746746509
|move|p1a: Ambipom|Fake Out|p2a: Dragonite
|-damage|p2a: Dragonite|0 fnt
|faint|p2a: Dragonite
|
|upkeep
|
|t:|1746746519
|switch|p2a: Scizor|Scizor, F|100/100
|turn|11
|
|t:|1746746523
|switch|p1a: Conkeldurr|Conkeldurr, F|100/100
|-damage|p1a: Conkeldurr|94/100|[from] Stealth Rock
|move|p2a: Scizor|Swords Dance|p2a: Scizor
|-boost|p2a: Scizor|atk|2
|
|-heal|p1a: Conkeldurr|100/100|[from] item: Leftovers
|upkeep
|turn|12
|inactive|fulacks has 120 seconds left.
|
|t:|1746746537
|move|p2a: Scizor|Swords Dance|p2a: Scizor
|-boost|p2a: Scizor|atk|2
|move|p1a: Conkeldurr|Drain Punch|p2a: Scizor
|-damage|p2a: Scizor|43/100
|
|upkeep
|turn|13
|inactive|fulacks has 120 seconds left.
|
|t:|1746746548
|move|p2a: Scizor|Superpower|p1a: Conkeldurr
|-damage|p1a: Conkeldurr|0 fnt
|-unboost|p2a: Scizor|atk|1
|-unboost|p2a: Scizor|def|1
|faint|p1a: Conkeldurr
|-damage|p2a: Scizor|33/100|[from] item: Life Orb
|
|upkeep
|
|t:|1746746559
|switch|p1a: Gliscor|Gliscor, F|100/100
|-damage|p1a: Gliscor|88/100|[from] Stealth Rock
|turn|14
|
|t:|1746746564
|move|p1a: Gliscor|Protect|p1a: Gliscor
|-singleturn|p1a: Gliscor|Protect
|move|p2a: Scizor|Bullet Punch|p1a: Gliscor
|-activate|p1a: Gliscor|move: Protect
|
|-status|p1a: Gliscor|tox|[from] item: Toxic Orb
|upkeep
|turn|15
|
|t:|1746746573
|switch|p1a: Ferrothorn|Ferrothorn, F|85/100
|-damage|p1a: Ferrothorn|79/100|[from] Stealth Rock
|move|p2a: Scizor|Bullet Punch|p1a: Ferrothorn
|-resisted|p1a: Ferrothorn
|-damage|p1a: Ferrothorn|42/100
|-damage|p2a: Scizor|21/100|[from] ability: Iron Barbs|[of] p1a: Ferrothorn
|-damage|p2a: Scizor|11/100|[from] item: Life Orb
|
|-heal|p1a: Ferrothorn|49/100|[from] item: Leftovers
|upkeep
|turn|16
|
|t:|1746746586
|move|p2a: Scizor|Superpower|p1a: Ferrothorn
|-supereffective|p1a: Ferrothorn
|-damage|p1a: Ferrothorn|0 fnt
|-unboost|p2a: Scizor|atk|1
|-unboost|p2a: Scizor|def|1
|-damage|p2a: Scizor|0 fnt|[from] ability: Iron Barbs|[of] p1a: Ferrothorn
|faint|p2a: Scizor
|faint|p1a: Ferrothorn
|
|upkeep
|
|t:|1746746595
|switch|p2a: Starmie|Starmie|100/100
|switch|p1a: Ambipom|Ambipom, F|51/100
|-item|p2a: Starmie|Air Balloon
|-damage|p1a: Ambipom|39/100|[from] Stealth Rock
|turn|17
|
|t:|1746746602
|move|p1a: Ambipom|Fake Out|p2a: Starmie
|-damage|p2a: Starmie|56/100
|-enditem|p2a: Starmie|Air Balloon
|cant|p2a: Starmie|flinch
|
|upkeep
|turn|18
|
|t:|1746746609
|move|p1a: Ambipom|Return|p2a: Starmie
|-damage|p2a: Starmie|0 fnt
|faint|p2a: Starmie
|
|upkeep
|
|t:|1746746612
|switch|p2a: Breloom|Breloom, M|100/100
|turn|19
|
|t:|1746746617
|switch|p1a: Gliscor|Gliscor, F|88/100 tox
|-damage|p1a: Gliscor|76/100 tox|[from] Stealth Rock
|move|p2a: Breloom|Mach Punch|p1a: Gliscor
|-resisted|p1a: Gliscor
|-damage|p1a: Gliscor|57/100 tox
|-damage|p2a: Breloom|91/100|[from] item: Life Orb
|
|-heal|p1a: Gliscor|70/100 tox|[from] ability: Poison Heal
|upkeep
|turn|20
|
|t:|1746746628
|move|p1a: Gliscor|Acrobatics|p2a: Breloom
|-supereffective|p2a: Breloom
|-damage|p2a: Breloom|0 fnt
|faint|p2a: Breloom
|
|-heal|p1a: Gliscor|82/100 tox|[from] ability: Poison Heal
|upkeep
|
|t:|1746746630
|switch|p2a: Volcarona|Volcarona, M|100/100
|turn|21
|
|t:|1746746638
|move|p2a: Volcarona|Fire Blast|p1a: Gliscor
|-damage|p1a: Gliscor|8/100 tox
|move|p1a: Gliscor|Fling|p2a: Volcarona
|-damage|p2a: Volcarona|90/100
|-status|p2a: Volcarona|tox
|-enditem|p1a: Gliscor|Toxic Orb|[from] move: Fling
|
|-damage|p2a: Volcarona|84/100 tox|[from] psn
|-heal|p1a: Gliscor|20/100 tox|[from] ability: Poison Heal
|upkeep
|turn|22
|-message|fulacks forfeited.
|
|win|Salutethewolf
|raw|Salutethewolf's rating: 1428 &rarr; <strong>1448</strong><br />(+20 for winning)
|raw|fulacks's rating: 1427 &rarr; <strong>1407</strong><br />(-20 for losing)
|l|☆fulacks
|player|p2|
