|j|☆Pythagorean Python
|j|☆BahamutLagoon
|player|p1|Pythagorean Python|159|1386
|player|p2|BahamutLagoon|n|1285
|teamsize|p1|6
|teamsize|p2|6
|gametype|singles
|gen|5
|tier|[Gen 5] OU
|rated|
|clearpoke
|poke|p1|Tyranitar, M|item
|poke|p1|Excadrill, M|item
|poke|p1|Sceptile, F|item
|poke|p1|Eelektross, F|item
|poke|p1|Lucario, F|item
|poke|p1|Slowbro, F|item
|poke|p2|Latios, M|item
|poke|p2|Tyranitar, F|item
|poke|p2|Ferrothorn, F|item
|poke|p2|Landorus-Therian, M|item
|poke|p2|Excadrill, M|item
|poke|p2|Alakazam, F|item
|rule|Species Clause: Limit one of each Pokémon
|rule|OHKO Clause: OHKO moves are banned
|rule|Moody Clause: Moody is banned
|rule|Evasion Moves Clause: Evasion moves are banned
|rule|Endless Battle Clause: Forcing endless battles is banned
|rule|HP Percentage Mod: HP is shown in percentages
|rule|Evasion Abilities Clause: Evasion abilities are banned
|rule|Baton Pass Clause: Limit one Baton Passer, can't pass Spe and other stats simultaneously
|rule|Sleep Clause: Sleep-inducing moves are banned
|rule|Swagger Clause: Swagger is banned
|teampreview
|inactive|Battle timer is ON: inactive players will automatically lose when time's up. (requested by BahamutLagoon)
|
|start
|switch|p1a: Eelektross|Eelektross, F|100/100
|switch|p2a: Tyranitar|Tyranitar, F|100/100
|-weather|Sandstorm|[from] ability: Sand Stream|[of] p2a: Tyranitar
|turn|1
|
|move|p2a: Tyranitar|Stealth Rock|p1a: Eelektross
|-sidestart|p1: Pythagorean Python|move: Stealth Rock
|move|p1a: Eelektross|Grass Knot|p2a: Tyranitar
|-supereffective|p2a: Tyranitar
|-damage|p2a: Tyranitar|61/100
|
|-weather|Sandstorm|[upkeep]
|-damage|p1a: Eelektross|94/100|[from] Sandstorm
|upkeep
|turn|2
|
|move|p2a: Tyranitar|Crunch|p1a: Eelektross
|-crit|p1a: Eelektross
|-damage|p1a: Eelektross|13/100
|-unboost|p1a: Eelektross|def|1
|move|p1a: Eelektross|Grass Knot|p2a: Tyranitar
|-supereffective|p2a: Tyranitar
|-damage|p2a: Tyranitar|22/100
|
|-weather|Sandstorm|[upkeep]
|-damage|p1a: Eelektross|7/100|[from] Sandstorm
|upkeep
|turn|3
|
|move|p2a: Tyranitar|Crunch|p1a: Eelektross
|-damage|p1a: Eelektross|0 fnt
|faint|p1a: Eelektross
|
|-weather|Sandstorm|[upkeep]
|upkeep
|
|switch|p1a: Tyranitar|Tyranitar, M|100/100
|-damage|p1a: Tyranitar|88/100|[from] Stealth Rock
|turn|4
|
|switch|p2a: Landorus|Landorus-Therian, M|100/100
|-ability|p2a: Landorus|Intimidate|boost
|-unboost|p1a: Tyranitar|atk|1
|move|p1a: Tyranitar|Crunch|p2a: Landorus
|-damage|p2a: Landorus|62/100
|
|-weather|Sandstorm|[upkeep]
|upkeep
|turn|5
|
|switch|p1a: Lucario|Lucario, F|100/100
|-damage|p1a: Lucario|98/100|[from] Stealth Rock
|move|p2a: Landorus|Superpower|p1a: Lucario
|-supereffective|p1a: Lucario
|-damage|p1a: Lucario|0 fnt
|-unboost|p2a: Landorus|atk|1
|-unboost|p2a: Landorus|def|1
|faint|p1a: Lucario
|
|-weather|Sandstorm|[upkeep]
|upkeep
|
|switch|p1a: Sceptile|Sceptile, F|100/100
|-damage|p1a: Sceptile|88/100|[from] Stealth Rock
|turn|6
|
|switch|p2a: Tyranitar|Tyranitar, F|22/100
|move|p1a: Sceptile|Swords Dance|p1a: Sceptile
|-boost|p1a: Sceptile|atk|2
|
|-weather|Sandstorm|[upkeep]
|-damage|p1a: Sceptile|82/100|[from] Sandstorm
|upkeep
|turn|7
|
|move|p1a: Sceptile|Leaf Blade|p2a: Tyranitar
|-supereffective|p2a: Tyranitar
|-damage|p2a: Tyranitar|0 fnt
|faint|p2a: Tyranitar
|
|-weather|Sandstorm|[upkeep]
|-damage|p1a: Sceptile|76/100|[from] Sandstorm
|upkeep
|
|switch|p2a: Ferrothorn|Ferrothorn, F|100/100
|turn|8
|
|move|p1a: Sceptile|Swords Dance|p1a: Sceptile
|-boost|p1a: Sceptile|atk|2
|move|p2a: Ferrothorn|Gyro Ball|p1a: Sceptile
|-damage|p1a: Sceptile|0 fnt
|faint|p1a: Sceptile
|
|-weather|Sandstorm|[upkeep]
|upkeep
|
|switch|p1a: Slowbro|Slowbro, F|100/100
|-damage|p1a: Slowbro|88/100|[from] Stealth Rock
|turn|9
|
|move|p1a: Slowbro|Flamethrower|p2a: Ferrothorn
|-supereffective|p2a: Ferrothorn
|-damage|p2a: Ferrothorn|14/100
|move|p2a: Ferrothorn|Power Whip|p1a: Slowbro|[miss]
|-miss|p2a: Ferrothorn|p1a: Slowbro
|
|-weather|Sandstorm|[upkeep]
|-damage|p1a: Slowbro|82/100|[from] Sandstorm
|-heal|p1a: Slowbro|88/100|[from] item: Leftovers
|-heal|p2a: Ferrothorn|20/100|[from] item: Leftovers
|upkeep
|turn|10
|inactive|BahamutLagoon has 120 seconds left.
|
|switch|p2a: Latios|Latios, M|100/100
|move|p1a: Slowbro|Ice Beam|p2a: Latios
|-supereffective|p2a: Latios
|-damage|p2a: Latios|33/100
|
|-weather|Sandstorm|[upkeep]
|-damage|p2a: Latios|27/100|[from] Sandstorm
|-damage|p1a: Slowbro|82/100|[from] Sandstorm
|-heal|p1a: Slowbro|88/100|[from] item: Leftovers
|upkeep
|turn|11
|
|move|p2a: Latios|Draco Meteor|p1a: Slowbro
|-damage|p1a: Slowbro|0 fnt
|-unboost|p2a: Latios|spa|2
|faint|p1a: Slowbro
|
|-weather|Sandstorm|[upkeep]
|-damage|p2a: Latios|21/100|[from] Sandstorm
|upkeep
|
|switch|p1a: Tyranitar|Tyranitar, M|88/100
|-damage|p1a: Tyranitar|76/100|[from] Stealth Rock
|turn|12
|
|move|p2a: Latios|Draco Meteor|p1a: Tyranitar
|-damage|p1a: Tyranitar|46/100
|-unboost|p2a: Latios|spa|2
|move|p1a: Tyranitar|Stealth Rock|p2a: Latios
|-sidestart|p2: BahamutLagoon|move: Stealth Rock
|
|-weather|Sandstorm|[upkeep]
|-damage|p2a: Latios|15/100|[from] Sandstorm
|upkeep
|turn|13
|
|move|p2a: Latios|Draco Meteor|p1a: Tyranitar
|-damage|p1a: Tyranitar|24/100
|-unboost|p2a: Latios|spa|2
|move|p1a: Tyranitar|Crunch|p2a: Latios
|-supereffective|p2a: Latios
|-damage|p2a: Latios|0 fnt
|faint|p2a: Latios
|
|-weather|Sandstorm|[upkeep]
|upkeep
|
|switch|p2a: Landorus|Landorus-Therian, M|62/100
|-damage|p2a: Landorus|49/100|[from] Stealth Rock
|-ability|p2a: Landorus|Intimidate|boost
|-unboost|p1a: Tyranitar|atk|1
|turn|14
|
|move|p2a: Landorus|Earthquake|p1a: Tyranitar
|-supereffective|p1a: Tyranitar
|-damage|p1a: Tyranitar|0 fnt
|faint|p1a: Tyranitar
|
|-weather|Sandstorm|[upkeep]
|upkeep
|
|switch|p1a: Excadrill|Excadrill, M|100/100
|-damage|p1a: Excadrill|97/100|[from] Stealth Rock
|turn|15
|-message|Pythagorean Python forfeited.
|
|win|BahamutLagoon
|l|☆Pythagorean Python
|raw|Pythagorean Python's rating: 1386 &rarr; <strong>1361</strong><br />(-25 for losing)
|raw|BahamutLagoon's rating: 1285 &rarr; <strong>1317</strong><br />(+32 for winning)
|l|☆BahamutLagoon
|j|☆BahamutLagoon
|player|p2|BahamutLagoon|n
