|join|dtw
|join|ashiemore
|player|p1|dtw|1
|player|p2|ashiemore|25
|gametype|singles
|gen|5
|tier|[Gen 5] OU
|rated
|rule|Evasion Abilities Clause: Evasion abilities are banned
|clearpoke
|poke|p1|Ninetales, M
|poke|p1|Heatran, M
|poke|p1|Victreebel, M
|poke|p1|Jellicent, M
|poke|p1|Volcarona, M
|poke|p1|Dugtrio, M
|poke|p2|Kyurem-Black
|poke|p2|Magnezone
|poke|p2|Alakazam, F
|poke|p2|Latios, M
|poke|p2|Gliscor, M
|poke|p2|Salamence, F
|rule|Sleep Clause Mod: Limit one foe put to sleep
|rule|Species Clause: Limit one of each Pokemon
|rule|OHKO Clause: OHKO moves are banned
|rule|Moody Clause: Moody is banned
|rule|Evasion Moves Clause: Evasion moves are banned
|rule|Endless Battle Clause: Forcing endless battles is banned.
|rule|HP Percentage Mod: HP is reported as percentages
|teampreview
|
|start
|switch|p1a: Heatran|Heatran, M|386/386
|switch|p2a: Kyurem-Black|Kyurem-Black|400/400
|-ability|p2a: Kyurem-Black|Teravolt
|-item|p1a: Heatran|Air Balloon
|turn|1
|
|move|p2a: Kyurem-Black|Substitute|p2a: Kyurem-Black
|-start|p2a: Kyurem-Black|Substitute
|-damage|p2a: Kyurem-Black|300/400
|move|p1a: Heatran|Stealth Rock|p2a: Kyurem-Black
|-sidestart|p2: ashiemore|move: Stealth Rock
|
|turn|2
|
|switch|p2a: Gliscor|Gliscor, M|354/354
|-damage|p2a: Gliscor|310/354|[from] Stealth Rock
|move|p1a: Heatran|Roar|p2a: Gliscor
|drag|p2a: Magnezone|Magnezone|344/344
|-damage|p2a: Magnezone|323/344|[from] Stealth Rock
|
|turn|3
|
|switch|p2a: Latios|Latios, M|302/302
|-damage|p2a: Latios|265/302|[from] Stealth Rock
|move|p1a: Heatran|Earth Power|p2a: Latios
|-immune|p2a: Latios|[msg]
|
|turn|4
|
|move|p2a: Latios|Surf|p1a: Heatran
|-supereffective|p1a: Heatran
|-damage|p1a: Heatran|154/386
|-enditem|p1a: Heatran|Air Balloon
|move|p1a: Heatran|Roar|p2a: Latios
|drag|p2a: Kyurem-Black|Kyurem-Black|300/400
|-damage|p2a: Kyurem-Black|200/400|[from] Stealth Rock
|-ability|p2a: Kyurem-Black|Teravolt
|
|turn|5
|
|move|p2a: Kyurem-Black|Fusion Bolt|p1a: Heatran
|-damage|p1a: Heatran|0 fnt
|-damage|p2a: Kyurem-Black|160/400|[from] item: Life Orb
|faint|p1a: Heatran
|
|
|switch|p1a: Dugtrio|Dugtrio, M|212/212
|turn|6
|
|move|p1a: Dugtrio|Stone Edge|p2a: Kyurem-Black
|-supereffective|p2a: Kyurem-Black
|-damage|p2a: Kyurem-Black|2/400
|move|p2a: Kyurem-Black|Dragon Claw|p1a: Dugtrio
|-enditem|p1a: Dugtrio|Focus Sash
|-damage|p1a: Dugtrio|1/212
|-damage|p2a: Kyurem-Black|0 fnt|[from] item: Life Orb
|faint|p2a: Kyurem-Black
|
|
|switch|p2a: Salamence|Salamence, F|331/331
|-damage|p2a: Salamence|249/331|[from] Stealth Rock
|turn|7
|
|move|p2a: Salamence|Dragon Claw|p1a: Dugtrio
|-damage|p1a: Dugtrio|0 fnt
|faint|p1a: Dugtrio
|-boost|p2a: Salamence|atk|1|[from] ability: Moxie
|
|
|switch|p1a: Ninetales|Ninetales, M|350/350
|-weather|SunnyDay|[from] ability: Drought|[of] p1a: Ninetales
|turn|8
|
|move|p2a: Salamence|Dragon Claw|p1a: Ninetales
|-damage|p1a: Ninetales|53/350
|move|p1a: Ninetales|Will-O-Wisp|p2a: Salamence
|-status|p2a: Salamence|brn
|
|-weather|SunnyDay|[upkeep]
|-heal|p1a: Ninetales|74/350|[from] item: Leftovers
|-damage|p2a: Salamence|208/331 brn|[from] brn
|turn|9
|
|switch|p1a: Jellicent|Jellicent, M|404/404
|move|p2a: Salamence|Dragon Claw|p1a: Jellicent
|-damage|p1a: Jellicent|307/404
|
|-weather|SunnyDay|[upkeep]
|-heal|p1a: Jellicent|332/404|[from] item: Leftovers
|-damage|p2a: Salamence|167/331 brn|[from] brn
|turn|10
|
|switch|p2a: Magnezone|Magnezone|323/344
|-damage|p2a: Magnezone|302/344|[from] Stealth Rock
|move|p1a: Jellicent|Scald|p2a: Magnezone
|-damage|p2a: Magnezone|260/344
|
|-weather|SunnyDay|[upkeep]
|-heal|p1a: Jellicent|357/404|[from] item: Leftovers
|turn|11
|
|switch|p1a: Ninetales|Ninetales, M|74/350
|move|p2a: Magnezone|Volt Switch|p1a: Ninetales
|-damage|p1a: Ninetales|0 fnt
|faint|p1a: Ninetales
|
|switch|p2a: Latios|Latios, M|265/302
|-damage|p2a: Latios|228/302|[from] Stealth Rock
|
|-weather|SunnyDay|[upkeep]
|
|switch|p1a: Jellicent|Jellicent, M|357/404
|turn|12
|
|move|p2a: Latios|Draco Meteor|p1a: Jellicent
|-damage|p1a: Jellicent|0 fnt
|-unboost|p2a: Latios|spa|2
|faint|p1a: Jellicent
|
|-weather|SunnyDay|[upkeep]
|
|switch|p1a: Volcarona|Volcarona, M|312/312
|turn|13
|
|move|p2a: Latios|Draco Meteor|p1a: Volcarona
|-damage|p1a: Volcarona|147/312
|-unboost|p2a: Latios|spa|2
|move|p1a: Volcarona|Quiver Dance|p1a: Volcarona
|-boost|p1a: Volcarona|spa|1
|-boost|p1a: Volcarona|spd|1
|-boost|p1a: Volcarona|spe|1
|
|-weather|SunnyDay|[upkeep]
|turn|14
|-message|ashiemore forfeited.
|
|win|dtw
|raw|Ladder updating...
|leave|ashiemore
|player|p2
|raw|dtw's rating: 1344 &rarr; <strong>1365</strong><br />(+21 for winning)
|raw|ashiemore's rating: 1362 &rarr; <strong>1341</strong><br />(-21 for losing)