|j|☆Oro e Diamanti
|j|☆porrompompom
|player|p1|Oro e Diamanti|167
|player|p2|porrompompom|10
|teamsize|p1|6
|teamsize|p2|6
|gametype|singles
|gen|5
|tier|[Gen 5] OU
|rated|
|rule|Sleep Clause Mod: Limit one foe put to sleep
|rule|Species Clause: Limit one of each Pokémon
|rule|OHKO Clause: OHKO moves are banned
|rule|Moody Clause: Moody is banned
|rule|Evasion Moves Clause: Evasion moves are banned
|rule|Endless Battle Clause: Forcing endless battles is banned
|rule|HP Percentage Mod: HP is shown in percentages
|rule|Evasion Abilities Clause: Evasion abilities are banned
|rule|Baton Pass Clause: Limit one Baton Passer, can't pass Spe and other stats simultaneously
|rule|Swagger Clause: Swagger is banned
|clearpoke
|poke|p1|Politoed, F|item
|poke|p1|Starmie|item
|poke|p1|Tornadus, M|item
|poke|p1|Latios, M|item
|poke|p1|Jirachi|item
|poke|p1|Breloom, M|item
|poke|p2|Ninetales, F|item
|poke|p2|Chansey, F|item
|poke|p2|Heatran, F|item
|poke|p2|Sableye, F|item
|poke|p2|Tentacruel, F|item
|poke|p2|Cresselia, F|item
|teampreview
|
|start
|switch|p1a: Latios|Latios, M|100/100
|switch|p2a: Tentacruel|Tentacruel, F|100/100
|turn|1
|inactive|Battle timer is ON: inactive players will automatically lose when time's up. (requested by Oro e Diamanti)
|
|switch|p2a: Heatran|Heatran, F|100/100
|move|p1a: Latios|Psyshock|p2a: Heatran
|-resisted|p2a: Heatran
|-damage|p2a: Heatran|74/100
|
|-heal|p2a: Heatran|80/100|[from] item: Leftovers
|upkeep
|turn|2
|
|switch|p1a: Starmie|Starmie|100/100
|move|p2a: Heatran|Stealth Rock|p1a: Starmie
|-sidestart|p1: Oro e Diamanti|move: Stealth Rock
|
|-heal|p2a: Heatran|86/100|[from] item: Leftovers
|upkeep
|turn|3
|
|move|p2a: Heatran|Protect|p2a: Heatran
|-singleturn|p2a: Heatran|Protect
|move|p1a: Starmie|Rapid Spin|p2a: Heatran
|-activate|p2a: Heatran|move: Protect
|
|-heal|p2a: Heatran|93/100|[from] item: Leftovers
|upkeep
|turn|4
|
|switch|p2a: Chansey|Chansey, F|100/100
|move|p1a: Starmie|Rapid Spin|p2a: Chansey
|-damage|p2a: Chansey|97/100
|-sideend|p1: Oro e Diamanti|Stealth Rock|[from] move: Rapid Spin|[of] p1a: Starmie
|-damage|p1a: Starmie|91/100|[from] item: Life Orb
|
|upkeep
|turn|5
|
|switch|p1a: Jirachi|Jirachi|100/100
|switch|p2a: Heatran|Heatran, F|93/100
|
|-heal|p2a: Heatran|99/100|[from] item: Leftovers
|upkeep
|turn|6
|
|switch|p1a: Starmie|Starmie|91/100
|move|p2a: Heatran|Stealth Rock|p1a: Starmie
|-sidestart|p1: Oro e Diamanti|move: Stealth Rock
|
|-heal|p2a: Heatran|100/100|[from] item: Leftovers
|upkeep
|turn|7
|
|move|p2a: Heatran|Protect|p2a: Heatran
|-singleturn|p2a: Heatran|Protect
|move|p1a: Starmie|Hydro Pump|p2a: Heatran
|-activate|p2a: Heatran|move: Protect
|
|upkeep
|turn|8
|
|switch|p2a: Chansey|Chansey, F|97/100
|move|p1a: Starmie|Rapid Spin|p2a: Chansey
|-damage|p2a: Chansey|93/100
|-sideend|p1: Oro e Diamanti|Stealth Rock|[from] move: Rapid Spin|[of] p1a: Starmie
|-damage|p1a: Starmie|81/100|[from] item: Life Orb
|
|upkeep
|turn|9
|
|switch|p1a: Jirachi|Jirachi|100/100
|switch|p2a: Heatran|Heatran, F|100/100
|
|upkeep
|turn|10
|
|switch|p1a: Starmie|Starmie|81/100
|move|p2a: Heatran|Stealth Rock|p1a: Starmie
|-sidestart|p1: Oro e Diamanti|move: Stealth Rock
|
|upkeep
|turn|11
|
|move|p2a: Heatran|Protect|p2a: Heatran
|-singleturn|p2a: Heatran|Protect
|move|p1a: Starmie|Rapid Spin|p2a: Heatran
|-activate|p2a: Heatran|move: Protect
|
|upkeep
|turn|12
|
|switch|p2a: Sableye|Sableye, F|100/100
|move|p1a: Starmie|Rapid Spin|p2a: Sableye
|-immune|p2a: Sableye|[msg]
|
|upkeep
|turn|13
|
|move|p1a: Starmie|Rapid Spin|p2a: Sableye
|-immune|p2a: Sableye|[msg]
|move|p2a: Sableye|Knock Off|p1a: Starmie
|-supereffective|p1a: Starmie
|-damage|p1a: Starmie|66/100
|-enditem|p1a: Starmie|Life Orb|[from] move: Knock Off|[of] p2a: Sableye
|
|upkeep
|turn|14
|-message|Oro e Diamanti forfeited.
|
|win|porrompompom
|l|☆Oro e Diamanti
|raw|Oro e Diamanti's rating: 1436 &rarr; <strong>1418</strong><br />(-18 for losing)
|raw|porrompompom's rating: 1481 &rarr; <strong>1499</strong><br />(+18 for winning)
