|j|☆SattleBimulator
|j|☆ALFFYz
|t:|1738867386
|gametype|singles
|player|p1|SattleBimulator|265|1390
|player|p2|ALFFYz|clair|1352
|teamsize|p1|6
|teamsize|p2|6
|gen|5
|tier|[Gen 5] OU
|rated|
|rule|Species Clause: Limit one of each Pokémon
|rule|OHKO Clause: OHKO moves are banned
|rule|Moody Clause: Moody is banned
|rule|Evasion Items Clause: Evasion items are banned
|rule|Evasion Moves Clause: Evasion moves are banned
|rule|Endless Battle Clause: Forcing endless battles is banned
|rule|HP Percentage Mod: HP is shown in percentages
|rule|Evasion Abilities Clause: Evasion abilities are banned
|rule|Sleep Moves Clause: Sleep-inducing moves are banned
|rule|Swagger Clause: Swagger is banned
|rule|Baton Pass Stat Clause: No Baton Passer may have a way to boost its stats
|clearpoke
|poke|p1|Politoed, M|item
|poke|p1|Thundurus-Therian, M|item
|poke|p1|Keldeo-Resolute|item
|poke|p1|Starmie|item
|poke|p1|Latios, M|item
|poke|p1|Rotom-Wash|item
|poke|p2|Starmie|item
|poke|p2|Zapdos|item
|poke|p2|Gastrodon, M|item
|poke|p2|Metagross|item
|poke|p2|Hydreigon, M|item
|poke|p2|Infernape, M|item
|teampreview
|inactive|Battle timer is ON: inactive players will automatically lose when time's up. (requested by SattleBimulator)
|
|t:|1738867399
|start
|switch|p1a: Politoed|Politoed, M|100/100
|switch|p2a: Zapdos|Zapdos|100/100
|-ability|p2a: Zapdos|Pressure
|-weather|RainDance|[from] ability: Drizzle|[of] p1a: Politoed
|turn|1
|
|t:|1738867408
|switch|p1a: Thundurus|Thundurus-Therian, M|100/100
|move|p2a: Zapdos|Hidden Power|p1a: Thundurus
|-supereffective|p1a: Thundurus
|-crit|p1a: Thundurus
|-damage|p1a: Thundurus|0 fnt
|faint|p1a: Thundurus
|
|-weather|RainDance|[upkeep]
|upkeep
|
|t:|1738867415
|switch|p1a: Rotom|Rotom-Wash|100/100
|turn|2
|
|t:|1738867425
|switch|p2a: Gastrodon|Gastrodon, M|100/100
|move|p1a: Rotom|Trick|p2a: Gastrodon
|-activate|p1a: Rotom|move: Trick|[of] p2a: Gastrodon
|-item|p2a: Gastrodon|Choice Scarf|[from] move: Trick
|-item|p1a: Rotom|Leftovers|[from] move: Trick
|
|-weather|RainDance|[upkeep]
|upkeep
|turn|3
|
|t:|1738867433
|switch|p1a: Politoed|Politoed, M|100/100
|move|p2a: Gastrodon|Toxic|p1a: Politoed
|-status|p1a: Politoed|tox
|
|-weather|RainDance|[upkeep]
|-damage|p1a: Politoed|94/100 tox|[from] psn
|upkeep
|turn|4
|
|t:|1738867446
|switch|p2a: Zapdos|Zapdos|100/100
|-ability|p2a: Zapdos|Pressure
|move|p1a: Politoed|Ice Beam|p2a: Zapdos
|-supereffective|p2a: Zapdos
|-damage|p2a: Zapdos|62/100
|
|-weather|RainDance|[upkeep]
|-heal|p1a: Politoed|100/100 tox|[from] item: Leftovers
|-damage|p1a: Politoed|88/100 tox|[from] psn
|upkeep
|turn|5
|
|t:|1738867457
|move|p2a: Zapdos|Volt Switch|p1a: Politoed
|-supereffective|p1a: Politoed
|-damage|p1a: Politoed|36/100 tox
|
|t:|1738867466
|switch|p2a: Metagross|Metagross|100/100|[from] Volt Switch
|move|p1a: Politoed|Ice Beam|p2a: Metagross
|-resisted|p2a: Metagross
|-damage|p2a: Metagross|91/100
|
|-weather|RainDance|[upkeep]
|-heal|p1a: Politoed|43/100 tox|[from] item: Leftovers
|-heal|p2a: Metagross|97/100|[from] item: Leftovers
|-damage|p1a: Politoed|24/100 tox|[from] psn
|upkeep
|turn|6
|
|t:|1738867476
|move|p2a: Metagross|Stealth Rock|p1a: Politoed
|-sidestart|p1: SattleBimulator|move: Stealth Rock
|move|p1a: Politoed|Scald|p2a: Metagross
|-damage|p2a: Metagross|59/100
|
|-weather|RainDance|[upkeep]
|-heal|p2a: Metagross|65/100|[from] item: Leftovers
|-heal|p1a: Politoed|30/100 tox|[from] item: Leftovers
|-damage|p1a: Politoed|5/100 tox|[from] psn
|upkeep
|turn|7
|
|t:|1738867489
|move|p2a: Metagross|Bullet Punch|p1a: Politoed
|-resisted|p1a: Politoed
|-damage|p1a: Politoed|0 fnt
|faint|p1a: Politoed
|
|-weather|RainDance|[upkeep]
|-heal|p2a: Metagross|71/100|[from] item: Leftovers
|upkeep
|
|t:|1738867497
|switch|p1a: Starmie|Starmie|100/100
|-damage|p1a: Starmie|88/100|[from] Stealth Rock
|-item|p1a: Starmie|Air Balloon
|turn|8
|
|t:|1738867514
|switch|p2a: Hydreigon|Hydreigon, M|100/100
|move|p1a: Starmie|Rapid Spin|p2a: Hydreigon
|-damage|p2a: Hydreigon|97/100
|-sideend|p1: SattleBimulator|Stealth Rock|[from] move: Rapid Spin|[of] p1a: Starmie
|
|-weather|RainDance|[upkeep]
|upkeep
|turn|9
|
|t:|1738867520
|move|p2a: Hydreigon|Draco Meteor|p1a: Starmie
|-damage|p1a: Starmie|0 fnt
|-unboost|p2a: Hydreigon|spa|2
|-enditem|p1a: Starmie|Air Balloon
|faint|p1a: Starmie
|
|-weather|RainDance|[upkeep]
|upkeep
|
|t:|1738867533
|switch|p1a: Rotom|Rotom-Wash|100/100
|turn|10
|
|t:|1738867547
|switch|p2a: Gastrodon|Gastrodon, M|100/100
|move|p1a: Rotom|Hidden Power|p2a: Gastrodon
|-crit|p2a: Gastrodon
|-damage|p2a: Gastrodon|75/100
|
|-weather|RainDance|[upkeep]
|upkeep
|turn|11
|
|t:|1738867555
|move|p1a: Rotom|Hidden Power|p2a: Gastrodon
|-damage|p2a: Gastrodon|62/100
|move|p2a: Gastrodon|Toxic|p1a: Rotom|[miss]
|-miss|p2a: Gastrodon|p1a: Rotom
|
|-weather|RainDance|[upkeep]
|upkeep
|turn|12
|
|t:|1738867563
|move|p1a: Rotom|Hidden Power|p2a: Gastrodon
|-damage|p2a: Gastrodon|48/100
|move|p2a: Gastrodon|Toxic|p1a: Rotom
|-status|p1a: Rotom|tox
|
|-weather|RainDance|[upkeep]
|-damage|p1a: Rotom|94/100 tox|[from] psn
|upkeep
|turn|13
|
|t:|1738867583
|move|p1a: Rotom|Thunder|p2a: Gastrodon
|-immune|p2a: Gastrodon
|move|p2a: Gastrodon|Toxic|p1a: Rotom
|-fail|p1a: Rotom|tox
|
|-weather|RainDance|[upkeep]
|-heal|p1a: Rotom|100/100 tox|[from] item: Leftovers
|-damage|p1a: Rotom|88/100 tox|[from] psn
|upkeep
|turn|14
|
|t:|1738867593
|move|p1a: Rotom|Hidden Power|p2a: Gastrodon
|-damage|p2a: Gastrodon|34/100
|move|p2a: Gastrodon|Toxic|p1a: Rotom
|-fail|p1a: Rotom|tox
|
|-weather|RainDance|[upkeep]
|-heal|p1a: Rotom|94/100 tox|[from] item: Leftovers
|-damage|p1a: Rotom|76/100 tox|[from] psn
|upkeep
|turn|15
|
|t:|1738867610
|switch|p2a: Infernape|Infernape, M|100/100
|move|p1a: Rotom|Hidden Power|p2a: Infernape
|-resisted|p2a: Infernape
|-damage|p2a: Infernape|85/100
|
|-weather|RainDance|[upkeep]
|-heal|p1a: Rotom|82/100 tox|[from] item: Leftovers
|-damage|p1a: Rotom|57/100 tox|[from] psn
|upkeep
|turn|16
|
|t:|1738867620
|move|p2a: Infernape|Close Combat|p1a: Rotom
|-damage|p1a: Rotom|0 fnt
|-unboost|p2a: Infernape|def|1
|-unboost|p2a: Infernape|spd|1
|faint|p1a: Rotom
|
|-weather|RainDance|[upkeep]
|upkeep
|
|t:|1738867632
|switch|p1a: Keldeo|Keldeo-Resolute|100/100
|turn|17
|
|t:|1738867637
|switch|p2a: Gastrodon|Gastrodon, M|34/100
|move|p1a: Keldeo|Secret Sword|p2a: Gastrodon
|-damage|p2a: Gastrodon|0 fnt
|faint|p2a: Gastrodon
|
|-weather|RainDance|[upkeep]
|upkeep
|
|t:|1738867648
|switch|p2a: Hydreigon|Hydreigon, M|97/100
|turn|18
|
|t:|1738867653
|move|p1a: Keldeo|Secret Sword|p2a: Hydreigon
|-supereffective|p2a: Hydreigon
|-damage|p2a: Hydreigon|0 fnt
|faint|p2a: Hydreigon
|
|-weather|RainDance|[upkeep]
|upkeep
|
|t:|1738867660
|switch|p2a: Starmie|Starmie|100/100
|turn|19
|
|t:|1738867665
|switch|p1a: Latios|Latios, M|100/100
|move|p2a: Starmie|Thunderbolt|p1a: Latios
|-resisted|p1a: Latios
|-damage|p1a: Latios|86/100
|
|-weather|RainDance|[upkeep]
|upkeep
|turn|20
|
|t:|1738867672
|move|p1a: Latios|Thunder|p2a: Starmie
|-supereffective|p2a: Starmie
|-damage|p2a: Starmie|0 fnt
|faint|p2a: Starmie
|
|-weather|RainDance|[upkeep]
|upkeep
|
|t:|1738867686
|switch|p2a: Metagross|Metagross|71/100
|turn|21
|
|t:|1738867691
|move|p1a: Latios|Thunder|p2a: Metagross
|-damage|p2a: Metagross|27/100
|move|p2a: Metagross|Ice Punch|p1a: Latios
|-supereffective|p1a: Latios
|-damage|p1a: Latios|3/100
|
|-weather|RainDance|[upkeep]
|-heal|p2a: Metagross|33/100|[from] item: Leftovers
|upkeep
|turn|22
|
|t:|1738867700
|switch|p1a: Keldeo|Keldeo-Resolute|100/100
|move|p2a: Metagross|Bullet Punch|p1a: Keldeo
|-resisted|p1a: Keldeo
|-damage|p1a: Keldeo|88/100
|
|-weather|RainDance|[upkeep]
|-heal|p2a: Metagross|39/100|[from] item: Leftovers
|upkeep
|turn|23
|
|t:|1738867710
|move|p1a: Keldeo|Surf|p2a: Metagross
|-damage|p2a: Metagross|0 fnt
|faint|p2a: Metagross
|
|-weather|RainDance|[upkeep]
|upkeep
|
|t:|1738867718
|switch|p2a: Zapdos|Zapdos|62/100
|-ability|p2a: Zapdos|Pressure
|turn|24
|
|t:|1738867724
|move|p1a: Keldeo|Surf|p2a: Zapdos
|-damage|p2a: Zapdos|0 fnt
|faint|p2a: Zapdos
|
|-weather|RainDance|[upkeep]
|upkeep
|
|t:|1738867736
|switch|p2a: Infernape|Infernape, M|85/100
|turn|25
|
|t:|1738867740
|move|p1a: Keldeo|Surf|p2a: Infernape
|-supereffective|p2a: Infernape
|-damage|p2a: Infernape|0 fnt
|faint|p2a: Infernape
|
|win|SattleBimulator
|raw|SattleBimulator's rating: 1390 &rarr; <strong>1408</strong><br />(+18 for winning)
|raw|ALFFYz's rating: 1352 &rarr; <strong>1334</strong><br />(-18 for losing)
