|j|☆bad big bratt
|j|☆refsunpersons
|player|p1|bad big bratt|171
|player|p2|refsunpersons|15
|teamsize|p1|6
|teamsize|p2|6
|gametype|singles
|gen|5
|tier|[Gen 5] OU
|rated|
|rule|Sleep Clause Mod: Limit one foe put to sleep
|rule|Species Clause: Limit one of each Pokémon
|rule|OHKO Clause: OHKO moves are banned
|rule|Moody Clause: Moody is banned
|rule|Evasion Moves Clause: Evasion moves are banned
|rule|Endless Battle Clause: Forcing endless battles is banned
|rule|HP Percentage Mod: HP is shown in percentages
|rule|Evasion Abilities Clause: Evasion abilities are banned
|rule|Baton Pass Clause: Limit one Baton Passer, can't pass Spe and other stats simultaneously
|rule|Swagger Clause: Swagger is banned
|clearpoke
|poke|p1|Amoonguss, F|item
|poke|p1|Landorus-Therian, M|item
|poke|p1|Terrakion|item
|poke|p1|Rotom-Wash|item
|poke|p1|Scizor, F|item
|poke|p1|Tyranitar, F|item
|poke|p2|Diglett, M|item
|poke|p2|Xatu, M|item
|poke|p2|Staraptor, F|item
|poke|p2|Jirachi|item
|poke|p2|Latios, M|item
|poke|p2|Keldeo|item
|teampreview
|inactive|Battle timer is ON: inactive players will automatically lose when time's up. (requested by bad big bratt)
|
|start
|switch|p1a: Clouted Up|Landorus-Therian, M|100/100
|switch|p2a: Jirachi|Jirachi|100/100
|-ability|p1a: Clouted Up|Intimidate|boost
|-unboost|p2a: Jirachi|atk|1
|turn|1
|c|☆refsunpersons|gl hf
|
|move|p2a: Jirachi|U-turn|p1a: Clouted Up
|-resisted|p1a: Clouted Up
|-damage|p1a: Clouted Up|92/100
|c|☆bad big bratt|thanks
|
|switch|p2a: Keldeo|Keldeo|100/100
|move|p1a: Clouted Up|U-turn|p2a: Keldeo
|-resisted|p2a: Keldeo
|-damage|p2a: Keldeo|84/100
|
|switch|p1a: Goodnight|Amoonguss, F|100/100
|
|upkeep
|turn|2
|
|switch|p2a: Xatu|Xatu, M|100/100
|switch|p1a: Washed Up|Rotom-Wash|100/100
|
|upkeep
|turn|3
|
|move|p2a: Xatu|Toxic|p1a: Washed Up
|-status|p1a: Washed Up|tox
|move|p1a: Washed Up|Volt Switch|p2a: Xatu
|-supereffective|p2a: Xatu
|-damage|p2a: Xatu|24/100
|
|switch|p1a: Clouted Up|Landorus-Therian, M|92/100
|-ability|p1a: Clouted Up|Intimidate|boost
|-unboost|p2a: Xatu|atk|1
|
|upkeep
|turn|4
|
|move|p1a: Clouted Up|U-turn|p2a: Xatu
|-damage|p2a: Xatu|0 fnt
|-damage|p1a: Clouted Up|76/100|[from] item: Rocky Helmet|[of] p2a: Xatu
|faint|p2a: Xatu
|
|switch|p1a: Goodnight|Amoonguss, F|100/100
|
|upkeep
|
|switch|p2a: Staraptor|Staraptor, F|100/100
|turn|5
|
|move|p2a: Staraptor|Brave Bird|p1a: Goodnight
|-supereffective|p1a: Goodnight
|-damage|p1a: Goodnight|0 fnt
|-damage|p2a: Staraptor|56/100|[from] Recoil
|faint|p1a: Goodnight
|
|upkeep
|
|switch|p1a: Clouted Up|Landorus-Therian, M|76/100
|-ability|p1a: Clouted Up|Intimidate|boost
|-unboost|p2a: Staraptor|atk|1
|turn|6
|
|switch|p2a: Jirachi|Jirachi|100/100
|move|p1a: Clouted Up|U-turn|p2a: Jirachi
|-damage|p2a: Jirachi|73/100
|
|switch|p1a: Washed Up|Rotom-Wash|100/100 tox
|
|-damage|p1a: Washed Up|94/100 tox|[from] psn
|upkeep
|turn|7
|
|move|p2a: Jirachi|U-turn|p1a: Washed Up
|-damage|p1a: Washed Up|78/100 tox
|
|switch|p2a: Latios|Latios, M|100/100
|move|p1a: Washed Up|Will-O-Wisp|p2a: Latios
|-status|p2a: Latios|brn
|
|-heal|p1a: Washed Up|84/100 tox|[from] item: Leftovers
|-damage|p2a: Latios|88/100 brn|[from] brn
|-damage|p1a: Washed Up|72/100 tox|[from] psn
|upkeep
|turn|8
|
|switch|p1a: Mans Blacklisted|Tyranitar, F|100/100
|-weather|Sandstorm|[from] ability: Sand Stream|[of] p1a: Mans Blacklisted
|move|p2a: Latios|Thunder|p1a: Mans Blacklisted|[miss]
|-miss|p2a: Latios|p1a: Mans Blacklisted
|
|-weather|Sandstorm|[upkeep]
|-damage|p2a: Latios|82/100 brn|[from] Sandstorm
|-damage|p2a: Latios|69/100 brn|[from] brn
|upkeep
|turn|9
|
|move|p2a: Latios|Hidden Power|p1a: Mans Blacklisted
|-supereffective|p1a: Mans Blacklisted
|-enditem|p1a: Mans Blacklisted|Chople Berry|[eat]
|-enditem|p1a: Mans Blacklisted|Chople Berry|[weaken]
|-damage|p1a: Mans Blacklisted|68/100
|-damage|p2a: Latios|60/100 brn|[from] item: Life Orb
|move|p1a: Mans Blacklisted|Stealth Rock|p2a: Latios
|-sidestart|p2: refsunpersons|move: Stealth Rock
|
|-weather|Sandstorm|[upkeep]
|-damage|p2a: Latios|53/100 brn|[from] Sandstorm
|-damage|p2a: Latios|41/100 brn|[from] brn
|upkeep
|turn|10
|
|move|p2a: Latios|Hidden Power|p1a: Mans Blacklisted
|-supereffective|p1a: Mans Blacklisted
|-damage|p1a: Mans Blacklisted|10/100
|-damage|p2a: Latios|31/100 brn|[from] item: Life Orb
|move|p1a: Mans Blacklisted|Pursuit|p2a: Latios
|-supereffective|p2a: Latios
|-crit|p2a: Latios
|-damage|p2a: Latios|0 fnt
|faint|p2a: Latios
|
|-weather|Sandstorm|[upkeep]
|upkeep
|
|switch|p2a: Diglett|Diglett, M|100/100
|-damage|p2a: Diglett|94/100|[from] Stealth Rock
|turn|11
|
|move|p2a: Diglett|Stealth Rock|p1a: Mans Blacklisted
|-sidestart|p1: bad big bratt|move: Stealth Rock
|move|p1a: Mans Blacklisted|Crunch|p2a: Diglett
|-damage|p2a: Diglett|0 fnt
|faint|p2a: Diglett
|
|-weather|Sandstorm|[upkeep]
|upkeep
|
|switch|p2a: Staraptor|Staraptor, F|56/100
|-damage|p2a: Staraptor|31/100|[from] Stealth Rock
|turn|12
|
|move|p2a: Staraptor|U-turn|p1a: Mans Blacklisted
|-supereffective|p1a: Mans Blacklisted
|-damage|p1a: Mans Blacklisted|0 fnt
|faint|p1a: Mans Blacklisted
|
|switch|p2a: Jirachi|Jirachi|73/100
|-damage|p2a: Jirachi|67/100|[from] Stealth Rock
|
|-weather|Sandstorm|[upkeep]
|upkeep
|
|switch|p1a: Clouted Up|Landorus-Therian, M|76/100
|-damage|p1a: Clouted Up|64/100|[from] Stealth Rock
|-ability|p1a: Clouted Up|Intimidate|boost
|-unboost|p2a: Jirachi|atk|1
|turn|13
|
|switch|p1a: Prima Nocta|Scizor, F|100/100
|-damage|p1a: Prima Nocta|88/100|[from] Stealth Rock
|move|p2a: Jirachi|Healing Wish|p2a: Jirachi
|faint|p2a: Jirachi
|
|-weather|Sandstorm|[upkeep]
|upkeep
|
|switch|p2a: Staraptor|Staraptor, F|31/100
|-heal|p2a: Staraptor|100/100|[from] move: Healing Wish
|-damage|p2a: Staraptor|76/100|[from] Stealth Rock
|turn|14
|
|move|p1a: Prima Nocta|Bullet Punch|p2a: Staraptor
|-damage|p2a: Staraptor|8/100
|-damage|p1a: Prima Nocta|78/100|[from] item: Life Orb
|move|p2a: Staraptor|Brave Bird|p1a: Prima Nocta
|-damage|p1a: Prima Nocta|0 fnt
|-damage|p2a: Staraptor|0 fnt|[from] Recoil
|faint|p1a: Prima Nocta
|faint|p2a: Staraptor
|
|-weather|Sandstorm|[upkeep]
|upkeep
|
|switch|p2a: Keldeo|Keldeo|84/100
|switch|p1a: Clouted Up|Landorus-Therian, M|64/100
|-damage|p1a: Clouted Up|51/100|[from] Stealth Rock
|-ability|p1a: Clouted Up|Intimidate|boost
|-unboost|p2a: Keldeo|atk|1
|-damage|p2a: Keldeo|78/100|[from] Stealth Rock
|turn|15
|
|move|p1a: Clouted Up|U-turn|p2a: Keldeo
|-resisted|p2a: Keldeo
|-damage|p2a: Keldeo|63/100
|
|switch|p1a: Boss like Hugo|Terrakion|100/100
|-damage|p1a: Boss like Hugo|94/100|[from] Stealth Rock
|move|p2a: Keldeo|Hydro Pump|p1a: Boss like Hugo
|-supereffective|p1a: Boss like Hugo
|-damage|p1a: Boss like Hugo|0 fnt
|faint|p1a: Boss like Hugo
|
|-weather|Sandstorm|[upkeep]
|-damage|p2a: Keldeo|57/100|[from] Sandstorm
|upkeep
|
|switch|p1a: Washed Up|Rotom-Wash|72/100 tox
|-damage|p1a: Washed Up|59/100 tox|[from] Stealth Rock
|turn|16
|
|move|p2a: Keldeo|Hidden Power|p1a: Washed Up
|-enditem|p2a: Keldeo|Grass Gem|[from] gem|[move] Hidden Power
|-supereffective|p1a: Washed Up
|-damage|p1a: Washed Up|0 fnt
|faint|p1a: Washed Up
|
|-weather|Sandstorm|[upkeep]
|-damage|p2a: Keldeo|51/100|[from] Sandstorm
|upkeep
|
|switch|p1a: Clouted Up|Landorus-Therian, M|51/100
|-damage|p1a: Clouted Up|39/100|[from] Stealth Rock
|-ability|p1a: Clouted Up|Intimidate|boost
|-unboost|p2a: Keldeo|atk|1
|turn|17
|
|move|p1a: Clouted Up|Earthquake|p2a: Keldeo
|-damage|p2a: Keldeo|0 fnt
|faint|p2a: Keldeo
|
|win|bad big bratt
|c|☆refsunpersons|gg wp
|raw|bad big bratt's rating: 1445 &rarr; <strong>1459</strong><br />(+14 for winning)
|raw|refsunpersons's rating: 1339 &rarr; <strong>1325</strong><br />(-14 for losing)
