|j|☆hezhimuye
|j|☆chomp29
|t:|1723367214
|gametype|singles
|player|p1|hezhimuye|hilda-wonderlauncher|1393
|player|p2|chomp29|lucas|1525
|teamsize|p1|6
|teamsize|p2|6
|gen|5
|tier|[Gen 5] OU
|rated|
|rule|Species Clause: Limit one of each Pokémon
|rule|OHKO Clause: OHKO moves are banned
|rule|Moody Clause: Moody is banned
|rule|Evasion Items Clause: Evasion items are banned
|rule|Evasion Moves Clause: Evasion moves are banned
|rule|Endless Battle Clause: Forcing endless battles is banned
|rule|HP Percentage Mod: HP is shown in percentages
|rule|Evasion Abilities Clause: Evasion abilities are banned
|rule|Sleep Moves Clause: Sleep-inducing moves are banned
|rule|Swagger Clause: Swagger is banned
|rule|Baton Pass Stat Clause: No Baton Passer may have a way to boost its stats
|clearpoke
|poke|p1|Politoed, M|item
|poke|p1|Ferrothorn, F|item
|poke|p1|Tentacruel, M|item
|poke|p1|Keldeo-Resolute|item
|poke|p1|Thundurus-Therian, M|item
|poke|p1|Mamoswine, F|item
|poke|p2|Politoed, F|item
|poke|p2|Ferrothorn, F|item
|poke|p2|Kyurem-Black|item
|poke|p2|Blastoise, M|item
|poke|p2|Thundurus-Therian, M|item
|poke|p2|Keldeo|item
|teampreview
|inactive|Battle timer is ON: inactive players will automatically lose when time's up. (requested by chomp29)
|
|t:|1723367242
|start
|switch|p1a: 最喜欢的榴莲|Ferrothorn, F|100/100
|switch|p2a: Thundurus|Thundurus-Therian, M|100/100
|turn|1
|
|t:|1723367267
|move|p2a: Thundurus|Focus Blast|p1a: 最喜欢的榴莲
|-supereffective|p1a: 最喜欢的榴莲
|-damage|p1a: 最喜欢的榴莲|0 fnt
|faint|p1a: 最喜欢的榴莲
|
|upkeep
|
|t:|1723367280
|switch|p1a: 阳光彩虹小白马|Keldeo-Resolute|100/100
|turn|2
|
|t:|1723367290
|move|p1a: 阳光彩虹小白马|Calm Mind|p1a: 阳光彩虹小白马
|-boost|p1a: 阳光彩虹小白马|spa|1
|-boost|p1a: 阳光彩虹小白马|spd|1
|move|p2a: Thundurus|Focus Blast|p1a: 阳光彩虹小白马
|-damage|p1a: 阳光彩虹小白马|47/100
|
|-heal|p1a: 阳光彩虹小白马|53/100|[from] item: Leftovers
|upkeep
|turn|3
|inactive|chomp29 has 120 seconds left.
|
|t:|1723367316
|switch|p2a: Keldeo|Keldeo|100/100
|move|p1a: 阳光彩虹小白马|Substitute|p1a: 阳光彩虹小白马
|-start|p1a: 阳光彩虹小白马|Substitute
|-damage|p1a: 阳光彩虹小白马|28/100
|
|-heal|p1a: 阳光彩虹小白马|34/100|[from] item: Leftovers
|upkeep
|turn|4
|
|t:|1723367326
|move|p2a: Keldeo|Secret Sword|p1a: 阳光彩虹小白马
|-end|p1a: 阳光彩虹小白马|Substitute
|move|p1a: 阳光彩虹小白马|Secret Sword|p2a: Keldeo
|-damage|p2a: Keldeo|40/100
|
|-heal|p1a: 阳光彩虹小白马|40/100|[from] item: Leftovers
|upkeep
|turn|5
|
|t:|1723367348
|switch|p1a: 腥红之月限定版|Thundurus-Therian, M, shiny|100/100
|move|p2a: Keldeo|Secret Sword|p1a: 腥红之月限定版
|-resisted|p1a: 腥红之月限定版
|-damage|p1a: 腥红之月限定版|62/100
|
|-heal|p1a: 腥红之月限定版|68/100|[from] item: Leftovers
|upkeep
|turn|6
|
|t:|1723367365
|switch|p2a: Thundurus|Thundurus-Therian, M|100/100
|move|p1a: 腥红之月限定版|Hidden Power|p2a: Thundurus
|-supereffective|p2a: Thundurus
|-damage|p2a: Thundurus|32/100
|
|-heal|p1a: 腥红之月限定版|74/100|[from] item: Leftovers
|upkeep
|turn|7
|
|t:|1723367375
|switch|p1a: 谁能拒绝拥有一个蓝粉色青蛙|Politoed, M, shiny|100/100
|-weather|RainDance|[from] ability: Drizzle|[of] p1a: 谁能拒绝拥有一个蓝粉色青蛙
|switch|p2a: Keldeo|Keldeo|40/100
|
|-weather|RainDance|[upkeep]
|upkeep
|turn|8
|
|t:|1723367392
|switch|p2a: Ferrothorn|Ferrothorn, F|100/100
|move|p1a: 谁能拒绝拥有一个蓝粉色青蛙|Toxic|p2a: Ferrothorn
|-immune|p2a: Ferrothorn
|
|-weather|RainDance|[upkeep]
|upkeep
|turn|9
|
|t:|1723367398
|move|p1a: 谁能拒绝拥有一个蓝粉色青蛙|Protect|p1a: 谁能拒绝拥有一个蓝粉色青蛙
|-singleturn|p1a: 谁能拒绝拥有一个蓝粉色青蛙|Protect
|move|p2a: Ferrothorn|Gyro Ball|p1a: 谁能拒绝拥有一个蓝粉色青蛙
|-activate|p1a: 谁能拒绝拥有一个蓝粉色青蛙|move: Protect
|
|-weather|RainDance|[upkeep]
|upkeep
|turn|10
|
|t:|1723367406
|move|p1a: 谁能拒绝拥有一个蓝粉色青蛙|Encore|p2a: Ferrothorn
|-start|p2a: Ferrothorn|Encore
|move|p2a: Ferrothorn|Gyro Ball|p1a: 谁能拒绝拥有一个蓝粉色青蛙
|-resisted|p1a: 谁能拒绝拥有一个蓝粉色青蛙
|-damage|p1a: 谁能拒绝拥有一个蓝粉色青蛙|80/100
|
|-weather|RainDance|[upkeep]
|-heal|p1a: 谁能拒绝拥有一个蓝粉色青蛙|86/100|[from] item: Leftovers
|upkeep
|turn|11
|
|t:|1723367417
|switch|p2a: Kyurem|Kyurem-Black|100/100
|-ability|p2a: Kyurem|Teravolt
|move|p1a: 谁能拒绝拥有一个蓝粉色青蛙|Scald|p2a: Kyurem
|-resisted|p2a: Kyurem
|-damage|p2a: Kyurem|84/100
|-status|p2a: Kyurem|brn
|
|-weather|RainDance|[upkeep]
|-heal|p1a: 谁能拒绝拥有一个蓝粉色青蛙|92/100|[from] item: Leftovers
|-damage|p2a: Kyurem|71/100 brn|[from] brn
|upkeep
|turn|12
|
|t:|1723367426
|move|p1a: 谁能拒绝拥有一个蓝粉色青蛙|Protect|p1a: 谁能拒绝拥有一个蓝粉色青蛙
|-singleturn|p1a: 谁能拒绝拥有一个蓝粉色青蛙|Protect
|move|p2a: Kyurem|Draco Meteor|p1a: 谁能拒绝拥有一个蓝粉色青蛙
|-activate|p1a: 谁能拒绝拥有一个蓝粉色青蛙|move: Protect
|
|-weather|RainDance|[upkeep]
|-heal|p1a: 谁能拒绝拥有一个蓝粉色青蛙|98/100|[from] item: Leftovers
|-damage|p2a: Kyurem|59/100 brn|[from] brn
|upkeep
|turn|13
|
|t:|1723367448
|move|p2a: Kyurem|Draco Meteor|p1a: 谁能拒绝拥有一个蓝粉色青蛙
|-damage|p1a: 谁能拒绝拥有一个蓝粉色青蛙|2/100
|-unboost|p2a: Kyurem|spa|2
|move|p1a: 谁能拒绝拥有一个蓝粉色青蛙|Scald|p2a: Kyurem
|-resisted|p2a: Kyurem
|-damage|p2a: Kyurem|42/100 brn
|
|-weather|RainDance|[upkeep]
|-heal|p1a: 谁能拒绝拥有一个蓝粉色青蛙|8/100|[from] item: Leftovers
|-damage|p2a: Kyurem|30/100 brn|[from] brn
|upkeep
|turn|14
|
|t:|1723367456
|switch|p2a: Blastoise|Blastoise, M|100/100
|move|p1a: 谁能拒绝拥有一个蓝粉色青蛙|Protect||[still]
|-fail|p1a: 谁能拒绝拥有一个蓝粉色青蛙
|
|-weather|RainDance|[upkeep]
|-heal|p1a: 谁能拒绝拥有一个蓝粉色青蛙|14/100|[from] item: Leftovers
|upkeep
|turn|15
|
|t:|1723367459
|move|p1a: 谁能拒绝拥有一个蓝粉色青蛙|Toxic|p2a: Blastoise
|-status|p2a: Blastoise|tox
|move|p2a: Blastoise|Scald|p1a: 谁能拒绝拥有一个蓝粉色青蛙
|-resisted|p1a: 谁能拒绝拥有一个蓝粉色青蛙
|-crit|p1a: 谁能拒绝拥有一个蓝粉色青蛙
|-damage|p1a: 谁能拒绝拥有一个蓝粉色青蛙|0 fnt
|faint|p1a: 谁能拒绝拥有一个蓝粉色青蛙
|
|-weather|RainDance|[upkeep]
|-damage|p2a: Blastoise|94/100 tox|[from] psn
|upkeep
|c|☆chomp29|Fast
|
|t:|1723367472
|switch|p1a: 请你吃冰沙|Mamoswine, F|100/100
|turn|16
|c|☆chomp29|Damn
|
|t:|1723367476
|move|p1a: 请你吃冰沙|Substitute|p1a: 请你吃冰沙
|-start|p1a: 请你吃冰沙|Substitute
|-damage|p1a: 请你吃冰沙|76/100
|move|p2a: Blastoise|Scald|p1a: 请你吃冰沙
|-supereffective|p1a: 请你吃冰沙
|-end|p1a: 请你吃冰沙|Substitute
|
|-weather|RainDance|[upkeep]
|-heal|p2a: Blastoise|100/100 tox|[from] ability: Rain Dish
|-heal|p1a: 请你吃冰沙|82/100|[from] item: Leftovers
|-damage|p2a: Blastoise|88/100 tox|[from] psn
|upkeep
|turn|17
|
|t:|1723367486
|switch|p1a: 千年灵芝|Tentacruel, M|100/100
|move|p2a: Blastoise|Scald|p1a: 千年灵芝
|-resisted|p1a: 千年灵芝
|-damage|p1a: 千年灵芝|84/100
|
|-weather|RainDance|[upkeep]
|-heal|p1a: 千年灵芝|90/100|[from] ability: Rain Dish
|-heal|p2a: Blastoise|94/100 tox|[from] ability: Rain Dish
|-heal|p1a: 千年灵芝|97/100|[from] item: Black Sludge
|-heal|p2a: Blastoise|100/100 tox|[from] item: Leftovers
|-damage|p2a: Blastoise|82/100 tox|[from] psn
|upkeep
|turn|18
|
|t:|1723367496
|move|p1a: 千年灵芝|Protect|p1a: 千年灵芝
|-singleturn|p1a: 千年灵芝|Protect
|move|p2a: Blastoise|Scald|p1a: 千年灵芝
|-activate|p1a: 千年灵芝|move: Protect
|
|-weather|RainDance|[upkeep]
|-heal|p1a: 千年灵芝|100/100|[from] ability: Rain Dish
|-heal|p2a: Blastoise|88/100 tox|[from] ability: Rain Dish
|-heal|p2a: Blastoise|94/100 tox|[from] item: Leftovers
|-damage|p2a: Blastoise|70/100 tox|[from] psn
|upkeep
|turn|19
|
|t:|1723367513
|move|p1a: 千年灵芝|Scald|p2a: Blastoise
|-resisted|p2a: Blastoise
|-damage|p2a: Blastoise|56/100 tox
|move|p2a: Blastoise|Scald|p1a: 千年灵芝
|-resisted|p1a: 千年灵芝
|-damage|p1a: 千年灵芝|85/100
|
|-weather|RainDance|[upkeep]
|-heal|p1a: 千年灵芝|91/100|[from] ability: Rain Dish
|-heal|p2a: Blastoise|62/100 tox|[from] ability: Rain Dish
|-heal|p1a: 千年灵芝|97/100|[from] item: Black Sludge
|-heal|p2a: Blastoise|68/100 tox|[from] item: Leftovers
|-damage|p2a: Blastoise|38/100 tox|[from] psn
|upkeep
|turn|20
|
|t:|1723367532
|move|p1a: 千年灵芝|Scald|p2a: Blastoise
|-resisted|p2a: Blastoise
|-damage|p2a: Blastoise|24/100 tox
|move|p2a: Blastoise|Scald|p1a: 千年灵芝
|-resisted|p1a: 千年灵芝
|-damage|p1a: 千年灵芝|82/100
|
|-weather|RainDance|[upkeep]
|-heal|p1a: 千年灵芝|88/100|[from] ability: Rain Dish
|-heal|p2a: Blastoise|30/100 tox|[from] ability: Rain Dish
|-heal|p1a: 千年灵芝|94/100|[from] item: Black Sludge
|-heal|p2a: Blastoise|36/100 tox|[from] item: Leftovers
|-damage|p2a: Blastoise|0 fnt|[from] psn
|faint|p2a: Blastoise
|upkeep
|
|t:|1723367540
|switch|p2a: Ferrothorn|Ferrothorn, F|100/100
|turn|21
|
|t:|1723367552
|switch|p1a: 腥红之月限定版|Thundurus-Therian, M, shiny|74/100
|move|p2a: Ferrothorn|Stealth Rock|p1a: 腥红之月限定版
|-sidestart|p1: hezhimuye|move: Stealth Rock
|
|-weather|RainDance|[upkeep]
|-heal|p1a: 腥红之月限定版|80/100|[from] item: Leftovers
|upkeep
|turn|22
|
|t:|1723367559
|move|p1a: 腥红之月限定版|Focus Blast|p2a: Ferrothorn
|-supereffective|p2a: Ferrothorn
|-enditem|p2a: Ferrothorn|Chople Berry|[eat]
|-enditem|p2a: Ferrothorn|Chople Berry|[weaken]
|-damage|p2a: Ferrothorn|67/100
|move|p2a: Ferrothorn|Gyro Ball|p1a: 腥红之月限定版
|-resisted|p1a: 腥红之月限定版
|-damage|p1a: 腥红之月限定版|34/100
|
|-weather|RainDance|[upkeep]
|-heal|p1a: 腥红之月限定版|40/100|[from] item: Leftovers
|upkeep
|turn|23
|
|t:|1723367575
|switch|p2a: Thundurus|Thundurus-Therian, M|32/100
|move|p1a: 腥红之月限定版|Focus Blast|p2a: Thundurus|[miss]
|-miss|p1a: 腥红之月限定版|p2a: Thundurus
|
|-weather|RainDance|[upkeep]
|-heal|p1a: 腥红之月限定版|46/100|[from] item: Leftovers
|upkeep
|turn|24
|
|t:|1723367587
|switch|p1a: 千年灵芝|Tentacruel, M|94/100
|-damage|p1a: 千年灵芝|82/100|[from] Stealth Rock
|move|p2a: Thundurus|Focus Blast|p1a: 千年灵芝|[miss]
|-miss|p2a: Thundurus|p1a: 千年灵芝
|
|-weather|RainDance|[upkeep]
|-heal|p1a: 千年灵芝|88/100|[from] ability: Rain Dish
|-heal|p1a: 千年灵芝|94/100|[from] item: Black Sludge
|upkeep
|turn|25
|
|t:|1723367593
|switch|p2a: Ferrothorn|Ferrothorn, F|67/100
|move|p1a: 千年灵芝|Rapid Spin|p2a: Ferrothorn
|-resisted|p2a: Ferrothorn
|-damage|p2a: Ferrothorn|66/100
|-damage|p1a: 千年灵芝|82/100|[from] ability: Iron Barbs|[of] p2a: Ferrothorn
|-sideend|p1: hezhimuye|Stealth Rock|[from] move: Rapid Spin|[of] p1a: 千年灵芝
|
|-weather|RainDance|[upkeep]
|-heal|p1a: 千年灵芝|88/100|[from] ability: Rain Dish
|-heal|p1a: 千年灵芝|94/100|[from] item: Black Sludge
|upkeep
|turn|26
|
|t:|1723367599
|move|p1a: 千年灵芝|Scald|p2a: Ferrothorn
|-resisted|p2a: Ferrothorn
|-damage|p2a: Ferrothorn|52/100
|move|p2a: Ferrothorn|Power Whip|p1a: 千年灵芝|[miss]
|-miss|p2a: Ferrothorn|p1a: 千年灵芝
|
|-weather|RainDance|[upkeep]
|-heal|p1a: 千年灵芝|100/100|[from] ability: Rain Dish
|upkeep
|turn|27
|c|☆chomp29|X.x.
|
|t:|1723367611
|move|p1a: 千年灵芝|Scald|p2a: Ferrothorn
|-resisted|p2a: Ferrothorn
|-damage|p2a: Ferrothorn|39/100
|move|p2a: Ferrothorn|Power Whip|p1a: 千年灵芝
|-damage|p1a: 千年灵芝|47/100
|
|-weather|RainDance|[upkeep]
|-heal|p1a: 千年灵芝|53/100|[from] ability: Rain Dish
|-heal|p1a: 千年灵芝|59/100|[from] item: Black Sludge
|upkeep
|turn|28
|
|t:|1723367620
|move|p1a: 千年灵芝|Protect|p1a: 千年灵芝
|-singleturn|p1a: 千年灵芝|Protect
|move|p2a: Ferrothorn|Stealth Rock|p1a: 千年灵芝
|-sidestart|p1: hezhimuye|move: Stealth Rock
|
|-weather|RainDance|[upkeep]
|-heal|p1a: 千年灵芝|66/100|[from] ability: Rain Dish
|-heal|p1a: 千年灵芝|72/100|[from] item: Black Sludge
|upkeep
|turn|29
|
|t:|1723367635
|move|p1a: 千年灵芝|Scald|p2a: Ferrothorn
|-resisted|p2a: Ferrothorn
|-damage|p2a: Ferrothorn|26/100
|move|p2a: Ferrothorn|Power Whip|p1a: 千年灵芝
|-damage|p1a: 千年灵芝|18/100
|
|-weather|RainDance|[upkeep]
|-heal|p1a: 千年灵芝|25/100|[from] ability: Rain Dish
|-heal|p1a: 千年灵芝|31/100|[from] item: Black Sludge
|upkeep
|turn|30
|
|t:|1723367649
|move|p1a: 千年灵芝|Protect|p1a: 千年灵芝
|-singleturn|p1a: 千年灵芝|Protect
|move|p2a: Ferrothorn|Power Whip|p1a: 千年灵芝
|-activate|p1a: 千年灵芝|move: Protect
|
|-weather|RainDance|[upkeep]
|-heal|p1a: 千年灵芝|37/100|[from] ability: Rain Dish
|-heal|p1a: 千年灵芝|43/100|[from] item: Black Sludge
|upkeep
|turn|31
|
|t:|1723367668
|move|p1a: 千年灵芝|Rapid Spin|p2a: Ferrothorn
|-resisted|p2a: Ferrothorn
|-damage|p2a: Ferrothorn|25/100
|-damage|p1a: 千年灵芝|31/100|[from] ability: Iron Barbs|[of] p2a: Ferrothorn
|-sideend|p1: hezhimuye|Stealth Rock|[from] move: Rapid Spin|[of] p1a: 千年灵芝
|move|p2a: Ferrothorn|Power Whip|p1a: 千年灵芝
|-damage|p1a: 千年灵芝|0 fnt
|faint|p1a: 千年灵芝
|
|-weather|RainDance|[upkeep]
|upkeep
|
|t:|1723367675
|switch|p1a: 请你吃冰沙|Mamoswine, F|82/100
|turn|32
|
|t:|1723367683
|move|p1a: 请你吃冰沙|Earthquake|p2a: Ferrothorn
|-damage|p2a: Ferrothorn|0 fnt
|faint|p2a: Ferrothorn
|
|-weather|RainDance|[upkeep]
|-heal|p1a: 请你吃冰沙|88/100|[from] item: Leftovers
|upkeep
|
|t:|1723367696
|switch|p2a: Keldeo|Keldeo|40/100
|turn|33
|
|t:|1723367705
|switch|p1a: 阳光彩虹小白马|Keldeo-Resolute|40/100
|move|p2a: Keldeo|Surf|p1a: 阳光彩虹小白马
|-resisted|p1a: 阳光彩虹小白马
|-damage|p1a: 阳光彩虹小白马|0 fnt
|faint|p1a: 阳光彩虹小白马
|
|-weather|RainDance|[upkeep]
|upkeep
|c|☆chomp29|Gg wp
|
|t:|1723367714
|switch|p1a: 腥红之月限定版|Thundurus-Therian, M, shiny|46/100
|turn|34
|
|t:|1723367717
|move|p2a: Keldeo|Surf|p1a: 腥红之月限定版
|-damage|p1a: 腥红之月限定版|0 fnt
|faint|p1a: 腥红之月限定版
|
|-weather|RainDance|[upkeep]
|upkeep
|
|t:|1723367718
|switch|p1a: 请你吃冰沙|Mamoswine, F|88/100
|turn|35
|
|t:|1723367720
|move|p1a: 请你吃冰沙|Ice Shard|p2a: Keldeo
|-resisted|p2a: Keldeo
|-damage|p2a: Keldeo|29/100
|move|p2a: Keldeo|Surf|p1a: 请你吃冰沙
|-supereffective|p1a: 请你吃冰沙
|-damage|p1a: 请你吃冰沙|0 fnt
|faint|p1a: 请你吃冰沙
|
|win|chomp29
|raw|hezhimuye's rating: 1393 &rarr; <strong>1380</strong><br />(-13 for losing)
|raw|chomp29's rating: 1525 &rarr; <strong>1538</strong><br />(+13 for winning)
