|j|☆Paltham
|j|☆KazuyaBibarel
|t:|1748806881
|gametype|singles
|player|p1|Paltham|n|1283
|player|p2|KazuyaBibarel|swimmerfjp-gen2|1424
|teamsize|p1|6
|teamsize|p2|6
|gen|5
|tier|[Gen 5] OU
|rated|
|rule|Species Clause: Limit one of each Pokémon
|rule|OHKO Clause: OHKO moves are banned
|rule|Moody Clause: Moody is banned
|rule|Evasion Items Clause: Evasion items are banned
|rule|Evasion Moves Clause: Evasion moves are banned
|rule|Endless Battle Clause: Forcing endless battles is banned
|rule|HP Percentage Mod: HP is shown in percentages
|rule|Evasion Abilities Clause: Evasion abilities are banned
|rule|Sleep Moves Clause: Sleep-inducing moves are banned
|rule|Swagger Clause: Swagger is banned
|rule|Baton Pass Stat Clause: No Baton Passer may have a way to boost its stats
|clearpoke
|poke|p1|Hitmontop, M|item
|poke|p1|Tyranitar, F|item
|poke|p1|Landorus-Therian, M|item
|poke|p1|Latios, M|item
|poke|p1|Keldeo|item
|poke|p1|Ferrothorn, M|item
|poke|p2|Jirachi|item
|poke|p2|Volcarona, M|item
|poke|p2|Conkeldurr, M|item
|poke|p2|Starmie|item
|poke|p2|Terrakion|item
|poke|p2|Dragonite, M|item
|teampreview
|inactive|Battle timer is ON: inactive players will automatically lose when time's up. (requested by KazuyaBibarel)
|inactive|Paltham also wants the timer to be on.
|inactive|Paltham has 120 seconds left.
|inactive|KazuyaBibarel has 120 seconds left.
|
|t:|1748806924
|start
|switch|p1a: Ladder-T(errorist)|Landorus-Therian, M|100/100
|switch|p2a: Starmie|Starmie|100/100
|-item|p2a: Starmie|Air Balloon
|-ability|p1a: Ladder-T(errorist)|Intimidate|boost
|-unboost|p2a: Starmie|atk|1
|turn|1
|
|t:|1748806942
|switch|p1a: Heterrothorn|Ferrothorn, M, shiny|100/100
|move|p2a: Starmie|Ice Beam|p1a: Heterrothorn
|-damage|p1a: Heterrothorn|76/100
|
|-heal|p1a: Heterrothorn|82/100|[from] item: Leftovers
|upkeep
|turn|2
|
|t:|1748806959
|switch|p2a: Terrakion|Terrakion|100/100
|move|p1a: Heterrothorn|Knock Off|p2a: Terrakion
|-resisted|p2a: Terrakion
|-crit|p2a: Terrakion
|-damage|p2a: Terrakion|95/100
|-ability|p2a: Terrakion|Justified|boost
|-boost|p2a: Terrakion|atk|1
|-enditem|p2a: Terrakion|Focus Sash|[from] move: Knock Off|[of] p1a: Heterrothorn
|
|-heal|p1a: Heterrothorn|88/100|[from] item: Leftovers
|upkeep
|turn|3
|
|t:|1748806969
|switch|p1a: Ladder-T(errorist)|Landorus-Therian, M|100/100
|-ability|p1a: Ladder-T(errorist)|Intimidate|boost
|-unboost|p2a: Terrakion|atk|1
|move|p2a: Terrakion|Stealth Rock|p1a: Ladder-T(errorist)
|-sidestart|p1: Paltham|move: Stealth Rock
|
|upkeep
|turn|4
|
|t:|1748806978
|move|p2a: Terrakion|Stone Edge|p1a: Ladder-T(errorist)|[miss]
|-miss|p2a: Terrakion|p1a: Ladder-T(errorist)
|move|p1a: Ladder-T(errorist)|Stealth Rock|p2a: Terrakion
|-sidestart|p2: KazuyaBibarel|move: Stealth Rock
|
|upkeep
|turn|5
|
|t:|1748806983
|move|p2a: Terrakion|Stone Edge|p1a: Ladder-T(errorist)
|-damage|p1a: Ladder-T(errorist)|48/100
|move|p1a: Ladder-T(errorist)|Earthquake|p2a: Terrakion
|-supereffective|p2a: Terrakion
|-damage|p2a: Terrakion|0 fnt
|faint|p2a: Terrakion
|
|-heal|p1a: Ladder-T(errorist)|54/100|[from] item: Leftovers
|upkeep
|
|t:|1748806987
|switch|p2a: Starmie|Starmie|100/100
|-damage|p2a: Starmie|88/100|[from] Stealth Rock
|-item|p2a: Starmie|Air Balloon
|turn|6
|
|t:|1748806996
|move|p2a: Starmie|Rapid Spin|p1a: Ladder-T(errorist)
|-damage|p1a: Ladder-T(errorist)|51/100
|-sideend|p2: KazuyaBibarel|Stealth Rock|[from] move: Rapid Spin|[of] p2a: Starmie
|move|p1a: Ladder-T(errorist)|U-turn|p2a: Starmie
|-supereffective|p2a: Starmie
|-damage|p2a: Starmie|21/100
|-enditem|p2a: Starmie|Air Balloon
|
|t:|1748807002
|switch|p1a: Top-monHit|Hitmontop, M|100/100|[from] U-turn
|-damage|p1a: Top-monHit|95/100|[from] Stealth Rock
|-ability|p1a: Top-monHit|Intimidate|boost
|-unboost|p2a: Starmie|atk|1
|
|-heal|p1a: Top-monHit|100/100|[from] item: Leftovers
|upkeep
|turn|7
|
|t:|1748807013
|switch|p2a: Conkeldurr|Conkeldurr, M|100/100
|move|p1a: Top-monHit|Fake Out|p2a: Conkeldurr
|-damage|p2a: Conkeldurr|93/100
|
|-heal|p2a: Conkeldurr|99/100|[from] item: Leftovers
|upkeep
|turn|8
|
|t:|1748807024
|move|p1a: Top-monHit|Toxic|p2a: Conkeldurr
|-status|p2a: Conkeldurr|tox
|move|p2a: Conkeldurr|Drain Punch|p1a: Top-monHit
|-damage|p1a: Top-monHit|27/100
|-heal|p2a: Conkeldurr|100/100 tox|[from] drain|[of] p1a: Top-monHit
|
|-heal|p1a: Top-monHit|33/100|[from] item: Leftovers
|-damage|p2a: Conkeldurr|94/100 tox|[from] psn
|upkeep
|turn|9
|
|t:|1748807030
|move|p1a: Top-monHit|Rapid Spin|p2a: Conkeldurr
|-damage|p2a: Conkeldurr|90/100 tox
|-sideend|p1: Paltham|Stealth Rock|[from] move: Rapid Spin|[of] p1a: Top-monHit
|move|p2a: Conkeldurr|Drain Punch|p1a: Top-monHit
|-crit|p1a: Top-monHit
|-damage|p1a: Top-monHit|0 fnt
|-heal|p2a: Conkeldurr|100/100 tox|[from] drain|[of] p1a: Top-monHit
|faint|p1a: Top-monHit
|
|-damage|p2a: Conkeldurr|88/100 tox|[from] psn
|upkeep
|
|t:|1748807037
|switch|p1a: Ladder-T(errorist)|Landorus-Therian, M|51/100
|-ability|p1a: Ladder-T(errorist)|Intimidate|boost
|-unboost|p2a: Conkeldurr|atk|1
|turn|10
|
|t:|1748807042
|move|p1a: Ladder-T(errorist)|U-turn|p2a: Conkeldurr
|-resisted|p2a: Conkeldurr
|-damage|p2a: Conkeldurr|79/100 tox
|
|t:|1748807043
|switch|p1a: Heterrothorn|Ferrothorn, M, shiny|88/100|[from] U-turn
|move|p2a: Conkeldurr|Ice Punch|p1a: Heterrothorn
|-damage|p1a: Heterrothorn|69/100
|-damage|p2a: Conkeldurr|66/100 tox|[from] ability: Iron Barbs|[of] p1a: Heterrothorn
|
|-heal|p2a: Conkeldurr|72/100 tox|[from] item: Leftovers
|-heal|p1a: Heterrothorn|75/100|[from] item: Leftovers
|-damage|p2a: Conkeldurr|54/100 tox|[from] psn
|upkeep
|turn|11
|
|t:|1748807050
|switch|p2a: Volcarona|Volcarona, M|100/100
|switch|p1a: Ladder-T(errorist)|Landorus-Therian, M|51/100
|-ability|p1a: Ladder-T(errorist)|Intimidate|boost
|-unboost|p2a: Volcarona|atk|1
|
|-heal|p1a: Ladder-T(errorist)|57/100|[from] item: Leftovers
|upkeep
|turn|12
|
|t:|1748807057
|move|p2a: Volcarona|Fire Blast|p1a: Ladder-T(errorist)
|-damage|p1a: Ladder-T(errorist)|0 fnt
|faint|p1a: Ladder-T(errorist)
|-damage|p2a: Volcarona|91/100|[from] item: Life Orb
|
|upkeep
|
|t:|1748807067
|switch|p1a: Tyran's Rights|Tyranitar, F, shiny|100/100
|-weather|Sandstorm|[from] ability: Sand Stream|[of] p1a: Tyran's Rights
|turn|13
|
|t:|1748807085
|move|p2a: Volcarona|Bug Buzz|p1a: Tyran's Rights
|-supereffective|p1a: Tyran's Rights
|-damage|p1a: Tyran's Rights|40/100
|-damage|p2a: Volcarona|81/100|[from] item: Life Orb
|move|p1a: Tyran's Rights|Thunder Wave|p2a: Volcarona
|-status|p2a: Volcarona|par
|
|-weather|Sandstorm|[upkeep]
|-damage|p2a: Volcarona|75/100 par|[from] Sandstorm
|upkeep
|turn|14
|
|t:|1748807099
|switch|p1a: Deomancy|Keldeo|100/100
|switch|p2a: Jirachi|Jirachi|100/100
|
|-weather|Sandstorm|[upkeep]
|-damage|p1a: Deomancy|94/100|[from] Sandstorm
|-heal|p1a: Deomancy|100/100|[from] item: Leftovers
|upkeep
|turn|15
|inactive|KazuyaBibarel has 120 seconds left.
|
|t:|1748807132
|move|p2a: Jirachi|U-turn|p1a: Deomancy
|-resisted|p1a: Deomancy
|-crit|p1a: Deomancy
|-damage|p1a: Deomancy|81/100
|
|t:|1748807136
|switch|p2a: Starmie|Starmie|21/100|[from] U-turn
|move|p1a: Deomancy|Secret Sword|p2a: Starmie
|-resisted|p2a: Starmie
|-damage|p2a: Starmie|0 fnt
|faint|p2a: Starmie
|
|-weather|Sandstorm|[upkeep]
|-damage|p1a: Deomancy|75/100|[from] Sandstorm
|-heal|p1a: Deomancy|81/100|[from] item: Leftovers
|upkeep
|
|t:|1748807139
|switch|p2a: Conkeldurr|Conkeldurr, M|54/100 tox
|turn|16
|
|t:|1748807146
|move|p1a: Deomancy|Protect|p1a: Deomancy
|-singleturn|p1a: Deomancy|Protect
|move|p2a: Conkeldurr|Drain Punch|p1a: Deomancy
|-activate|p1a: Deomancy|move: Protect
|
|-weather|Sandstorm|[upkeep]
|-damage|p1a: Deomancy|75/100|[from] Sandstorm
|-damage|p2a: Conkeldurr|48/100 tox|[from] Sandstorm
|-heal|p1a: Deomancy|81/100|[from] item: Leftovers
|-heal|p2a: Conkeldurr|54/100 tox|[from] item: Leftovers
|-damage|p2a: Conkeldurr|48/100 tox|[from] psn
|upkeep
|turn|17
|
|t:|1748807157
|move|p1a: Deomancy|Scald|p2a: Conkeldurr
|-damage|p2a: Conkeldurr|12/100 tox
|move|p2a: Conkeldurr|Payback|p1a: Deomancy
|-resisted|p1a: Deomancy
|-damage|p1a: Deomancy|50/100
|-ability|p1a: Deomancy|Justified|boost
|-boost|p1a: Deomancy|atk|1
|
|-weather|Sandstorm|[upkeep]
|-damage|p1a: Deomancy|44/100|[from] Sandstorm
|-damage|p2a: Conkeldurr|5/100 tox|[from] Sandstorm
|-heal|p1a: Deomancy|50/100|[from] item: Leftovers
|-heal|p2a: Conkeldurr|12/100 tox|[from] item: Leftovers
|-damage|p2a: Conkeldurr|0 fnt|[from] psn
|faint|p2a: Conkeldurr
|upkeep
|
|t:|1748807161
|switch|p2a: Dragonite|Dragonite, M|100/100
|turn|18
|
|t:|1748807166
|move|p1a: Deomancy|Hidden Power|p2a: Dragonite
|-supereffective|p2a: Dragonite
|-damage|p2a: Dragonite|47/100
|move|p2a: Dragonite|Dragon Dance|p2a: Dragonite
|-boost|p2a: Dragonite|atk|1
|-boost|p2a: Dragonite|spe|1
|
|-weather|Sandstorm|[upkeep]
|-damage|p2a: Dragonite|40/100|[from] Sandstorm
|-damage|p1a: Deomancy|44/100|[from] Sandstorm
|-heal|p1a: Deomancy|50/100|[from] item: Leftovers
|upkeep
|turn|19
|
|t:|1748807174
|move|p1a: Deomancy|Protect|p1a: Deomancy
|-singleturn|p1a: Deomancy|Protect
|move|p2a: Dragonite|Outrage|p1a: Deomancy
|-activate|p1a: Deomancy|move: Protect
|
|-weather|Sandstorm|[upkeep]
|-damage|p2a: Dragonite|34/100|[from] Sandstorm
|-damage|p1a: Deomancy|44/100|[from] Sandstorm
|-heal|p1a: Deomancy|50/100|[from] item: Leftovers
|upkeep
|turn|20
|
|t:|1748807183
|switch|p1a: Heterrothorn|Ferrothorn, M, shiny|75/100
|move|p2a: Dragonite|Outrage|p1a: Heterrothorn
|-resisted|p1a: Heterrothorn
|-damage|p1a: Heterrothorn|36/100
|-damage|p2a: Dragonite|22/100|[from] ability: Iron Barbs|[of] p1a: Heterrothorn
|
|-weather|Sandstorm|[upkeep]
|-damage|p2a: Dragonite|16/100|[from] Sandstorm
|-heal|p1a: Heterrothorn|42/100|[from] item: Leftovers
|upkeep
|turn|21
|
|t:|1748807210
|move|p2a: Dragonite|Outrage|p1a: Heterrothorn|[from] lockedmove
|-resisted|p1a: Heterrothorn
|-damage|p1a: Heterrothorn|7/100
|-damage|p2a: Dragonite|3/100|[from] ability: Iron Barbs|[of] p1a: Heterrothorn
|-start|p2a: Dragonite|confusion|[fatigue]
|-enditem|p2a: Dragonite|Lum Berry|[eat]
|-end|p2a: Dragonite|confusion
|move|p1a: Heterrothorn|Spikes|p2a: Dragonite
|-sidestart|p2: KazuyaBibarel|Spikes
|
|-weather|Sandstorm|[upkeep]
|-damage|p2a: Dragonite|0 fnt|[from] Sandstorm
|faint|p2a: Dragonite
|-heal|p1a: Heterrothorn|13/100|[from] item: Leftovers
|upkeep
|
|t:|1748807222
|switch|p2a: Jirachi|Jirachi|100/100
|-damage|p2a: Jirachi|88/100|[from] Spikes
|turn|22
|
|t:|1748807227
|move|p2a: Jirachi|Healing Wish|p2a: Jirachi
|faint|p2a: Jirachi
|move|p1a: Heterrothorn|Knock Off|p2: Jirachi|[notarget]
|-fail|p1a: Heterrothorn
|
|-weather|Sandstorm|[upkeep]
|-heal|p1a: Heterrothorn|19/100|[from] item: Leftovers
|upkeep
|
|t:|1748807233
|switch|p2a: Volcarona|Volcarona, M|75/100 par
|-heal|p2a: Volcarona|100/100|[from] move: Healing Wish
|-damage|p2a: Volcarona|88/100|[from] Spikes
|turn|23
|
|t:|1748807240
|move|p2a: Volcarona|Quiver Dance|p2a: Volcarona
|-boost|p2a: Volcarona|spa|1
|-boost|p2a: Volcarona|spd|1
|-boost|p2a: Volcarona|spe|1
|move|p1a: Heterrothorn|Knock Off|p2a: Volcarona
|-damage|p2a: Volcarona|82/100
|-enditem|p2a: Volcarona|Life Orb|[from] move: Knock Off|[of] p1a: Heterrothorn
|
|-weather|Sandstorm|[upkeep]
|-damage|p2a: Volcarona|76/100|[from] Sandstorm
|-heal|p1a: Heterrothorn|25/100|[from] item: Leftovers
|upkeep
|turn|24
|
|t:|1748807255
|move|p2a: Volcarona|Quiver Dance|p2a: Volcarona
|-boost|p2a: Volcarona|spa|1
|-boost|p2a: Volcarona|spd|1
|-boost|p2a: Volcarona|spe|1
|move|p1a: Heterrothorn|Gyro Ball|p2a: Volcarona
|-resisted|p2a: Volcarona
|-crit|p2a: Volcarona
|-damage|p2a: Volcarona|0 fnt
|-status|p1a: Heterrothorn|brn|[from] ability: Flame Body|[of] p2a: Volcarona
|faint|p2a: Volcarona
|
|win|Paltham
|raw|Paltham's rating: 1283 &rarr; <strong>1318</strong><br />(+35 for winning)
|raw|KazuyaBibarel's rating: 1424 &rarr; <strong>1396</strong><br />(-28 for losing)
|c|☆KazuyaBibarel|gg
|c|☆Paltham|gg
|c|☆Paltham|lol
|l|☆KazuyaBibarel
|player|p2|
