|uhtml|medal-msg|<div class="broadcast-blue">Curious what those medals under the avatar are? PS now has Ladder Seasons! For more information, check out the <a href="https://www.smogon.com/forums/threads/3740067/">thread on Smogon.</a></div>
|uhtml|medal-msg|<div class="broadcast-blue">Curious what those medals under the avatar are? PS now has Ladder Seasons! For more information, check out the <a href="https://www.smogon.com/forums/threads/3740067/">thread on Smogon.</a></div>
|j|☆torinoko city
|j|☆twizzy tonkaaaa
|t:|1713514683
|gametype|singles
|player|p1|torinoko city|miku-flying|1493
|player|p2|twizzy tonkaaaa|argenta|1528
|teamsize|p1|6
|teamsize|p2|6
|gen|5
|tier|[Gen 5] OU
|rated|
|rule|Species Clause: Limit one of each Pokémon
|rule|OHKO Clause: OHKO moves are banned
|rule|Moody Clause: Moody is banned
|rule|Evasion Items Clause: Evasion items are banned
|rule|Evasion Moves Clause: Evasion moves are banned
|rule|Endless Battle Clause: Forcing endless battles is banned
|rule|HP Percentage Mod: HP is shown in percentages
|rule|Evasion Abilities Clause: Evasion abilities are banned
|rule|Sleep Moves Clause: Sleep-inducing moves are banned
|rule|Swagger Clause: Swagger is banned
|rule|Baton Pass Stat Clause: No Baton Passer may have a way to boost its stats
|clearpoke
|poke|p1|Hippowdon, F|item
|poke|p1|Clefable, F|item
|poke|p1|Alakazam, M|item
|poke|p1|Skarmory, F|item
|poke|p1|Magnezone|item
|poke|p1|Latios, M|item
|poke|p2|Abomasnow, F|item
|poke|p2|Kyurem-Black|item
|poke|p2|Gliscor, F|item
|poke|p2|Reuniclus, M|item
|poke|p2|Latios, M|item
|poke|p2|Empoleon, M|item
|teampreview
|inactive|Battle timer is ON: inactive players will automatically lose when time's up. (requested by torinoko city)
|c|☆torinoko city|hi cow
|c|☆twizzy tonkaaaa|hf
|c|☆torinoko city|hf
|
|t:|1713514704
|start
|switch|p1a: Clefable|Clefable, F|100/100
|switch|p2a: Kyurem|Kyurem-Black|100/100
|-ability|p2a: Kyurem|Teravolt
|turn|1
|
|t:|1713514725
|switch|p1a: Magnezone|Magnezone|100/100
|move|p2a: Kyurem|Substitute|p2a: Kyurem
|-start|p2a: Kyurem|Substitute
|-damage|p2a: Kyurem|76/100
|
|upkeep
|turn|2
|
|t:|1713514730
|move|p1a: Magnezone|Flash Cannon|p2a: Kyurem
|-supereffective|p2a: Kyurem
|-end|p2a: Kyurem|Substitute
|move|p2a: Kyurem|Fusion Bolt|p1a: Magnezone
|-resisted|p1a: Magnezone
|-crit|p1a: Magnezone
|-damage|p1a: Magnezone|47/100
|
|upkeep
|turn|3
|
|t:|1713514737
|switch|p2a: Empoleon|Empoleon, M|100/100
|move|p1a: Magnezone|Flash Cannon|p2a: Empoleon
|-resisted|p2a: Empoleon
|-damage|p2a: Empoleon|93/100
|
|-heal|p2a: Empoleon|99/100|[from] item: Leftovers
|upkeep
|turn|4
|
|t:|1713514747
|switch|p1a: Clefable|Clefable, F|100/100
|move|p2a: Empoleon|Stealth Rock|p1a: Clefable
|-sidestart|p1: torinoko city|move: Stealth Rock
|
|-heal|p2a: Empoleon|100/100|[from] item: Leftovers
|upkeep
|turn|5
|
|t:|1713514755
|switch|p2a: Abomasnow|Abomasnow, F|100/100
|-weather|Hail|[from] ability: Snow Warning|[of] p2a: Abomasnow
|move|p1a: Clefable|Thunder Wave|p2a: Abomasnow
|-status|p2a: Abomasnow|par
|
|-weather|Hail|[upkeep]
|upkeep
|turn|6
|
|t:|1713514765
|move|p1a: Clefable|Knock Off|p2a: Abomasnow
|-damage|p2a: Abomasnow|96/100 par
|-enditem|p2a: Abomasnow|Focus Sash|[from] move: Knock Off|[of] p1a: Clefable
|move|p2a: Abomasnow|Blizzard|p1a: Clefable
|-damage|p1a: Clefable|64/100
|
|-weather|Hail|[upkeep]
|-heal|p1a: Clefable|71/100|[from] item: Leftovers
|upkeep
|turn|7
|
|t:|1713514772
|switch|p2a: Gliscor|Gliscor, F|100/100
|move|p1a: Clefable|Ice Beam|p2a: Gliscor
|-supereffective|p2a: Gliscor
|-damage|p2a: Gliscor|8/100
|
|-weather|Hail|[upkeep]
|-damage|p2a: Gliscor|2/100|[from] Hail
|-heal|p1a: Clefable|77/100|[from] item: Leftovers
|-status|p2a: Gliscor|tox|[from] item: Toxic Orb
|upkeep
|turn|8
|
|t:|1713514779
|move|p2a: Gliscor|Roost|p2a: Gliscor
|-heal|p2a: Gliscor|52/100 tox
|-singleturn|p2a: Gliscor|move: Roost
|move|p1a: Clefable|Soft-Boiled|p1a: Clefable
|-heal|p1a: Clefable|100/100
|
|-weather|Hail|[upkeep]
|-damage|p2a: Gliscor|46/100 tox|[from] Hail
|-heal|p2a: Gliscor|58/100 tox|[from] ability: Poison Heal
|upkeep
|turn|9
|
|t:|1713514783
|move|p2a: Gliscor|Roost|p2a: Gliscor
|-heal|p2a: Gliscor|100/100 tox
|-singleturn|p2a: Gliscor|move: Roost
|move|p1a: Clefable|Ice Beam|p2a: Gliscor
|-supereffective|p2a: Gliscor
|-damage|p2a: Gliscor|57/100 tox
|
|-weather|Hail|[upkeep]
|-damage|p2a: Gliscor|51/100 tox|[from] Hail
|-heal|p2a: Gliscor|64/100 tox|[from] ability: Poison Heal
|upkeep
|turn|10
|
|t:|1713514787
|switch|p2a: Kyurem|Kyurem-Black|76/100
|-ability|p2a: Kyurem|Teravolt
|switch|p1a: Skarmory|Skarmory, F|100/100
|-damage|p1a: Skarmory|88/100|[from] Stealth Rock
|
|-weather|Hail|[upkeep]
|-damage|p1a: Skarmory|82/100|[from] Hail
|-heal|p1a: Skarmory|88/100|[from] item: Leftovers
|upkeep
|turn|11
|
|t:|1713514792
|move|p2a: Kyurem|Fusion Bolt|p1a: Skarmory
|-supereffective|p1a: Skarmory
|-damage|p1a: Skarmory|11/100
|move|p1a: Skarmory|Brave Bird|p2a: Kyurem
|-damage|p2a: Kyurem|49/100
|-damage|p1a: Skarmory|0 fnt|[from] Recoil
|faint|p1a: Skarmory
|
|-weather|Hail|[upkeep]
|upkeep
|
|t:|1713514795
|switch|p1a: Magnezone|Magnezone|47/100
|-damage|p1a: Magnezone|41/100|[from] Stealth Rock
|turn|12
|
|t:|1713514802
|switch|p1a: Clefable|Clefable, F|100/100
|switch|p2a: Empoleon|Empoleon, M|100/100
|
|-weather|Hail|[upkeep]
|-damage|p2a: Empoleon|94/100|[from] Hail
|-heal|p2a: Empoleon|100/100|[from] item: Leftovers
|upkeep
|turn|13
|
|t:|1713514807
|switch|p2a: Reuniclus|Reuniclus, M|100/100
|move|p1a: Clefable|Ice Beam|p2a: Reuniclus
|-damage|p2a: Reuniclus|84/100
|
|-weather|Hail|[upkeep]
|upkeep
|turn|14
|
|t:|1713514811
|move|p1a: Clefable|Thunder Wave|p2a: Reuniclus
|-status|p2a: Reuniclus|par
|move|p2a: Reuniclus|Calm Mind|p2a: Reuniclus
|-boost|p2a: Reuniclus|spa|1
|-boost|p2a: Reuniclus|spd|1
|
|-weather|Hail|[upkeep]
|upkeep
|turn|15
|
|t:|1713514816
|switch|p1a: Hippowdon|Hippowdon, F|100/100
|-damage|p1a: Hippowdon|94/100|[from] Stealth Rock
|-weather|Sandstorm|[from] ability: Sand Stream|[of] p1a: Hippowdon
|cant|p2a: Reuniclus|par
|
|-weather|Sandstorm|[upkeep]
|-heal|p1a: Hippowdon|100/100|[from] item: Leftovers
|upkeep
|turn|16
|
|t:|1713514819
|move|p1a: Hippowdon|Stealth Rock|p2a: Reuniclus
|-sidestart|p2: twizzy tonkaaaa|move: Stealth Rock
|move|p2a: Reuniclus|Psyshock|p1a: Hippowdon
|-damage|p1a: Hippowdon|59/100
|
|-weather|Sandstorm|[upkeep]
|-heal|p1a: Hippowdon|65/100|[from] item: Leftovers
|upkeep
|turn|17
|
|t:|1713514824
|move|p1a: Hippowdon|Slack Off|p1a: Hippowdon
|-heal|p1a: Hippowdon|100/100
|move|p2a: Reuniclus|Calm Mind|p2a: Reuniclus
|-boost|p2a: Reuniclus|spa|1
|-boost|p2a: Reuniclus|spd|1
|
|-weather|Sandstorm|[upkeep]
|upkeep
|turn|18
|
|t:|1713514826
|move|p2a: Reuniclus|Psyshock|p1a: Hippowdon
|-damage|p1a: Hippowdon|36/100
|move|p1a: Hippowdon|Whirlwind|p2a: Reuniclus
|drag|p2a: Latios|Latios, M|100/100
|-damage|p2a: Latios|88/100|[from] Stealth Rock
|
|-weather|Sandstorm|[upkeep]
|-damage|p2a: Latios|82/100|[from] Sandstorm
|-heal|p1a: Hippowdon|43/100|[from] item: Leftovers
|upkeep
|turn|19
|
|t:|1713514836
|switch|p1a: Clefable|Clefable, F|100/100
|move|p2a: Latios|Draco Meteor|p1a: Clefable
|-damage|p1a: Clefable|55/100
|-unboost|p2a: Latios|spa|2
|
|-weather|Sandstorm|[upkeep]
|-damage|p2a: Latios|75/100|[from] Sandstorm
|-heal|p1a: Clefable|61/100|[from] item: Leftovers
|upkeep
|turn|20
|j| ShiptoUranus
|
|t:|1713514843
|switch|p2a: Kyurem|Kyurem-Black|49/100
|-damage|p2a: Kyurem|24/100|[from] Stealth Rock
|-ability|p2a: Kyurem|Teravolt
|move|p1a: Clefable|Thunder Wave|p2a: Kyurem
|-status|p2a: Kyurem|par
|
|-weather|Sandstorm|[upkeep]
|-damage|p2a: Kyurem|18/100 par|[from] Sandstorm
|-heal|p1a: Clefable|68/100|[from] item: Leftovers
|upkeep
|turn|21
|
|t:|1713514846
|move|p1a: Clefable|Ice Beam|p2a: Kyurem
|-damage|p2a: Kyurem|2/100 par
|move|p2a: Kyurem|Freeze Shock||[still]
|-prepare|p2a: Kyurem|Freeze Shock
|-enditem|p2a: Kyurem|Power Herb
|-anim|p2a: Kyurem|Freeze Shock|p1a: Clefable
|-damage|p1a: Clefable|0 fnt
|faint|p1a: Clefable
|
|-weather|Sandstorm|[upkeep]
|-damage|p2a: Kyurem|0 fnt|[from] Sandstorm
|faint|p2a: Kyurem
|upkeep
|
|t:|1713514863
|switch|p2a: Abomasnow|Abomasnow, F|96/100 par
|switch|p1a: Alakazam|Alakazam, M|100/100
|-damage|p2a: Abomasnow|71/100 par|[from] Stealth Rock
|-weather|Hail|[from] ability: Snow Warning|[of] p2a: Abomasnow
|turn|22
|
|t:|1713514867
|move|p1a: Alakazam|Hidden Power|p2a: Abomasnow
|-supereffective|p2a: Abomasnow
|-damage|p2a: Abomasnow|0 fnt
|faint|p2a: Abomasnow
|
|-weather|Hail|[upkeep]
|upkeep
|
|t:|1713514869
|switch|p2a: Empoleon|Empoleon, M|100/100
|-damage|p2a: Empoleon|94/100|[from] Stealth Rock
|turn|23
|
|t:|1713514876
|switch|p1a: Latios|Latios, M|100/100
|-damage|p1a: Latios|88/100|[from] Stealth Rock
|move|p2a: Empoleon|Scald|p1a: Latios
|-resisted|p1a: Latios
|-damage|p1a: Latios|72/100
|-status|p1a: Latios|brn
|
|-weather|Hail|[upkeep]
|-damage|p1a: Latios|66/100 brn|[from] Hail
|-damage|p2a: Empoleon|88/100|[from] Hail
|-heal|p2a: Empoleon|94/100|[from] item: Leftovers
|-damage|p1a: Latios|53/100 brn|[from] brn
|upkeep
|turn|24
|
|t:|1713514880
|switch|p2a: Reuniclus|Reuniclus, M|84/100 par
|move|p1a: Latios|Draco Meteor|p2a: Reuniclus
|-damage|p2a: Reuniclus|0 fnt
|-unboost|p1a: Latios|spa|2
|faint|p2a: Reuniclus
|
|-weather|Hail|[upkeep]
|-damage|p1a: Latios|47/100 brn|[from] Hail
|-damage|p1a: Latios|35/100 brn|[from] brn
|upkeep
|
|t:|1713514891
|switch|p2a: Empoleon|Empoleon, M|94/100
|-damage|p2a: Empoleon|88/100|[from] Stealth Rock
|turn|25
|
|t:|1713514895
|switch|p1a: Hippowdon|Hippowdon, F|43/100
|-damage|p1a: Hippowdon|36/100|[from] Stealth Rock
|-weather|Sandstorm|[from] ability: Sand Stream|[of] p1a: Hippowdon
|move|p2a: Empoleon|Scald|p1a: Hippowdon
|-supereffective|p1a: Hippowdon
|-damage|p1a: Hippowdon|0 fnt
|faint|p1a: Hippowdon
|
|-weather|Sandstorm|[upkeep]
|-heal|p2a: Empoleon|94/100|[from] item: Leftovers
|upkeep
|
|t:|1713514897
|switch|p1a: Magnezone|Magnezone|41/100
|-damage|p1a: Magnezone|35/100|[from] Stealth Rock
|turn|26
|
|t:|1713514901
|switch|p1a: Latios|Latios, M|35/100 brn
|-damage|p1a: Latios|23/100 brn|[from] Stealth Rock
|move|p2a: Empoleon|Hidden Power|p1a: Latios
|-resisted|p1a: Latios
|-damage|p1a: Latios|14/100 brn
|
|-weather|Sandstorm|[upkeep]
|-damage|p1a: Latios|8/100 brn|[from] Sandstorm
|-heal|p2a: Empoleon|100/100|[from] item: Leftovers
|-damage|p1a: Latios|0 fnt|[from] brn
|faint|p1a: Latios
|upkeep
|
|t:|1713514903
|switch|p1a: Magnezone|Magnezone|35/100
|-damage|p1a: Magnezone|29/100|[from] Stealth Rock
|turn|27
|
|t:|1713514906
|move|p1a: Magnezone|Volt Switch|p2a: Empoleon
|-supereffective|p2a: Empoleon
|-damage|p2a: Empoleon|50/100
|
|t:|1713514909
|switch|p1a: Alakazam|Alakazam, M|100/100|[from] Volt Switch
|move|p2a: Empoleon|Hidden Power|p1a: Alakazam
|-damage|p1a: Alakazam|71/100
|
|-weather|Sandstorm|[upkeep]
|-heal|p2a: Empoleon|57/100|[from] item: Leftovers
|upkeep
|turn|28
|
|t:|1713514913
|move|p1a: Alakazam|Psychic|p2a: Empoleon
|-resisted|p2a: Empoleon
|-damage|p2a: Empoleon|41/100
|move|p2a: Empoleon|Scald|p1a: Alakazam
|-crit|p1a: Alakazam
|-damage|p1a: Alakazam|0 fnt
|faint|p1a: Alakazam
|
|-weather|Sandstorm|[upkeep]
|-heal|p2a: Empoleon|47/100|[from] item: Leftovers
|upkeep
|
|t:|1713514916
|switch|p1a: Magnezone|Magnezone|29/100
|-damage|p1a: Magnezone|23/100|[from] Stealth Rock
|turn|29
|
|t:|1713514921
|move|p1a: Magnezone|Volt Switch|p2a: Empoleon
|-supereffective|p2a: Empoleon
|-damage|p2a: Empoleon|2/100
|move|p2a: Empoleon|Scald|p1a: Magnezone
|-damage|p1a: Magnezone|0 fnt
|faint|p1a: Magnezone
|
|win|twizzy tonkaaaa
|raw|torinoko city's rating: 1493 &rarr; <strong>1475</strong><br />(-18 for losing)
|raw|twizzy tonkaaaa's rating: 1528 &rarr; <strong>1546</strong><br />(+18 for winning)
|c|☆torinoko city|gg
|c|☆twizzy tonkaaaa|gg
|l| ShiptoUranus
|l|☆torinoko city
|player|p1|
