|j|‽AntiKevin
|j|☆Ch0mpD13
|t:|1718474342
|gametype|singles
|player|p1|AntiKevin|pokefan|1322
|player|p2|Ch0mpD13|lusamine-nihilego|1313
|teamsize|p1|6
|teamsize|p2|6
|gen|5
|tier|[Gen 5] OU
|rated|
|rule|Species Clause: Limit one of each Pokémon
|rule|OHKO Clause: OHKO moves are banned
|rule|Moody Clause: Moody is banned
|rule|Evasion Items Clause: Evasion items are banned
|rule|Evasion Moves Clause: Evasion moves are banned
|rule|Endless Battle Clause: Forcing endless battles is banned
|rule|HP Percentage Mod: HP is shown in percentages
|rule|Evasion Abilities Clause: Evasion abilities are banned
|rule|Sleep Moves Clause: Sleep-inducing moves are banned
|rule|Swagger Clause: Swagger is banned
|rule|Baton Pass Stat Clause: No Baton Passer may have a way to boost its stats
|clearpoke
|poke|p1|Abomasnow, F|item
|poke|p1|Xatu, M|item
|poke|p1|Forretress, M|item
|poke|p1|Heatran, M|item
|poke|p1|Latios, M|item
|poke|p1|Kyurem|item
|poke|p2|Magnezone|item
|poke|p2|Garchomp, M|item
|poke|p2|Dragonite, M|item
|poke|p2|Landorus-Therian, M|item
|poke|p2|Latios, M|item
|poke|p2|Starmie|item
|teampreview
|inactive|Battle timer is ON: inactive players will automatically lose when time's up. (requested by AntiKevin)
|
|t:|1718474351
|start
|switch|p1a: Xatu|Xatu, M|100/100
|switch|p2a: Dragonite|Dragonite, M|100/100
|turn|1
|
|t:|1718474355
|move|p2a: Dragonite|Dragon Dance|p2a: Dragonite
|-boost|p2a: Dragonite|atk|1
|-boost|p2a: Dragonite|spe|1
|move|p1a: Xatu|Toxic|p2a: Dragonite
|-status|p2a: Dragonite|tox
|-enditem|p2a: Dragonite|Lum Berry|[eat]
|-curestatus|p2a: Dragonite|tox|[msg]
|
|upkeep
|turn|2
|
|t:|1718474362
|move|p2a: Dragonite|Dragon Dance|p2a: Dragonite
|-boost|p2a: Dragonite|atk|1
|-boost|p2a: Dragonite|spe|1
|move|p1a: Xatu|Toxic|p2a: Dragonite
|-status|p2a: Dragonite|tox
|
|-damage|p2a: Dragonite|94/100 tox|[from] psn
|upkeep
|turn|3
|
|t:|1718474369
|move|p2a: Dragonite|Outrage|p1a: Xatu
|-damage|p1a: Xatu|0 fnt
|-damage|p2a: Dragonite|78/100 tox|[from] item: Rocky Helmet|[of] p1a: Xatu
|faint|p1a: Xatu
|
|-damage|p2a: Dragonite|66/100 tox|[from] psn
|upkeep
|
|t:|1718474375
|switch|p1a: Forretress|Forretress, M, shiny|100/100
|turn|4
|
|t:|1718474377
|move|p2a: Dragonite|Outrage|p1a: Forretress|[from]lockedmove
|-resisted|p1a: Forretress
|-damage|p1a: Forretress|64/100
|-start|p2a: Dragonite|confusion|[fatigue]
|move|p1a: Forretress|Spikes|p2a: Dragonite
|-sidestart|p2: Ch0mpD13|Spikes
|
|-heal|p1a: Forretress|70/100|[from] item: Leftovers
|-damage|p2a: Dragonite|47/100 tox|[from] psn
|upkeep
|turn|5
|
|t:|1718474383
|-activate|p2a: Dragonite|confusion
|-damage|p2a: Dragonite|12/100 tox|[from] confusion
|move|p1a: Forretress|Volt Switch|p2a: Dragonite
|-damage|p2a: Dragonite|0 fnt
|faint|p2a: Dragonite
|
|t:|1718474402
|switch|p1a: Abomasnow|Abomasnow, F|100/100|[from] Volt Switch
|-weather|Hail|[from] ability: Snow Warning|[of] p1a: Abomasnow
|
|-weather|Hail|[upkeep]
|upkeep
|
|t:|1718474409
|switch|p2a: Magnezone|Magnezone|100/100
|-damage|p2a: Magnezone|88/100|[from] Spikes
|turn|6
|
|t:|1718474415
|move|p1a: Abomasnow|Protect|p1a: Abomasnow
|-singleturn|p1a: Abomasnow|Protect
|move|p2a: Magnezone|Hidden Power|p1a: Abomasnow
|-activate|p1a: Abomasnow|move: Protect
|
|-weather|Hail|[upkeep]
|-damage|p2a: Magnezone|82/100|[from] Hail
|upkeep
|turn|7
|
|t:|1718474437
|switch|p2a: Landorus|Landorus-Therian, M|100/100
|-ability|p2a: Landorus|Intimidate|boost
|-unboost|p1a: Abomasnow|atk|1
|switch|p1a: Latios|Latios, M, shiny|100/100
|
|-weather|Hail|[upkeep]
|-damage|p1a: Latios|95/100|[from] Hail
|-damage|p2a: Landorus|94/100|[from] Hail
|-heal|p2a: Landorus|100/100|[from] item: Leftovers
|upkeep
|turn|8
|
|t:|1718474458
|move|p1a: Latios|Surf|p2a: Landorus
|-supereffective|p2a: Landorus
|-damage|p2a: Landorus|24/100
|move|p2a: Landorus|U-turn|p1a: Latios
|-supereffective|p1a: Latios
|-damage|p1a: Latios|33/100
|
|t:|1718474473
|switch|p2a: Latios|Latios, M|100/100|[from] U-turn
|
|-weather|Hail|[upkeep]
|-damage|p1a: Latios|27/100|[from] Hail
|-damage|p2a: Latios|95/100|[from] Hail
|upkeep
|turn|9
|
|t:|1718474484
|switch|p1a: Heatran|Heatran, M|100/100
|move|p2a: Latios|Dragon Pulse|p1a: Heatran
|-resisted|p1a: Heatran
|-damage|p1a: Heatran|78/100
|
|-weather|Hail|[upkeep]
|-damage|p2a: Latios|89/100|[from] Hail
|-damage|p1a: Heatran|72/100|[from] Hail
|-heal|p1a: Heatran|78/100|[from] item: Leftovers
|upkeep
|turn|10
|
|t:|1718474495
|switch|p2a: Landorus|Landorus-Therian, M|24/100
|-ability|p2a: Landorus|Intimidate|boost
|-unboost|p1a: Heatran|atk|1
|move|p1a: Heatran|Will-O-Wisp|p2a: Landorus
|-status|p2a: Landorus|brn
|
|-weather|Hail|[upkeep]
|-damage|p2a: Landorus|18/100 brn|[from] Hail
|-damage|p1a: Heatran|72/100|[from] Hail
|-heal|p2a: Landorus|24/100 brn|[from] item: Leftovers
|-heal|p1a: Heatran|78/100|[from] item: Leftovers
|-damage|p2a: Landorus|12/100 brn|[from] brn
|upkeep
|turn|11
|
|t:|1718474501
|move|p1a: Heatran|Protect|p1a: Heatran
|-singleturn|p1a: Heatran|Protect
|move|p2a: Landorus|Stealth Rock|p1a: Heatran
|-sidestart|p1: AntiKevin|move: Stealth Rock
|
|-weather|Hail|[upkeep]
|-damage|p2a: Landorus|6/100 brn|[from] Hail
|-damage|p1a: Heatran|72/100|[from] Hail
|-heal|p2a: Landorus|12/100 brn|[from] item: Leftovers
|-heal|p1a: Heatran|78/100|[from] item: Leftovers
|-damage|p2a: Landorus|0 fnt|[from] brn
|faint|p2a: Landorus
|upkeep
|inactive|Ch0mpD13 has 120 seconds left.
|
|t:|1718474518
|switch|p2a: Magnezone|Magnezone|82/100
|-damage|p2a: Magnezone|70/100|[from] Spikes
|turn|12
|
|t:|1718474523
|move|p2a: Magnezone|Volt Switch|p1a: Heatran
|-damage|p1a: Heatran|56/100
|
|t:|1718474527
|switch|p2a: Starmie|Starmie|100/100|[from] Volt Switch
|-damage|p2a: Starmie|88/100|[from] Spikes
|move|p1a: Heatran|Earth Power|p2a: Starmie
|-crit|p2a: Starmie
|-damage|p2a: Starmie|15/100
|
|-weather|Hail|[upkeep]
|-damage|p2a: Starmie|9/100|[from] Hail
|-damage|p1a: Heatran|50/100|[from] Hail
|-heal|p1a: Heatran|56/100|[from] item: Leftovers
|upkeep
|turn|13
|
|t:|1718474533
|move|p1a: Heatran|Protect|p1a: Heatran
|-singleturn|p1a: Heatran|Protect
|move|p2a: Starmie|Hydro Pump|p1a: Heatran
|-activate|p1a: Heatran|move: Protect
|
|-weather|Hail|[upkeep]
|-damage|p2a: Starmie|3/100|[from] Hail
|-damage|p1a: Heatran|50/100|[from] Hail
|-heal|p1a: Heatran|56/100|[from] item: Leftovers
|upkeep
|turn|14
|
|t:|1718474547
|switch|p1a: Abomasnow|Abomasnow, F|100/100
|-damage|p1a: Abomasnow|75/100|[from] Stealth Rock
|move|p2a: Starmie|Rapid Spin|p1a: Abomasnow
|-damage|p1a: Abomasnow|69/100
|-sideend|p2: Ch0mpD13|Spikes|[from] move: Rapid Spin|[of] p2a: Starmie
|-damage|p2a: Starmie|0 fnt|[from] item: Life Orb
|faint|p2a: Starmie
|
|-weather|Hail|[upkeep]
|-heal|p1a: Abomasnow|75/100|[from] item: Leftovers
|upkeep
|
|t:|1718474570
|switch|p2a: Magnezone|Magnezone|70/100
|turn|15
|
|t:|1718474581
|switch|p1a: Kyurem|Kyurem|100/100
|-damage|p1a: Kyurem|76/100|[from] Stealth Rock
|-ability|p1a: Kyurem|Pressure
|move|p2a: Magnezone|Volt Switch|p1a: Kyurem
|-resisted|p1a: Kyurem
|-damage|p1a: Kyurem|58/100
|
|t:|1718474590
|switch|p2a: Garchomp|Garchomp, M|100/100|[from] Volt Switch
|
|-weather|Hail|[upkeep]
|-damage|p2a: Garchomp|94/100|[from] Hail
|upkeep
|turn|16
|
|t:|1718474607
|move|p2a: Garchomp|Dual Chop|p1a: Kyurem
|-supereffective|p1a: Kyurem
|-damage|p1a: Kyurem|15/100
|-supereffective|p1a: Kyurem
|-damage|p1a: Kyurem|0 fnt
|faint|p1a: Kyurem
|-hitcount|p1: Kyurem|2
|
|-weather|Hail|[upkeep]
|-damage|p2a: Garchomp|88/100|[from] Hail
|upkeep
|
|t:|1718474615
|switch|p1a: Forretress|Forretress, M, shiny|70/100
|-damage|p1a: Forretress|58/100|[from] Stealth Rock
|turn|17
|
|t:|1718474620
|switch|p2a: Latios|Latios, M|89/100
|move|p1a: Forretress|Rapid Spin|p2a: Latios
|-damage|p2a: Latios|82/100
|-sideend|p1: AntiKevin|Stealth Rock|[from] move: Rapid Spin|[of] p1a: Forretress
|
|-weather|Hail|[upkeep]
|-damage|p2a: Latios|76/100|[from] Hail
|-heal|p1a: Forretress|64/100|[from] item: Leftovers
|upkeep
|turn|18
|
|t:|1718474625
|move|p2a: Latios|Dragon Pulse|p1a: Forretress
|-resisted|p1a: Forretress
|-damage|p1a: Forretress|12/100
|move|p1a: Forretress|Spikes|p2a: Latios
|-sidestart|p2: Ch0mpD13|Spikes
|
|-weather|Hail|[upkeep]
|-damage|p2a: Latios|70/100|[from] Hail
|-heal|p1a: Forretress|18/100|[from] item: Leftovers
|upkeep
|turn|19
|
|t:|1718474629
|move|p2a: Latios|Dragon Pulse|p1a: Forretress
|-resisted|p1a: Forretress
|-damage|p1a: Forretress|0 fnt
|faint|p1a: Forretress
|
|-weather|Hail|[upkeep]
|-damage|p2a: Latios|64/100|[from] Hail
|upkeep
|j| MoCanah97
|
|t:|1718474637
|switch|p1a: Latios|Latios, M, shiny|27/100
|turn|20
|l| MoCanah97
|
|t:|1718474640
|move|p1a: Latios|Draco Meteor|p2a: Latios
|-supereffective|p2a: Latios
|-damage|p2a: Latios|0 fnt
|-unboost|p1a: Latios|spa|2
|faint|p2a: Latios
|
|-weather|Hail|[upkeep]
|-damage|p1a: Latios|21/100|[from] Hail
|upkeep
|
|t:|1718474659
|switch|p2a: Garchomp|Garchomp, M|88/100
|-damage|p2a: Garchomp|76/100|[from] Spikes
|turn|21
|
|t:|1718474662
|move|p1a: Latios|Draco Meteor|p2a: Garchomp
|-supereffective|p2a: Garchomp
|-damage|p2a: Garchomp|1/100
|-unboost|p1a: Latios|spa|2
|move|p2a: Garchomp|Dual Chop|p1a: Latios
|-supereffective|p1a: Latios
|-damage|p1a: Latios|0 fnt
|faint|p1a: Latios
|-hitcount|p1: Latios|1
|
|-weather|Hail|[upkeep]
|-damage|p2a: Garchomp|0 fnt|[from] Hail
|faint|p2a: Garchomp
|upkeep
|
|t:|1718474668
|switch|p1a: Heatran|Heatran, M|56/100
|switch|p2a: Magnezone|Magnezone|70/100
|-damage|p2a: Magnezone|57/100|[from] Spikes
|turn|22
|
|t:|1718474673
|move|p1a: Heatran|Protect|p1a: Heatran
|-singleturn|p1a: Heatran|Protect
|move|p2a: Magnezone|Thunderbolt|p1a: Heatran
|-activate|p1a: Heatran|move: Protect
|
|-weather|Hail|[upkeep]
|-damage|p2a: Magnezone|51/100|[from] Hail
|-damage|p1a: Heatran|50/100|[from] Hail
|-heal|p1a: Heatran|56/100|[from] item: Leftovers
|upkeep
|turn|23
|-message|Ch0mpD13 forfeited.
|
|win|AntiKevin
|raw|AntiKevin's rating: 1322 &rarr; <strong>1341</strong><br />(+19 for winning)
|raw|Ch0mpD13's rating: 1313 &rarr; <strong>1294</strong><br />(-19 for losing)
|l|☆Ch0mpD13
|player|p2|
