|j|☆Hector5463
|j|☆Shakurr
|player|p1|Hector5463|picnicker|1480
|player|p2|Shakurr|striker|1324
|teamsize|p1|6
|teamsize|p2|6
|gametype|singles
|gen|5
|tier|[Gen 5] OU
|rated|
|clearpoke
|poke|p1|Garchomp, M|item
|poke|p1|Infernape, M|item
|poke|p1|Latios, M|item
|poke|p1|Landorus-Therian, M|item
|poke|p1|Amoonguss, F|item
|poke|p1|Jirachi|item
|poke|p2|Politoed, M|item
|poke|p2|Reuniclus, F|item
|poke|p2|Ferrothorn, M|item
|poke|p2|Tentacruel, M|item
|poke|p2|Gyarados, M|item
|poke|p2|Thundurus-Therian, M|item
|rule|Species Clause: Limit one of each Pokémon
|rule|OHKO Clause: OHKO moves are banned
|rule|Moody Clause: Moody is banned
|rule|Evasion Moves Clause: Evasion moves are banned
|rule|Endless Battle Clause: Forcing endless battles is banned
|rule|HP Percentage Mod: HP is shown in percentages
|rule|Evasion Abilities Clause: Evasion abilities are banned
|rule|Baton Pass Clause: Limit one Baton Passer, can't pass Spe and other stats simultaneously
|rule|Sleep Clause: Sleep-inducing moves are banned
|rule|Swagger Clause: Swagger is banned
|teampreview
|
|start
|switch|p1a: Jirachi|Jirachi|100/100
|switch|p2a: Politoed|Politoed, M, shiny|100/100
|-weather|RainDance|[from] ability: Drizzle|[of] p2a: Politoed
|turn|1
|inactive|Battle timer is ON: inactive players will automatically lose when time's up. (requested by Shakurr)
|
|move|p1a: Jirachi|Stealth Rock|p2a: Politoed
|-sidestart|p2: Shakurr|move: Stealth Rock
|move|p2a: Politoed|Hydro Pump|p1a: Jirachi
|-damage|p1a: Jirachi|54/100
|
|-weather|RainDance|[upkeep]
|-heal|p1a: Jirachi|60/100|[from] item: Leftovers
|upkeep
|turn|2
|
|switch|p2a: Ferrothorn|Ferrothorn, M|100/100
|-damage|p2a: Ferrothorn|94/100|[from] Stealth Rock
|move|p1a: Jirachi|U-turn|p2a: Ferrothorn
|-damage|p2a: Ferrothorn|82/100
|-damage|p1a: Jirachi|48/100|[from] ability: Iron Barbs|[of] p2a: Ferrothorn
|
|switch|p1a: Infernape|Infernape, M|100/100|[from]move: U-turn
|
|-weather|RainDance|[upkeep]
|-heal|p2a: Ferrothorn|88/100|[from] item: Leftovers
|upkeep
|turn|3
|
|switch|p2a: Tentacruel|Tentacruel, M|100/100
|-damage|p2a: Tentacruel|88/100|[from] Stealth Rock
|move|p1a: Infernape|Overheat|p2a: Tentacruel
|-resisted|p2a: Tentacruel
|-damage|p2a: Tentacruel|74/100
|-unboost|p1a: Infernape|spa|2
|-damage|p1a: Infernape|91/100|[from] item: Life Orb
|
|-weather|RainDance|[upkeep]
|-heal|p2a: Tentacruel|80/100|[from] ability: Rain Dish
|-heal|p2a: Tentacruel|86/100|[from] item: Black Sludge
|upkeep
|turn|4
|
|move|p1a: Infernape|Thunder Punch|p2a: Tentacruel
|-supereffective|p2a: Tentacruel
|-damage|p2a: Tentacruel|11/100
|-damage|p1a: Infernape|81/100|[from] item: Life Orb
|move|p2a: Tentacruel|Rapid Spin|p1a: Infernape
|-damage|p1a: Infernape|76/100
|-sideend|p2: Shakurr|Stealth Rock|[from] move: Rapid Spin|[of] p2a: Tentacruel
|
|-weather|RainDance|[upkeep]
|-heal|p2a: Tentacruel|17/100|[from] ability: Rain Dish
|-heal|p2a: Tentacruel|23/100|[from] item: Black Sludge
|upkeep
|turn|5
|
|move|p2a: Tentacruel|Protect|p2a: Tentacruel
|-singleturn|p2a: Tentacruel|Protect
|move|p1a: Infernape|Thunder Punch|p2a: Tentacruel
|-activate|p2a: Tentacruel|move: Protect
|
|-weather|RainDance|[upkeep]
|-heal|p2a: Tentacruel|29/100|[from] ability: Rain Dish
|-heal|p2a: Tentacruel|35/100|[from] item: Black Sludge
|upkeep
|turn|6
|
|switch|p1a: Jirachi|Jirachi|48/100
|switch|p2a: Thundurus|Thundurus-Therian, M, shiny|100/100
|
|-weather|RainDance|[upkeep]
|-heal|p1a: Jirachi|54/100|[from] item: Leftovers
|upkeep
|turn|7
|
|move|p2a: Thundurus|Substitute|p2a: Thundurus
|-start|p2a: Thundurus|Substitute
|-damage|p2a: Thundurus|76/100
|move|p1a: Jirachi|Stealth Rock|p2a: Thundurus
|-sidestart|p2: Shakurr|move: Stealth Rock
|
|-weather|RainDance|[upkeep]
|-heal|p2a: Thundurus|82/100|[from] item: Leftovers
|-heal|p1a: Jirachi|60/100|[from] item: Leftovers
|upkeep
|turn|8
|
|move|p2a: Thundurus|Thunder|p1a: Jirachi
|-damage|p1a: Jirachi|16/100
|-status|p1a: Jirachi|par
|cant|p1a: Jirachi|par
|
|-weather|RainDance|[upkeep]
|-heal|p2a: Thundurus|88/100|[from] item: Leftovers
|-heal|p1a: Jirachi|22/100 par|[from] item: Leftovers
|upkeep
|turn|9
|
|switch|p1a: Amoonguss|Amoonguss, F|100/100
|move|p2a: Thundurus|Thunder|p1a: Amoonguss
|-resisted|p1a: Amoonguss
|-crit|p1a: Amoonguss
|-damage|p1a: Amoonguss|43/100
|
|-weather|RainDance|[upkeep]
|-heal|p2a: Thundurus|94/100|[from] item: Leftovers
|-heal|p1a: Amoonguss|49/100|[from] item: Black Sludge
|upkeep
|turn|10
|
|switch|p1a: Jirachi|Jirachi|22/100 par
|move|p2a: Thundurus|Hidden Power|p1a: Jirachi
|-resisted|p1a: Jirachi
|-damage|p1a: Jirachi|13/100 par
|
|-weather|RainDance|[upkeep]
|-heal|p2a: Thundurus|99/100|[from] item: Leftovers
|-heal|p1a: Jirachi|19/100 par|[from] item: Leftovers
|upkeep
|turn|11
|inactive|Hector5463 has 120 seconds left.
|
|move|p2a: Thundurus|Thunder|p1a: Jirachi
|-damage|p1a: Jirachi|0 fnt
|faint|p1a: Jirachi
|
|-weather|RainDance|[upkeep]
|-heal|p2a: Thundurus|100/100|[from] item: Leftovers
|upkeep
|
|switch|p1a: Latios|Latios, M|100/100
|turn|12
|
|move|p1a: Latios|Surf|p2a: Thundurus
|-end|p2a: Thundurus|Substitute
|move|p2a: Thundurus|Hidden Power|p1a: Latios
|-supereffective|p1a: Latios
|-damage|p1a: Latios|41/100
|
|-weather|RainDance|[upkeep]
|upkeep
|turn|13
|
|switch|p2a: Ferrothorn|Ferrothorn, M|88/100
|-damage|p2a: Ferrothorn|82/100|[from] Stealth Rock
|move|p1a: Latios|Surf|p2a: Ferrothorn
|-resisted|p2a: Ferrothorn
|-damage|p2a: Ferrothorn|56/100
|
|-weather|RainDance|[upkeep]
|-heal|p2a: Ferrothorn|62/100|[from] item: Leftovers
|upkeep
|turn|14
|
|switch|p1a: Infernape|Infernape, M|76/100
|move|p2a: Ferrothorn|Stealth Rock|p1a: Infernape
|-sidestart|p1: Hector5463|move: Stealth Rock
|
|-weather|RainDance|[upkeep]
|-heal|p2a: Ferrothorn|68/100|[from] item: Leftovers
|upkeep
|turn|15
|
|switch|p2a: Politoed|Politoed, M, shiny|100/100
|-damage|p2a: Politoed|88/100|[from] Stealth Rock
|move|p1a: Infernape|Close Combat|p2a: Politoed
|-damage|p2a: Politoed|17/100
|-unboost|p1a: Infernape|def|1
|-unboost|p1a: Infernape|spd|1
|-damage|p1a: Infernape|66/100|[from] item: Life Orb
|
|-weather|RainDance|[upkeep]
|upkeep
|turn|16
|-enditem|p2a: Politoed|Custap Berry|[eat]
|-activate|p2a: Politoed|item: Custap Berry|[consumed]
|
|move|p2a: Politoed|Endeavor|p1a: Infernape
|-damage|p1a: Infernape|22/100
|move|p1a: Infernape|Thunder Punch|p2a: Politoed
|-supereffective|p2a: Politoed
|-damage|p2a: Politoed|0 fnt
|-damage|p1a: Infernape|12/100|[from] item: Life Orb
|faint|p2a: Politoed
|
|-weather|RainDance|[upkeep]
|upkeep
|
|switch|p2a: Gyarados|Gyarados, M|100/100
|-damage|p2a: Gyarados|76/100|[from] Stealth Rock
|turn|17
|
|move|p2a: Gyarados|Waterfall|p1a: Infernape
|-supereffective|p1a: Infernape
|-crit|p1a: Infernape
|-damage|p1a: Infernape|0 fnt
|faint|p1a: Infernape
|-ability|p2a: Gyarados|Moxie|boost
|-boost|p2a: Gyarados|atk|1
|
|-weather|RainDance|[upkeep]
|upkeep
|
|switch|p1a: Amoonguss|Amoonguss, F|82/100
|-damage|p1a: Amoonguss|70/100|[from] Stealth Rock
|turn|18
|
|switch|p2a: Tentacruel|Tentacruel, M|35/100
|-damage|p2a: Tentacruel|23/100|[from] Stealth Rock
|move|p1a: Amoonguss|Stun Spore|p2a: Tentacruel|[miss]
|-miss|p1a: Amoonguss|p2a: Tentacruel
|
|-weather|RainDance|[upkeep]
|-heal|p2a: Tentacruel|29/100|[from] ability: Rain Dish
|-heal|p2a: Tentacruel|35/100|[from] item: Black Sludge
|-heal|p1a: Amoonguss|76/100|[from] item: Black Sludge
|upkeep
|turn|19
|
|move|p2a: Tentacruel|Rapid Spin|p1a: Amoonguss
|-damage|p1a: Amoonguss|74/100
|-sideend|p2: Shakurr|Stealth Rock|[from] move: Rapid Spin|[of] p2a: Tentacruel
|move|p1a: Amoonguss|Stun Spore|p2a: Tentacruel
|-status|p2a: Tentacruel|par
|
|-weather|RainDance|[upkeep]
|-heal|p2a: Tentacruel|41/100 par|[from] ability: Rain Dish
|-heal|p1a: Amoonguss|80/100|[from] item: Black Sludge
|-heal|p2a: Tentacruel|47/100 par|[from] item: Black Sludge
|upkeep
|turn|20
|
|move|p1a: Amoonguss|Stun Spore|p2a: Tentacruel
|-fail|p2a: Tentacruel|par
|move|p2a: Tentacruel|Scald|p1a: Amoonguss
|-resisted|p1a: Amoonguss
|-damage|p1a: Amoonguss|64/100
|-status|p1a: Amoonguss|brn
|
|-weather|RainDance|[upkeep]
|-heal|p2a: Tentacruel|53/100 par|[from] ability: Rain Dish
|-heal|p1a: Amoonguss|70/100 brn|[from] item: Black Sludge
|-heal|p2a: Tentacruel|59/100 par|[from] item: Black Sludge
|-damage|p1a: Amoonguss|58/100 brn|[from] brn
|upkeep
|turn|21
|
|move|p1a: Amoonguss|Giga Drain|p2a: Tentacruel
|-damage|p2a: Tentacruel|40/100 par
|-heal|p1a: Amoonguss|66/100 brn|[from] drain|[of] p2a: Tentacruel
|move|p2a: Tentacruel|Scald|p1a: Amoonguss
|-resisted|p1a: Amoonguss
|-damage|p1a: Amoonguss|52/100 brn
|
|-weather|RainDance|[upkeep]
|-heal|p2a: Tentacruel|46/100 par|[from] ability: Rain Dish
|-heal|p1a: Amoonguss|59/100 brn|[from] item: Black Sludge
|-heal|p2a: Tentacruel|52/100 par|[from] item: Black Sludge
|-damage|p1a: Amoonguss|46/100 brn|[from] brn
|upkeep
|turn|22
|
|switch|p1a: Latios|Latios, M|41/100
|-damage|p1a: Latios|29/100|[from] Stealth Rock
|switch|p2a: Ferrothorn|Ferrothorn, M|68/100
|
|-weather|RainDance|[upkeep]
|-heal|p2a: Ferrothorn|74/100|[from] item: Leftovers
|upkeep
|turn|23
|
|move|p1a: Latios|Recover|p1a: Latios
|-heal|p1a: Latios|79/100
|move|p2a: Ferrothorn|Knock Off|p1a: Latios
|-supereffective|p1a: Latios
|-damage|p1a: Latios|66/100
|-enditem|p1a: Latios|Choice Specs|[from] move: Knock Off|[of] p2a: Ferrothorn
|
|-weather|RainDance|[upkeep]
|-heal|p2a: Ferrothorn|81/100|[from] item: Leftovers
|upkeep
|turn|24
|
|switch|p1a: Amoonguss|Amoonguss, F|80/100 brn
|-damage|p1a: Amoonguss|67/100 brn|[from] Stealth Rock
|move|p2a: Ferrothorn|Spikes|p1a: Amoonguss
|-sidestart|p1: Hector5463|Spikes
|
|-weather|RainDance|[upkeep]
|-heal|p1a: Amoonguss|73/100 brn|[from] item: Black Sludge
|-heal|p2a: Ferrothorn|87/100|[from] item: Leftovers
|-damage|p1a: Amoonguss|61/100 brn|[from] brn
|upkeep
|turn|25
|
|move|p1a: Amoonguss|Stun Spore|p2a: Ferrothorn
|-status|p2a: Ferrothorn|par
|move|p2a: Ferrothorn|Spikes|p1a: Amoonguss
|-sidestart|p1: Hector5463|Spikes
|
|-weather|RainDance|[upkeep]
|-heal|p1a: Amoonguss|67/100 brn|[from] item: Black Sludge
|-heal|p2a: Ferrothorn|93/100 par|[from] item: Leftovers
|-damage|p1a: Amoonguss|55/100 brn|[from] brn
|upkeep
|turn|26
|
|switch|p1a: Landorus|Landorus-Therian, M|100/100
|-damage|p1a: Landorus|88/100|[from] Stealth Rock
|-ability|p1a: Landorus|Intimidate|boost
|-unboost|p2a: Ferrothorn|atk|1
|switch|p2a: Tentacruel|Tentacruel, M|52/100 par
|
|-weather|RainDance|[upkeep]
|-heal|p2a: Tentacruel|58/100 par|[from] ability: Rain Dish
|-heal|p2a: Tentacruel|64/100 par|[from] item: Black Sludge
|upkeep
|turn|27
|
|move|p2a: Tentacruel|Protect|p2a: Tentacruel
|-singleturn|p2a: Tentacruel|Protect
|move|p1a: Landorus|Earthquake|p2a: Tentacruel
|-activate|p2a: Tentacruel|move: Protect
|
|-weather|RainDance|[upkeep]
|-heal|p2a: Tentacruel|70/100 par|[from] ability: Rain Dish
|-heal|p2a: Tentacruel|76/100 par|[from] item: Black Sludge
|upkeep
|turn|28
|
|switch|p2a: Gyarados|Gyarados, M|76/100
|move|p1a: Landorus|Earthquake|p2a: Gyarados
|-immune|p2a: Gyarados
|
|-weather|RainDance|[upkeep]
|upkeep
|turn|29
|
|switch|p1a: Amoonguss|Amoonguss, F|88/100 brn
|-damage|p1a: Amoonguss|76/100 brn|[from] Stealth Rock
|-damage|p1a: Amoonguss|59/100 brn|[from] Spikes
|move|p2a: Gyarados|Ice Fang|p1a: Amoonguss
|-supereffective|p1a: Amoonguss
|-damage|p1a: Amoonguss|21/100 brn
|
|-weather|RainDance|[upkeep]
|-heal|p1a: Amoonguss|27/100 brn|[from] item: Black Sludge
|-damage|p1a: Amoonguss|14/100 brn|[from] brn
|upkeep
|turn|30
|
|move|p2a: Gyarados|Ice Fang|p1a: Amoonguss
|-supereffective|p1a: Amoonguss
|-damage|p1a: Amoonguss|0 fnt
|faint|p1a: Amoonguss
|-ability|p2a: Gyarados|Moxie|boost
|-boost|p2a: Gyarados|atk|1
|
|-weather|RainDance|[upkeep]
|upkeep
|
|switch|p1a: Garchomp|Garchomp, M|100/100
|-damage|p1a: Garchomp|84/100|[from] Spikes
|-damage|p1a: Garchomp|78/100|[from] Stealth Rock
|turn|31
|
|move|p1a: Garchomp|Outrage|p2a: Gyarados
|-damage|p2a: Gyarados|0 fnt
|faint|p2a: Gyarados
|
|-weather|RainDance|[upkeep]
|upkeep
|
|switch|p2a: Ferrothorn|Ferrothorn, M|93/100 par
|turn|32
|
|move|p1a: Garchomp|Outrage|p2a: Ferrothorn|[from]lockedmove
|-resisted|p2a: Ferrothorn
|-damage|p2a: Ferrothorn|70/100 par
|-damage|p1a: Garchomp|65/100|[from] ability: Iron Barbs|[of] p2a: Ferrothorn
|-start|p1a: Garchomp|confusion|[fatigue]
|move|p2a: Ferrothorn|Knock Off|p1a: Garchomp
|-damage|p1a: Garchomp|61/100
|-damage|p2a: Ferrothorn|57/100 par|[from] ability: Rough Skin|[of] p1a: Garchomp
|-enditem|p1a: Garchomp|Choice Scarf|[from] move: Knock Off|[of] p2a: Ferrothorn
|
|-weather|RainDance|[upkeep]
|-heal|p2a: Ferrothorn|64/100 par|[from] item: Leftovers
|upkeep
|turn|33
|
|switch|p1a: Landorus|Landorus-Therian, M|88/100
|-damage|p1a: Landorus|76/100|[from] Stealth Rock
|-ability|p1a: Landorus|Intimidate|boost
|-unboost|p2a: Ferrothorn|atk|1
|switch|p2a: Tentacruel|Tentacruel, M|76/100 par
|
|-weather|RainDance|[upkeep]
|-heal|p2a: Tentacruel|82/100 par|[from] ability: Rain Dish
|-heal|p2a: Tentacruel|88/100 par|[from] item: Black Sludge
|upkeep
|turn|34
|
|move|p2a: Tentacruel|Protect|p2a: Tentacruel
|-singleturn|p2a: Tentacruel|Protect
|move|p1a: Landorus|Rock Polish|p1a: Landorus
|-boost|p1a: Landorus|spe|2
|
|-weather|RainDance|[upkeep]
|-heal|p2a: Tentacruel|94/100 par|[from] ability: Rain Dish
|-heal|p2a: Tentacruel|99/100 par|[from] item: Black Sludge
|upkeep
|turn|35
|
|move|p1a: Landorus|Earthquake|p2a: Tentacruel
|-supereffective|p2a: Tentacruel
|-damage|p2a: Tentacruel|0 fnt
|faint|p2a: Tentacruel
|
|-weather|RainDance|[upkeep]
|upkeep
|
|switch|p2a: Reuniclus|Reuniclus, F, shiny|100/100
|turn|36
|
|move|p1a: Landorus|Stone Edge|p2a: Reuniclus
|-enditem|p1a: Landorus|Rock Gem|[from] gem
|-crit|p2a: Reuniclus
|-damage|p2a: Reuniclus|0 fnt
|faint|p2a: Reuniclus
|
|-weather|RainDance|[upkeep]
|upkeep
|c|☆Shakurr|DESGRAÇAAAAAAAAAAAAAAAAAAAAAA
|
|switch|p2a: Ferrothorn|Ferrothorn, M|64/100 par
|turn|37
|
|switch|p2a: Thundurus|Thundurus-Therian, M, shiny|100/100
|move|p1a: Landorus|Earthquake|p2a: Thundurus
|-immune|p2a: Thundurus
|
|-weather|RainDance|[upkeep]
|upkeep
|turn|38
|
|move|p1a: Landorus|Stone Edge|p2a: Thundurus|[miss]
|-miss|p1a: Landorus|p2a: Thundurus
|move|p2a: Thundurus|Hidden Power|p1a: Landorus
|-supereffective|p1a: Landorus
|-damage|p1a: Landorus|0 fnt
|faint|p1a: Landorus
|
|-weather|RainDance|[upkeep]
|upkeep
|
|switch|p1a: Latios|Latios, M|66/100
|-damage|p1a: Latios|54/100|[from] Stealth Rock
|turn|39
|
|move|p1a: Latios|Draco Meteor|p2a: Thundurus
|-damage|p2a: Thundurus|1/100
|-unboost|p1a: Latios|spa|2
|move|p2a: Thundurus|Hidden Power|p1a: Latios
|-supereffective|p1a: Latios
|-damage|p1a: Latios|0 fnt
|faint|p1a: Latios
|
|-weather|RainDance|[upkeep]
|-heal|p2a: Thundurus|7/100|[from] item: Leftovers
|upkeep
|
|switch|p1a: Garchomp|Garchomp, M|61/100
|-damage|p1a: Garchomp|44/100|[from] Spikes
|-damage|p1a: Garchomp|38/100|[from] Stealth Rock
|turn|40
|
|switch|p2a: Ferrothorn|Ferrothorn, M|64/100 par
|move|p1a: Garchomp|Dragon Claw|p2a: Ferrothorn
|-resisted|p2a: Ferrothorn
|-crit|p2a: Ferrothorn
|-damage|p2a: Ferrothorn|35/100 par
|-damage|p1a: Garchomp|26/100|[from] ability: Iron Barbs|[of] p2a: Ferrothorn
|
|-weather|RainDance|[upkeep]
|-heal|p2a: Ferrothorn|41/100 par|[from] item: Leftovers
|upkeep
|turn|41
|
|switch|p2a: Thundurus|Thundurus-Therian, M, shiny|7/100
|move|p1a: Garchomp|Earthquake|p2a: Thundurus
|-immune|p2a: Thundurus
|
|-weather|RainDance|[upkeep]
|-heal|p2a: Thundurus|13/100|[from] item: Leftovers
|upkeep
|turn|42
|
|move|p1a: Garchomp|Dragon Claw|p2a: Thundurus
|-damage|p2a: Thundurus|0 fnt
|faint|p2a: Thundurus
|
|-weather|RainDance|[upkeep]
|upkeep
|
|switch|p2a: Ferrothorn|Ferrothorn, M|41/100 par
|turn|43
|
|move|p1a: Garchomp|Earthquake|p2a: Ferrothorn
|-damage|p2a: Ferrothorn|2/100 par
|cant|p2a: Ferrothorn|par
|
|-weather|RainDance|[upkeep]
|-heal|p2a: Ferrothorn|9/100 par|[from] item: Leftovers
|upkeep
|turn|44
|c|☆Shakurr|DOENTE
|c|☆Shakurr|DO CARALHO
|c|☆Shakurr|VAI TOMA NO SEU CU
|c|☆Shakurr|IMBECIL
|-message|Shakurr forfeited.
|
|win|Hector5463
|l|☆Shakurr
|raw|Hector5463's rating: 1480 &rarr; <strong>1491</strong><br />(+11 for winning)
|raw|Shakurr's rating: 1324 &rarr; <strong>1313</strong><br />(-11 for losing)
