|j|☆Blossummm
|j|☆bwc mu fish
|t:|1714943682
|gametype|singles
|player|p1|Blossummm|roxie|1379
|player|p2|bwc mu fish|fisherman|1410
|teamsize|p1|6
|teamsize|p2|6
|gen|5
|tier|[Gen 5] OU
|rated|
|rule|Species Clause: Limit one of each Pokémon
|rule|OHKO Clause: OHKO moves are banned
|rule|Moody Clause: Moody is banned
|rule|Evasion Items Clause: Evasion items are banned
|rule|Evasion Moves Clause: Evasion moves are banned
|rule|Endless Battle Clause: Forcing endless battles is banned
|rule|HP Percentage Mod: HP is shown in percentages
|rule|Evasion Abilities Clause: Evasion abilities are banned
|rule|Sleep Moves Clause: Sleep-inducing moves are banned
|rule|Swagger Clause: Swagger is banned
|rule|Baton Pass Stat Clause: No Baton Passer may have a way to boost its stats
|clearpoke
|poke|p1|Tyranitar, F|item
|poke|p1|Alakazam, F|item
|poke|p1|Latios, M|item
|poke|p1|Ferrothorn, F|item
|poke|p1|Keldeo|item
|poke|p1|Landorus-Therian, M|item
|poke|p2|Azelf|item
|poke|p2|Dragonite, M|item
|poke|p2|Scizor, M|item
|poke|p2|Cloyster, M|item
|poke|p2|Terrakion|item
|poke|p2|Starmie|item
|teampreview
|inactive|Battle timer is ON: inactive players will automatically lose when time's up. (requested by Blossummm)
|
|t:|1714943701
|start
|switch|p1a: Tyranitar|Tyranitar, F, shiny|100/100
|switch|p2a: Azelf|Azelf|100/100
|-weather|Sandstorm|[from] ability: Sand Stream|[of] p1a: Tyranitar
|turn|1
|
|t:|1714943714
|move|p2a: Azelf|Taunt|p1a: Tyranitar
|-start|p1a: Tyranitar|move: Taunt
|move|p1a: Tyranitar|Crunch|p2a: Azelf
|-supereffective|p2a: Azelf
|-enditem|p2a: Azelf|Colbur Berry|[eat]
|-enditem|p2a: Azelf|Colbur Berry|[weaken]
|-damage|p2a: Azelf|48/100
|
|-weather|Sandstorm|[upkeep]
|-damage|p2a: Azelf|41/100|[from] Sandstorm
|upkeep
|turn|2
|
|t:|1714943725
|move|p2a: Azelf|Stealth Rock|p1a: Tyranitar
|-sidestart|p1: Blossummm|move: Stealth Rock
|move|p1a: Tyranitar|Pursuit|p2a: Azelf
|-supereffective|p2a: Azelf
|-damage|p2a: Azelf|0 fnt
|faint|p2a: Azelf
|
|-weather|Sandstorm|[upkeep]
|upkeep
|
|t:|1714943731
|switch|p2a: Cloyster|Cloyster, M, shiny|100/100
|turn|3
|inactive|Blossummm has 120 seconds left.
|inactive|Blossummm has 90 seconds left.
|inactive|Blossummm has 60 seconds left.
|
|t:|1714943833
|switch|p1a: Keldeo|Keldeo|100/100
|-damage|p1a: Keldeo|94/100|[from] Stealth Rock
|move|p2a: Cloyster|Shell Smash|p2a: Cloyster
|-unboost|p2a: Cloyster|def|1
|-unboost|p2a: Cloyster|spd|1
|-boost|p2a: Cloyster|atk|2
|-boost|p2a: Cloyster|spa|2
|-boost|p2a: Cloyster|spe|2
|-enditem|p2a: Cloyster|White Herb
|-clearnegativeboost|p2a: Cloyster|[silent]
|
|-weather|Sandstorm|[upkeep]
|-damage|p2a: Cloyster|94/100|[from] Sandstorm
|-damage|p1a: Keldeo|88/100|[from] Sandstorm
|-heal|p1a: Keldeo|94/100|[from] item: Leftovers
|upkeep
|turn|4
|
|t:|1714943861
|move|p2a: Cloyster|Icicle Spear|p1a: Keldeo
|-resisted|p1a: Keldeo
|-crit|p1a: Keldeo
|-damage|p1a: Keldeo|69/100
|-resisted|p1a: Keldeo
|-damage|p1a: Keldeo|55/100
|-resisted|p1a: Keldeo
|-crit|p1a: Keldeo
|-damage|p1a: Keldeo|28/100
|-resisted|p1a: Keldeo
|-damage|p1a: Keldeo|16/100
|-resisted|p1a: Keldeo
|-damage|p1a: Keldeo|4/100
|-hitcount|p1a: Keldeo|5
|move|p1a: Keldeo|Hidden Power|p2a: Cloyster
|-supereffective|p2a: Cloyster
|-damage|p2a: Cloyster|0 fnt
|faint|p2a: Cloyster
|
|-weather|Sandstorm|[upkeep]
|-damage|p1a: Keldeo|0 fnt|[from] Sandstorm
|faint|p1a: Keldeo
|upkeep
|inactive|Blossummm has 30 seconds left.
|inactive|Blossummm has 20 seconds left.
|inactive|Blossummm has 15 seconds left.
|
|t:|1714943895
|switch|p1a: Landorus|Landorus-Therian, M|100/100
|switch|p2a: Starmie|Starmie|100/100
|-item|p2a: Starmie|Air Balloon
|-damage|p1a: Landorus|88/100|[from] Stealth Rock
|-ability|p1a: Landorus|Intimidate|boost
|-unboost|p2a: Starmie|atk|1
|turn|5
|inactive|Blossummm has 25 seconds left this turn.
|inactive|Blossummm has 20 seconds left.
|inactive|Blossummm has 15 seconds left.
|
|t:|1714943905
|switch|p1a: Ferrothorn|Ferrothorn, F|100/100
|-damage|p1a: Ferrothorn|95/100|[from] Stealth Rock
|move|p2a: Starmie|Ice Beam|p1a: Ferrothorn
|-damage|p1a: Ferrothorn|71/100
|
|-weather|Sandstorm|[upkeep]
|-damage|p2a: Starmie|94/100|[from] Sandstorm
|upkeep
|turn|6
|inactive|Blossummm has 25 seconds left this turn.
|inactive|Blossummm has 20 seconds left.
|inactive|Blossummm has 15 seconds left.
|
|t:|1714943917
|switch|p2a: Scizor|Scizor, M, shiny|100/100
|move|p1a: Ferrothorn|Power Whip|p2a: Scizor
|-resisted|p2a: Scizor
|-damage|p2a: Scizor|88/100
|
|-weather|Sandstorm|[upkeep]
|upkeep
|turn|7
|inactive|Blossummm has 25 seconds left this turn.
|inactive|Blossummm has 20 seconds left.
|
|t:|1714943930
|move|p2a: Scizor|Superpower|p1a: Ferrothorn
|-supereffective|p1a: Ferrothorn
|-damage|p1a: Ferrothorn|0 fnt
|-unboost|p2a: Scizor|atk|1
|-unboost|p2a: Scizor|def|1
|-damage|p2a: Scizor|76/100|[from] ability: Iron Barbs|[of] p1a: Ferrothorn
|faint|p1a: Ferrothorn
|-damage|p2a: Scizor|66/100|[from] item: Life Orb
|
|-weather|Sandstorm|[upkeep]
|upkeep
|inactive|Blossummm has 25 seconds left this turn.
|inactive|Blossummm has 20 seconds left.
|
|t:|1714943940
|switch|p1a: Landorus|Landorus-Therian, M|88/100
|-damage|p1a: Landorus|76/100|[from] Stealth Rock
|-ability|p1a: Landorus|Intimidate|boost
|-unboost|p2a: Scizor|atk|1
|turn|8
|inactive|Blossummm has 30 seconds left this turn.
|
|t:|1714943951
|switch|p2a: Dragonite|Dragonite, M|100/100
|move|p1a: Landorus|Stealth Rock|p2a: Dragonite
|-sidestart|p2: bwc mu fish|move: Stealth Rock
|
|-weather|Sandstorm|[upkeep]
|-damage|p2a: Dragonite|94/100|[from] Sandstorm
|-heal|p1a: Landorus|82/100|[from] item: Leftovers
|upkeep
|turn|9
|
|t:|1714943960
|move|p1a: Landorus|Hidden Power|p2a: Dragonite
|-supereffective|p2a: Dragonite
|-damage|p2a: Dragonite|19/100
|move|p2a: Dragonite|Outrage|p1a: Landorus
|-damage|p1a: Landorus|16/100
|
|-weather|Sandstorm|[upkeep]
|-damage|p2a: Dragonite|13/100|[from] Sandstorm
|-heal|p1a: Landorus|22/100|[from] item: Leftovers
|upkeep
|turn|10
|inactive|Blossummm has 30 seconds left.
|inactive|Blossummm has 20 seconds left.
|
|t:|1714943986
|move|p1a: Landorus|Hidden Power|p2a: Dragonite
|-supereffective|p2a: Dragonite
|-damage|p2a: Dragonite|0 fnt
|faint|p2a: Dragonite
|
|-weather|Sandstorm|[upkeep]
|-heal|p1a: Landorus|28/100|[from] item: Leftovers
|upkeep
|inactive|Blossummm has 25 seconds left this turn.
|
|t:|1714943999
|switch|p2a: Starmie|Starmie|94/100
|-damage|p2a: Starmie|82/100|[from] Stealth Rock
|-item|p2a: Starmie|Air Balloon
|turn|11
|inactive|Blossummm has 30 seconds left.
|
|t:|1714944013
|switch|p1a: Tyranitar|Tyranitar, F, shiny|100/100
|-damage|p1a: Tyranitar|88/100|[from] Stealth Rock
|move|p2a: Starmie|Ice Beam|p1a: Tyranitar
|-damage|p1a: Tyranitar|70/100
|
|-weather|Sandstorm|[upkeep]
|-damage|p2a: Starmie|76/100|[from] Sandstorm
|upkeep
|turn|12
|inactive|Blossummm has 30 seconds left.
|
|t:|1714944023
|switch|p2a: Terrakion|Terrakion|100/100
|-damage|p2a: Terrakion|94/100|[from] Stealth Rock
|move|p1a: Tyranitar|Crunch|p2a: Terrakion
|-resisted|p2a: Terrakion
|-damage|p2a: Terrakion|69/100
|-unboost|p2a: Terrakion|def|1
|-ability|p2a: Terrakion|Justified|boost
|-boost|p2a: Terrakion|atk|1
|
|-weather|Sandstorm|[upkeep]
|upkeep
|turn|13
|
|t:|1714944028
|move|p2a: Terrakion|Close Combat|p1a: Tyranitar
|-supereffective|p1a: Tyranitar
|-enditem|p1a: Tyranitar|Chople Berry|[eat]
|-enditem|p1a: Tyranitar|Chople Berry|[weaken]
|-damage|p1a: Tyranitar|0 fnt
|-unboost|p2a: Terrakion|def|1
|-unboost|p2a: Terrakion|spd|1
|faint|p1a: Tyranitar
|-damage|p2a: Terrakion|59/100|[from] item: Life Orb
|
|-weather|Sandstorm|[upkeep]
|upkeep
|inactive|Blossummm has 30 seconds left.
|
|t:|1714944043
|switch|p1a: Alakazam|Alakazam, F|100/100
|turn|14
|
|t:|1714944052
|move|p2a: Terrakion|Quick Attack|p1a: Alakazam
|-damage|p1a: Alakazam|42/100
|-damage|p2a: Terrakion|49/100|[from] item: Life Orb
|move|p1a: Alakazam|Grass Knot|p2a: Terrakion
|-supereffective|p2a: Terrakion
|-damage|p2a: Terrakion|0 fnt
|faint|p2a: Terrakion
|
|-weather|Sandstorm|[upkeep]
|upkeep
|
|t:|1714944059
|switch|p2a: Scizor|Scizor, M, shiny|66/100
|-damage|p2a: Scizor|53/100|[from] Stealth Rock
|turn|15
|
|t:|1714944064
|switch|p1a: Landorus|Landorus-Therian, M|28/100
|-damage|p1a: Landorus|16/100|[from] Stealth Rock
|-ability|p1a: Landorus|Intimidate|boost
|-unboost|p2a: Scizor|atk|1
|move|p2a: Scizor|Bullet Punch|p1a: Landorus
|-damage|p1a: Landorus|0 fnt
|faint|p1a: Landorus
|-damage|p2a: Scizor|43/100|[from] item: Life Orb
|
|-weather|Sandstorm|[upkeep]
|upkeep
|
|t:|1714944072
|switch|p1a: Latios|Latios, M|100/100
|-damage|p1a: Latios|88/100|[from] Stealth Rock
|turn|16
|
|t:|1714944079
|switch|p2a: Starmie|Starmie|76/100
|-damage|p2a: Starmie|64/100|[from] Stealth Rock
|-item|p2a: Starmie|Air Balloon
|move|p1a: Latios|Surf|p2a: Starmie
|-resisted|p2a: Starmie
|-damage|p2a: Starmie|41/100
|-enditem|p2a: Starmie|Air Balloon
|
|-weather|Sandstorm|[upkeep]
|-damage|p1a: Latios|82/100|[from] Sandstorm
|-damage|p2a: Starmie|35/100|[from] Sandstorm
|upkeep
|turn|17
|
|t:|1714944088
|move|p1a: Latios|Surf|p2a: Starmie
|-resisted|p2a: Starmie
|-damage|p2a: Starmie|10/100
|move|p2a: Starmie|Ice Beam|p1a: Latios
|-supereffective|p1a: Latios
|-damage|p1a: Latios|11/100
|
|-weather|Sandstorm|[upkeep]
|-damage|p1a: Latios|5/100|[from] Sandstorm
|-damage|p2a: Starmie|4/100|[from] Sandstorm
|upkeep
|turn|18
|inactive|Blossummm has 60 seconds left.
|
|t:|1714944094
|move|p1a: Latios|Surf|p2a: Starmie
|-resisted|p2a: Starmie
|-crit|p2a: Starmie
|-damage|p2a: Starmie|0 fnt
|faint|p2a: Starmie
|
|-weather|Sandstorm|[upkeep]
|-damage|p1a: Latios|0 fnt|[from] Sandstorm
|faint|p1a: Latios
|upkeep
|
|t:|1714944099
|switch|p2a: Scizor|Scizor, M, shiny|43/100
|switch|p1a: Alakazam|Alakazam, F|42/100
|-damage|p2a: Scizor|31/100|[from] Stealth Rock
|turn|19
|c|☆bwc mu fish|gg
|
|t:|1714944106
|move|p2a: Scizor|Bullet Punch|p1a: Alakazam
|-crit|p1a: Alakazam
|-damage|p1a: Alakazam|0 fnt
|faint|p1a: Alakazam
|-damage|p2a: Scizor|21/100|[from] item: Life Orb
|
|win|bwc mu fish
|raw|Blossummm's rating: 1379 &rarr; <strong>1361</strong><br />(-18 for losing)
|raw|bwc mu fish's rating: 1410 &rarr; <strong>1428</strong><br />(+18 for winning)
|l|☆bwc mu fish
|player|p2|
