|j|☆BigBadLeroyBrown
|j|☆Aqshyash
|t:|1722979118
|gametype|singles
|player|p1|BigBadLeroyBrown|barry|1306
|player|p2|Aqshyash|youngcouple-gen4dp|1314
|teamsize|p1|6
|teamsize|p2|6
|gen|5
|tier|[Gen 5] OU
|rated|
|rule|Species Clause: Limit one of each Pokémon
|rule|OHKO Clause: OHKO moves are banned
|rule|Moody Clause: Moody is banned
|rule|Evasion Items Clause: Evasion items are banned
|rule|Evasion Moves Clause: Evasion moves are banned
|rule|Endless Battle Clause: Forcing endless battles is banned
|rule|HP Percentage Mod: HP is shown in percentages
|rule|Evasion Abilities Clause: Evasion abilities are banned
|rule|Sleep Moves Clause: Sleep-inducing moves are banned
|rule|Swagger Clause: Swagger is banned
|rule|Baton Pass Stat Clause: No Baton Passer may have a way to boost its stats
|clearpoke
|poke|p1|Tyranitar, M|item
|poke|p1|Alakazam, M|item
|poke|p1|Latios, M|item
|poke|p1|Ferrothorn, F|item
|poke|p1|Landorus-Therian, M|item
|poke|p1|Excadrill, M|item
|poke|p2|Shuckle, M|item
|poke|p2|Escavalier, F|item
|poke|p2|Umbreon, F|item
|poke|p2|Magnezone|item
|poke|p2|Grumpig, F|item
|poke|p2|Regigigas|item
|teampreview
|inactive|Battle timer is ON: inactive players will automatically lose when time's up. (requested by Aqshyash)
|inactive|Aqshyash has 120 seconds left.
|
|t:|1722979166
|start
|switch|p1a: Tyranitar|Tyranitar, M|100/100
|switch|p2a: Escavalier|Escavalier, F|100/100
|-weather|Sandstorm|[from] ability: Sand Stream|[of] p1a: Tyranitar
|turn|1
|inactive|BigBadLeroyBrown has 120 seconds left.
|
|t:|1722979220
|switch|p1a: Landorus|Landorus-Therian, M|100/100
|-ability|p1a: Landorus|Intimidate|boost
|-unboost|p2a: Escavalier|atk|1
|move|p2a: Escavalier|Iron Defense|p2a: Escavalier
|-boost|p2a: Escavalier|def|2
|
|-weather|Sandstorm|[upkeep]
|upkeep
|turn|2
|
|t:|1722979233
|move|p1a: Landorus|Stealth Rock|p2a: Escavalier
|-sidestart|p2: Aqshyash|move: Stealth Rock
|move|p2a: Escavalier|Struggle Bug|p1a: Landorus
|-resisted|p1a: Landorus
|-damage|p1a: Landorus|96/100
|-unboost|p1a: Landorus|spa|1
|
|-weather|Sandstorm|[upkeep]
|-heal|p1a: Landorus|100/100|[from] item: Leftovers
|upkeep
|turn|3
|
|t:|1722979251
|move|p1a: Landorus|Knock Off|p2a: Escavalier
|-resisted|p2a: Escavalier
|-damage|p2a: Escavalier|99/100
|-enditem|p2a: Escavalier|Leftovers|[from] move: Knock Off|[of] p1a: Landorus
|move|p2a: Escavalier|Struggle Bug|p1a: Landorus
|-resisted|p1a: Landorus
|-damage|p1a: Landorus|96/100
|-unboost|p1a: Landorus|spa|1
|
|-weather|Sandstorm|[upkeep]
|-heal|p1a: Landorus|100/100|[from] item: Leftovers
|upkeep
|turn|4
|
|t:|1722979278
|move|p1a: Landorus|Earthquake|p2a: Escavalier
|-damage|p2a: Escavalier|73/100
|move|p2a: Escavalier|Struggle Bug|p1a: Landorus
|-resisted|p1a: Landorus
|-damage|p1a: Landorus|97/100
|-unboost|p1a: Landorus|spa|1
|
|-weather|Sandstorm|[upkeep]
|-heal|p1a: Landorus|100/100|[from] item: Leftovers
|upkeep
|turn|5
|
|t:|1722979301
|move|p1a: Landorus|Earthquake|p2a: Escavalier
|-damage|p2a: Escavalier|47/100
|move|p2a: Escavalier|Megahorn|p1a: Landorus
|-resisted|p1a: Landorus
|-damage|p1a: Landorus|83/100
|
|-weather|Sandstorm|[upkeep]
|-heal|p1a: Landorus|89/100|[from] item: Leftovers
|upkeep
|turn|6
|
|t:|1722979306
|move|p1a: Landorus|Earthquake|p2a: Escavalier
|-damage|p2a: Escavalier|22/100
|move|p2a: Escavalier|Rest|p2a: Escavalier
|-status|p2a: Escavalier|slp|[from] move: Rest
|-heal|p2a: Escavalier|100/100 slp|[silent]
|
|-weather|Sandstorm|[upkeep]
|-heal|p1a: Landorus|95/100|[from] item: Leftovers
|upkeep
|turn|7
|inactive|BigBadLeroyBrown has 120 seconds left.
|
|t:|1722979322
|switch|p1a: Ferrothorn|Ferrothorn, F|100/100
|switch|p2a: Shuckle|Shuckle, M|100/100
|-damage|p2a: Shuckle|75/100|[from] Stealth Rock
|
|-weather|Sandstorm|[upkeep]
|-heal|p2a: Shuckle|82/100|[from] item: Leftovers
|upkeep
|turn|8
|
|t:|1722979328
|switch|p2a: Magnezone|Magnezone|100/100
|-damage|p2a: Magnezone|94/100|[from] Stealth Rock
|-item|p2a: Magnezone|Air Balloon
|switch|p1a: Tyranitar|Tyranitar, M|100/100
|
|-weather|Sandstorm|[upkeep]
|upkeep
|turn|9
|
|t:|1722979347
|switch|p2a: Escavalier|Escavalier, F|100/100 slp
|-damage|p2a: Escavalier|88/100 slp|[from] Stealth Rock
|move|p1a: Tyranitar|Superpower|p2a: Escavalier
|-damage|p2a: Escavalier|49/100 slp
|-unboost|p1a: Tyranitar|atk|1
|-unboost|p1a: Tyranitar|def|1
|
|-weather|Sandstorm|[upkeep]
|upkeep
|turn|10
|inactive|BigBadLeroyBrown has 120 seconds left.
|
|t:|1722979374
|switch|p1a: Ferrothorn|Ferrothorn, F|100/100
|cant|p2a: Escavalier|slp
|
|-weather|Sandstorm|[upkeep]
|upkeep
|turn|11
|inactive|BigBadLeroyBrown has 120 seconds left.
|
|t:|1722979387
|switch|p1a: Tyranitar|Tyranitar, M|100/100
|cant|p2a: Escavalier|slp
|
|-weather|Sandstorm|[upkeep]
|upkeep
|turn|12
|
|t:|1722979392
|move|p1a: Tyranitar|Superpower|p2a: Escavalier
|-damage|p2a: Escavalier|9/100 slp
|-unboost|p1a: Tyranitar|atk|1
|-unboost|p1a: Tyranitar|def|1
|-curestatus|p2a: Escavalier|slp|[msg]
|move|p2a: Escavalier|Iron Defense|p2a: Escavalier
|-boost|p2a: Escavalier|def|2
|
|-weather|Sandstorm|[upkeep]
|upkeep
|turn|13
|
|t:|1722979399
|move|p1a: Tyranitar|Superpower|p2a: Escavalier
|-damage|p2a: Escavalier|0 fnt
|-unboost|p1a: Tyranitar|atk|1
|-unboost|p1a: Tyranitar|def|1
|faint|p2a: Escavalier
|
|-weather|Sandstorm|[upkeep]
|upkeep
|
|t:|1722979406
|switch|p2a: Umbreon|Umbreon, F|100/100
|-damage|p2a: Umbreon|88/100|[from] Stealth Rock
|turn|14
|
|t:|1722979410
|switch|p1a: Ferrothorn|Ferrothorn, F|100/100
|move|p2a: Umbreon|Mean Look|p1a: Ferrothorn
|-activate|p1a: Ferrothorn|trapped
|
|-weather|Sandstorm|[upkeep]
|-damage|p2a: Umbreon|82/100|[from] Sandstorm
|-heal|p2a: Umbreon|88/100|[from] item: Leftovers
|upkeep
|turn|15
|
|t:|1722979422
|switch|p2a: Regigigas|Regigigas|100/100
|-damage|p2a: Regigigas|88/100|[from] Stealth Rock
|-start|p2a: Regigigas|ability: Slow Start
|move|p1a: Ferrothorn|Spikes|p2a: Regigigas
|-sidestart|p2: Aqshyash|Spikes
|
|-weather|Sandstorm|[upkeep]
|-damage|p2a: Regigigas|82/100|[from] Sandstorm
|-heal|p2a: Regigigas|88/100|[from] item: Leftovers
|upkeep
|turn|16
|
|t:|1722979430
|move|p2a: Regigigas|Substitute|p2a: Regigigas
|-start|p2a: Regigigas|Substitute
|-damage|p2a: Regigigas|63/100
|move|p1a: Ferrothorn|Knock Off|p2a: Regigigas
|-activate|p2a: Regigigas|Substitute|[damage]
|
|-weather|Sandstorm|[upkeep]
|-damage|p2a: Regigigas|57/100|[from] Sandstorm
|-heal|p2a: Regigigas|63/100|[from] item: Leftovers
|upkeep
|turn|17
|
|t:|1722979436
|move|p2a: Regigigas|Thunder Wave|p1a: Ferrothorn
|-status|p1a: Ferrothorn|par
|cant|p1a: Ferrothorn|par
|
|-weather|Sandstorm|[upkeep]
|-damage|p2a: Regigigas|57/100|[from] Sandstorm
|-heal|p2a: Regigigas|63/100|[from] item: Leftovers
|upkeep
|turn|18
|
|t:|1722979442
|move|p2a: Regigigas|Confuse Ray|p1a: Ferrothorn
|-start|p1a: Ferrothorn|confusion
|-activate|p1a: Ferrothorn|confusion
|move|p1a: Ferrothorn|Spikes|p2a: Regigigas
|-sidestart|p2: Aqshyash|Spikes
|
|-weather|Sandstorm|[upkeep]
|-damage|p2a: Regigigas|57/100|[from] Sandstorm
|-heal|p2a: Regigigas|63/100|[from] item: Leftovers
|upkeep
|turn|19
|
|t:|1722979457
|move|p2a: Regigigas|Thunder Wave|p1a: Ferrothorn
|-fail|p1a: Ferrothorn|par
|-activate|p1a: Ferrothorn|confusion
|-damage|p1a: Ferrothorn|93/100 par|[from] confusion
|
|-weather|Sandstorm|[upkeep]
|-damage|p2a: Regigigas|57/100|[from] Sandstorm
|-heal|p2a: Regigigas|63/100|[from] item: Leftovers
|-heal|p1a: Ferrothorn|99/100 par|[from] item: Leftovers
|-end|p2a: Regigigas|Slow Start
|upkeep
|turn|20
|
|t:|1722979470
|move|p2a: Regigigas|Return|p1a: Ferrothorn
|-resisted|p1a: Ferrothorn
|-damage|p1a: Ferrothorn|76/100 par
|-damage|p2a: Regigigas|50/100|[from] ability: Iron Barbs|[of] p1a: Ferrothorn
|-activate|p1a: Ferrothorn|confusion
|cant|p1a: Ferrothorn|par
|
|-weather|Sandstorm|[upkeep]
|-damage|p2a: Regigigas|44/100|[from] Sandstorm
|-heal|p2a: Regigigas|50/100|[from] item: Leftovers
|-heal|p1a: Ferrothorn|82/100 par|[from] item: Leftovers
|upkeep
|turn|21
|
|t:|1722979480
|switch|p1a: Tyranitar|Tyranitar, M|100/100
|move|p2a: Regigigas|Return|p1a: Tyranitar
|-resisted|p1a: Tyranitar
|-damage|p1a: Tyranitar|65/100
|
|-weather|Sandstorm|[upkeep]
|-damage|p2a: Regigigas|44/100|[from] Sandstorm
|-heal|p2a: Regigigas|50/100|[from] item: Leftovers
|upkeep
|turn|22
|
|t:|1722979485
|switch|p1a: Ferrothorn|Ferrothorn, F|82/100 par
|move|p2a: Regigigas|Thunder Wave|p1a: Ferrothorn
|-fail|p1a: Ferrothorn|par
|
|-weather|Sandstorm|[upkeep]
|-damage|p2a: Regigigas|44/100|[from] Sandstorm
|-heal|p2a: Regigigas|50/100|[from] item: Leftovers
|-heal|p1a: Ferrothorn|88/100 par|[from] item: Leftovers
|upkeep
|turn|23
|
|t:|1722979489
|move|p2a: Regigigas|Confuse Ray|p1a: Ferrothorn
|-start|p1a: Ferrothorn|confusion
|-activate|p1a: Ferrothorn|confusion
|cant|p1a: Ferrothorn|par
|
|-weather|Sandstorm|[upkeep]
|-damage|p2a: Regigigas|44/100|[from] Sandstorm
|-heal|p2a: Regigigas|50/100|[from] item: Leftovers
|-heal|p1a: Ferrothorn|95/100 par|[from] item: Leftovers
|upkeep
|turn|24
|
|t:|1722979500
|move|p2a: Regigigas|Return|p1a: Ferrothorn
|-resisted|p1a: Ferrothorn
|-damage|p1a: Ferrothorn|70/100 par
|-damage|p2a: Regigigas|38/100|[from] ability: Iron Barbs|[of] p1a: Ferrothorn
|-activate|p1a: Ferrothorn|confusion
|-damage|p1a: Ferrothorn|63/100 par|[from] confusion
|
|-weather|Sandstorm|[upkeep]
|-damage|p2a: Regigigas|32/100|[from] Sandstorm
|-heal|p2a: Regigigas|38/100|[from] item: Leftovers
|-heal|p1a: Ferrothorn|69/100 par|[from] item: Leftovers
|upkeep
|turn|25
|
|t:|1722979513
|move|p2a: Regigigas|Confuse Ray||[still]
|-fail|p2a: Regigigas
|-activate|p1a: Ferrothorn|confusion
|cant|p1a: Ferrothorn|par
|
|-weather|Sandstorm|[upkeep]
|-damage|p2a: Regigigas|32/100|[from] Sandstorm
|-heal|p2a: Regigigas|38/100|[from] item: Leftovers
|-heal|p1a: Ferrothorn|75/100 par|[from] item: Leftovers
|upkeep
|turn|26
|
|t:|1722979521
|move|p2a: Regigigas|Return|p1a: Ferrothorn
|-resisted|p1a: Ferrothorn
|-damage|p1a: Ferrothorn|48/100 par
|-damage|p2a: Regigigas|25/100|[from] ability: Iron Barbs|[of] p1a: Ferrothorn
|-end|p1a: Ferrothorn|confusion
|cant|p1a: Ferrothorn|par
|
|-weather|Sandstorm|[upkeep]
|-damage|p2a: Regigigas|19/100|[from] Sandstorm
|-heal|p2a: Regigigas|25/100|[from] item: Leftovers
|-heal|p1a: Ferrothorn|54/100 par|[from] item: Leftovers
|upkeep
|turn|27
|
|t:|1722979529
|move|p2a: Regigigas|Confuse Ray|p1a: Ferrothorn
|-start|p1a: Ferrothorn|confusion
|-activate|p1a: Ferrothorn|confusion
|-damage|p1a: Ferrothorn|48/100 par|[from] confusion
|
|-weather|Sandstorm|[upkeep]
|-damage|p2a: Regigigas|19/100|[from] Sandstorm
|-heal|p2a: Regigigas|25/100|[from] item: Leftovers
|-heal|p1a: Ferrothorn|54/100 par|[from] item: Leftovers
|upkeep
|turn|28
|
|t:|1722979537
|move|p2a: Regigigas|Return|p1a: Ferrothorn
|-resisted|p1a: Ferrothorn
|-damage|p1a: Ferrothorn|29/100 par
|-damage|p2a: Regigigas|13/100|[from] ability: Iron Barbs|[of] p1a: Ferrothorn
|-activate|p1a: Ferrothorn|confusion
|move|p1a: Ferrothorn|Spikes|p2a: Regigigas
|-sidestart|p2: Aqshyash|Spikes
|
|-weather|Sandstorm|[upkeep]
|-damage|p2a: Regigigas|7/100|[from] Sandstorm
|-heal|p2a: Regigigas|13/100|[from] item: Leftovers
|-heal|p1a: Ferrothorn|35/100 par|[from] item: Leftovers
|upkeep
|turn|29
|
|t:|1722979552
|move|p2a: Regigigas|Return|p1a: Ferrothorn
|-resisted|p1a: Ferrothorn
|-damage|p1a: Ferrothorn|8/100 par
|-damage|p2a: Regigigas|0 fnt|[from] ability: Iron Barbs|[of] p1a: Ferrothorn
|faint|p2a: Regigigas
|-end|p2a: Regigigas|Slow Start|[silent]
|-activate|p1a: Ferrothorn|confusion
|-damage|p1a: Ferrothorn|2/100 par|[from] confusion
|
|-weather|Sandstorm|[upkeep]
|-heal|p1a: Ferrothorn|8/100 par|[from] item: Leftovers
|upkeep
|
|t:|1722979569
|switch|p2a: Grumpig|Grumpig, F|100/100
|-damage|p2a: Grumpig|88/100|[from] Stealth Rock
|-damage|p2a: Grumpig|63/100|[from] Spikes
|turn|30
|
|t:|1722979572
|move|p2a: Grumpig|Reflect|p2a: Grumpig
|-sidestart|p2: Aqshyash|Reflect
|-end|p1a: Ferrothorn|confusion
|move|p1a: Ferrothorn|Gyro Ball|p2a: Grumpig
|-damage|p2a: Grumpig|30/100
|
|-weather|Sandstorm|[upkeep]
|-damage|p2a: Grumpig|24/100|[from] Sandstorm
|-heal|p2a: Grumpig|30/100|[from] item: Leftovers
|-heal|p1a: Ferrothorn|14/100 par|[from] item: Leftovers
|upkeep
|turn|31
|
|t:|1722979579
|move|p2a: Grumpig|Psychic|p1a: Ferrothorn
|-resisted|p1a: Ferrothorn
|-damage|p1a: Ferrothorn|4/100 par
|-unboost|p1a: Ferrothorn|spd|1
|move|p1a: Ferrothorn|Gyro Ball|p2a: Grumpig
|-damage|p2a: Grumpig|0 fnt
|faint|p2a: Grumpig
|
|-weather|Sandstorm|[upkeep]
|-heal|p1a: Ferrothorn|10/100 par|[from] item: Leftovers
|upkeep
|-message|Aqshyash forfeited.
|
|win|BigBadLeroyBrown
|raw|BigBadLeroyBrown's rating: 1306 &rarr; <strong>1326</strong><br />(+20 for winning)
|raw|Aqshyash's rating: 1314 &rarr; <strong>1294</strong><br />(-20 for losing)
|l|☆Aqshyash
|player|p2|
