|j|‽bad big bratt
|j|☆Spencer -
|player|p1|bad big bratt|137
|player|p2|Spencer -|282
|teamsize|p1|6
|teamsize|p2|6
|gametype|singles
|gen|5
|tier|[Gen 5] OU
|rated|
|rule|Sleep Clause Mod: Limit one foe put to sleep
|rule|Species Clause: Limit one of each Pokémon
|rule|OHKO Clause: OHKO moves are banned
|rule|Moody Clause: Moody is banned
|rule|Evasion Moves Clause: Evasion moves are banned
|rule|Endless Battle Clause: Forcing endless battles is banned
|rule|HP Percentage Mod: HP is shown in percentages
|rule|Evasion Abilities Clause: Evasion abilities are banned
|rule|Baton Pass Clause: Limit one Baton Passer, can't pass Spe and other stats simultaneously
|rule|Swagger Clause: Swagger is banned
|clearpoke
|poke|p1|Garchomp, F|item
|poke|p1|Dragonite, M|item
|poke|p1|Starmie|item
|poke|p1|Scizor, F|item
|poke|p1|Breloom, M|item
|poke|p1|Volcarona, F|item
|poke|p2|Politoed, F|item
|poke|p2|Ferrothorn, F|item
|poke|p2|Scizor, F|item
|poke|p2|Starmie|item
|poke|p2|Tornadus, M|item
|poke|p2|Azumarill, F|item
|teampreview
|inactive|Battle timer is ON: inactive players will automatically lose when time's up. (requested by bad big bratt)
|
|start
|switch|p1a: Garchomp|Garchomp, F|100/100
|switch|p2a: Insurrection|Politoed, F|100/100
|-weather|RainDance|[from] ability: Drizzle|[of] p2a: Insurrection
|turn|1
|
|move|p1a: Garchomp|Stealth Rock|p2a: Insurrection
|-sidestart|p2: Spencer -|move: Stealth Rock
|move|p2a: Insurrection|Ice Beam|p1a: Garchomp
|-supereffective|p1a: Garchomp
|-enditem|p1a: Garchomp|Yache Berry|[eat]
|-enditem|p1a: Garchomp|Yache Berry|[weaken]
|-damage|p1a: Garchomp|37/100
|
|-weather|RainDance|[upkeep]
|upkeep
|turn|2
|
|switch|p1a: Starmie|Starmie|100/100
|move|p2a: Insurrection|Ice Beam|p1a: Starmie
|-resisted|p1a: Starmie
|-crit|p1a: Starmie
|-damage|p1a: Starmie|59/100
|
|-weather|RainDance|[upkeep]
|upkeep
|turn|3
|
|move|p1a: Starmie|Thunder|p2a: Insurrection
|-supereffective|p2a: Insurrection
|-crit|p2a: Insurrection
|-damage|p2a: Insurrection|0 fnt
|-damage|p1a: Starmie|49/100|[from] item: Life Orb
|faint|p2a: Insurrection
|
|-weather|RainDance|[upkeep]
|upkeep
|
|switch|p2a: Cheated|Scizor, F|100/100
|-damage|p2a: Cheated|88/100|[from] Stealth Rock
|turn|4
|
|move|p2a: Cheated|U-turn|p1a: Starmie
|-supereffective|p1a: Starmie
|-damage|p1a: Starmie|0 fnt
|faint|p1a: Starmie
|
|switch|p2a: Guilty|Starmie|100/100
|-damage|p2a: Guilty|88/100|[from] Stealth Rock
|
|-weather|RainDance|[upkeep]
|upkeep
|
|switch|p1a: Breloom|Breloom, M|100/100
|turn|5
|
|move|p2a: Guilty|Ice Beam|p1a: Breloom
|-supereffective|p1a: Breloom
|-enditem|p1a: Breloom|Focus Sash
|-damage|p1a: Breloom|1/100
|-damage|p2a: Guilty|78/100|[from] item: Life Orb
|move|p1a: Breloom|Bullet Seed|p2a: Guilty
|-supereffective|p2a: Guilty
|-damage|p2a: Guilty|21/100
|-supereffective|p2a: Guilty
|-damage|p2a: Guilty|0 fnt
|-hitcount|p2a: Guilty|2
|faint|p2a: Guilty
|
|-weather|RainDance|[upkeep]
|upkeep
|
|switch|p2a: Cheated|Scizor, F|88/100
|-damage|p2a: Cheated|76/100|[from] Stealth Rock
|turn|6
|
|move|p1a: Breloom|Mach Punch|p2a: Cheated
|-damage|p2a: Cheated|40/100
|move|p2a: Cheated|U-turn|p1a: Breloom
|-damage|p1a: Breloom|0 fnt
|faint|p1a: Breloom
|
|switch|p2a: Visitation|Tornadus, M|100/100
|-damage|p2a: Visitation|76/100|[from] Stealth Rock
|
|-weather|RainDance|[upkeep]
|upkeep
|inactive|bad big bratt has 120 seconds left.
|
|switch|p1a: Dragonite|Dragonite, M|100/100
|turn|7
|
|switch|p2a: The Undertow|Ferrothorn, F|100/100
|-damage|p2a: The Undertow|94/100|[from] Stealth Rock
|move|p1a: Dragonite|Extreme Speed|p2a: The Undertow
|-resisted|p2a: The Undertow
|-damage|p2a: The Undertow|77/100
|-damage|p1a: Dragonite|88/100|[from] ability: Iron Barbs|[of] p2a: The Undertow
|
|-weather|RainDance|[upkeep]
|-heal|p2a: The Undertow|83/100|[from] item: Leftovers
|upkeep
|turn|8
|
|switch|p1a: Volcarona|Volcarona, F|100/100
|move|p2a: The Undertow|Stealth Rock|p1a: Volcarona
|-sidestart|p1: bad big bratt|move: Stealth Rock
|
|-weather|RainDance|[upkeep]
|-heal|p2a: The Undertow|89/100|[from] item: Leftovers
|upkeep
|turn|9
|
|move|p1a: Volcarona|Quiver Dance|p1a: Volcarona
|-boost|p1a: Volcarona|spa|1
|-boost|p1a: Volcarona|spd|1
|-boost|p1a: Volcarona|spe|1
|move|p2a: The Undertow|Gyro Ball|p1a: Volcarona
|-resisted|p1a: Volcarona
|-damage|p1a: Volcarona|78/100
|-status|p2a: The Undertow|brn|[from] ability: Flame Body|[of] p1a: Volcarona
|
|-weather|RainDance|[upkeep]
|-heal|p2a: The Undertow|95/100 brn|[from] item: Leftovers
|-damage|p2a: The Undertow|83/100 brn|[from] brn
|upkeep
|turn|10
|
|move|p1a: Volcarona|Quiver Dance|p1a: Volcarona
|-boost|p1a: Volcarona|spa|1
|-boost|p1a: Volcarona|spd|1
|-boost|p1a: Volcarona|spe|1
|move|p2a: The Undertow|Spikes|p1a: Volcarona
|-sidestart|p1: bad big bratt|Spikes
|
|-weather|RainDance|[upkeep]
|-heal|p2a: The Undertow|89/100 brn|[from] item: Leftovers
|-damage|p2a: The Undertow|76/100 brn|[from] brn
|upkeep
|turn|11
|
|move|p1a: Volcarona|Flamethrower|p2a: The Undertow
|-supereffective|p2a: The Undertow
|-damage|p2a: The Undertow|0 fnt
|faint|p2a: The Undertow
|
|-weather|RainDance|[upkeep]
|upkeep
|
|switch|p2a: King Me|Azumarill, F|100/100
|-damage|p2a: King Me|88/100|[from] Stealth Rock
|turn|12
|
|move|p2a: King Me|Aqua Jet|p1a: Volcarona
|-supereffective|p1a: Volcarona
|-enditem|p1a: Volcarona|Passho Berry|[eat]
|-enditem|p1a: Volcarona|Passho Berry|[weaken]
|-damage|p1a: Volcarona|28/100
|move|p1a: Volcarona|Giga Drain|p2a: King Me
|-supereffective|p2a: King Me
|-damage|p2a: King Me|5/100
|-heal|p1a: Volcarona|73/100|[from] drain|[of] p2a: King Me
|
|-weather|RainDance|[upkeep]
|upkeep
|turn|13
|
|move|p2a: King Me|Aqua Jet|p1a: Volcarona
|-supereffective|p1a: Volcarona
|-damage|p1a: Volcarona|0 fnt
|faint|p1a: Volcarona
|
|-weather|RainDance|[upkeep]
|upkeep
|
|switch|p1a: Scizor|Scizor, F|100/100
|-damage|p1a: Scizor|88/100|[from] Spikes
|-damage|p1a: Scizor|76/100|[from] Stealth Rock
|turn|14
|
|move|p1a: Scizor|Bullet Punch|p2a: King Me
|-resisted|p2a: King Me
|-damage|p2a: King Me|0 fnt
|-damage|p1a: Scizor|66/100|[from] item: Life Orb
|faint|p2a: King Me
|
|-weather|RainDance|[upkeep]
|upkeep
|
|switch|p2a: Cheated|Scizor, F|40/100
|-damage|p2a: Cheated|28/100|[from] Stealth Rock
|turn|15
|
|switch|p1a: Garchomp|Garchomp, F|37/100
|-damage|p1a: Garchomp|30/100|[from] Stealth Rock
|-damage|p1a: Garchomp|18/100|[from] Spikes
|move|p2a: Cheated|Superpower|p1a: Garchomp
|-crit|p1a: Garchomp
|-damage|p1a: Garchomp|0 fnt
|-damage|p2a: Cheated|16/100|[from] ability: Rough Skin|[of] p1a: Garchomp
|-unboost|p2a: Cheated|atk|1
|-unboost|p2a: Cheated|def|1
|faint|p1a: Garchomp
|
|-weather|RainDance|[upkeep]
|upkeep
|
|switch|p1a: Scizor|Scizor, F|66/100
|-damage|p1a: Scizor|53/100|[from] Stealth Rock
|-damage|p1a: Scizor|41/100|[from] Spikes
|turn|16
|
|move|p1a: Scizor|Bullet Punch|p2a: Cheated
|-resisted|p2a: Cheated
|-damage|p2a: Cheated|0 fnt
|-damage|p1a: Scizor|31/100|[from] item: Life Orb
|faint|p2a: Cheated
|
|-weather|RainDance|[upkeep]
|upkeep
|
|switch|p2a: Visitation|Tornadus, M|76/100
|-damage|p2a: Visitation|51/100|[from] Stealth Rock
|turn|17
|
|move|p1a: Scizor|Bullet Punch|p2a: Visitation
|-damage|p2a: Visitation|0 fnt
|-damage|p1a: Scizor|21/100|[from] item: Life Orb
|faint|p2a: Visitation
|
|win|bad big bratt
|raw|bad big bratt's rating: 1486 &rarr; <strong>1499</strong><br />(+13 for winning)
|raw|Spencer -'s rating: 1350 &rarr; <strong>1337</strong><br />(-13 for losing)
