|j|☆SattleBimulator
|j|☆Croaset
|t:|1738273122
|gametype|singles
|player|p1|SattleBimulator|1|1385
|player|p2|Croaset|elesa|1385
|teamsize|p1|6
|teamsize|p2|6
|gen|5
|tier|[Gen 5] OU
|rated|
|rule|Species Clause: Limit one of each Pokémon
|rule|OHKO Clause: OHKO moves are banned
|rule|Moody Clause: Moody is banned
|rule|Evasion Items Clause: Evasion items are banned
|rule|Evasion Moves Clause: Evasion moves are banned
|rule|Endless Battle Clause: Forcing endless battles is banned
|rule|HP Percentage Mod: HP is shown in percentages
|rule|Evasion Abilities Clause: Evasion abilities are banned
|rule|Sleep Moves Clause: Sleep-inducing moves are banned
|rule|Swagger Clause: Swagger is banned
|rule|Baton Pass Stat Clause: No Baton Passer may have a way to boost its stats
|clearpoke
|poke|p1|Excadrill, F|item
|poke|p1|Garchomp, F|item
|poke|p1|Tyranitar, F|item
|poke|p1|Scizor, F|item
|poke|p1|Skarmory, M|item
|poke|p1|Gengar, F|item
|poke|p2|Golurk|item
|poke|p2|Tyranitar, M|item
|poke|p2|Jirachi|item
|poke|p2|Skarmory, F|item
|poke|p2|Latias, F|item
|poke|p2|Rotom-Wash|item
|teampreview
|inactive|Battle timer is ON: inactive players will automatically lose when time's up. (requested by SattleBimulator)
|
|t:|1738273132
|start
|switch|p1a: Skarmory|Skarmory, M|100/100
|switch|p2a: Rotom|Rotom-Wash|100/100
|turn|1
|
|t:|1738273137
|move|p2a: Rotom|Will-O-Wisp|p1a: Skarmory|[miss]
|-miss|p2a: Rotom|p1a: Skarmory
|move|p1a: Skarmory|Stealth Rock|p2a: Rotom
|-sidestart|p2: Croaset|move: Stealth Rock
|
|upkeep
|turn|2
|
|t:|1738273139
|switch|p1a: Excadrill|Excadrill, F|100/100
|-ability|p1a: Excadrill|Mold Breaker
|-item|p1a: Excadrill|Air Balloon
|move|p2a: Rotom|Will-O-Wisp|p1a: Excadrill
|-status|p1a: Excadrill|brn
|
|-damage|p1a: Excadrill|88/100 brn|[from] brn
|upkeep
|turn|3
|
|t:|1738273149
|switch|p2a: Skarmory|Skarmory, F|100/100
|-damage|p2a: Skarmory|88/100|[from] Stealth Rock
|move|p1a: Excadrill|Earthquake|p2a: Skarmory
|-immune|p2a: Skarmory
|
|-heal|p2a: Skarmory|94/100|[from] item: Leftovers
|-damage|p1a: Excadrill|76/100 brn|[from] brn
|upkeep
|turn|4
|
|t:|1738273151
|switch|p1a: Skarmory|Skarmory, M|100/100
|move|p2a: Skarmory|Stealth Rock|p1a: Skarmory
|-sidestart|p1: SattleBimulator|move: Stealth Rock
|
|-heal|p2a: Skarmory|99/100|[from] item: Leftovers
|upkeep
|turn|5
|
|t:|1738273154
|move|p1a: Skarmory|Spikes|p2a: Skarmory
|-sidestart|p2: Croaset|Spikes
|move|p2a: Skarmory|Whirlwind|p1a: Skarmory
|drag|p1a: Scizor|Scizor, F|100/100
|-damage|p1a: Scizor|88/100|[from] Stealth Rock
|
|-heal|p2a: Skarmory|100/100|[from] item: Leftovers
|upkeep
|turn|6
|
|t:|1738273158
|move|p1a: Scizor|Swords Dance|p1a: Scizor
|-boost|p1a: Scizor|atk|2
|move|p2a: Skarmory|Whirlwind|p1a: Scizor
|drag|p1a: Excadrill|Excadrill, F|76/100 brn
|-damage|p1a: Excadrill|73/100 brn|[from] Stealth Rock
|-ability|p1a: Excadrill|Mold Breaker
|-item|p1a: Excadrill|Air Balloon
|
|-damage|p1a: Excadrill|60/100 brn|[from] brn
|upkeep
|turn|7
|
|t:|1738273163
|move|p1a: Excadrill|Iron Head|p2a: Skarmory
|-resisted|p2a: Skarmory
|-damage|p2a: Skarmory|94/100
|move|p2a: Skarmory|Stealth Rock||[still]
|-fail|p2a: Skarmory
|
|-heal|p2a: Skarmory|99/100|[from] item: Leftovers
|-damage|p1a: Excadrill|48/100 brn|[from] brn
|upkeep
|turn|8
|
|t:|1738273166
|move|p1a: Excadrill|Rapid Spin|p2a: Skarmory
|-resisted|p2a: Skarmory
|-damage|p2a: Skarmory|99/100
|-sideend|p1: SattleBimulator|Stealth Rock|[from] move: Rapid Spin|[of] p1a: Excadrill
|move|p2a: Skarmory|Spikes|p1a: Excadrill
|-sidestart|p1: SattleBimulator|Spikes
|
|-heal|p2a: Skarmory|100/100|[from] item: Leftovers
|-damage|p1a: Excadrill|35/100 brn|[from] brn
|upkeep
|turn|9
|
|t:|1738273168
|move|p1a: Excadrill|Rapid Spin|p2a: Skarmory
|-resisted|p2a: Skarmory
|-damage|p2a: Skarmory|99/100
|-sideend|p1: SattleBimulator|Spikes|[from] move: Rapid Spin|[of] p1a: Excadrill
|move|p2a: Skarmory|Stealth Rock|p1a: Excadrill
|-sidestart|p1: SattleBimulator|move: Stealth Rock
|
|-heal|p2a: Skarmory|100/100|[from] item: Leftovers
|-damage|p1a: Excadrill|23/100 brn|[from] brn
|upkeep
|turn|10
|
|t:|1738273171
|move|p1a: Excadrill|Rapid Spin|p2a: Skarmory
|-resisted|p2a: Skarmory
|-damage|p2a: Skarmory|99/100
|-sideend|p1: SattleBimulator|Stealth Rock|[from] move: Rapid Spin|[of] p1a: Excadrill
|move|p2a: Skarmory|Spikes|p1a: Excadrill
|-sidestart|p1: SattleBimulator|Spikes
|
|-heal|p2a: Skarmory|100/100|[from] item: Leftovers
|-damage|p1a: Excadrill|10/100 brn|[from] brn
|upkeep
|turn|11
|
|t:|1738273173
|move|p1a: Excadrill|Rapid Spin|p2a: Skarmory
|-resisted|p2a: Skarmory
|-damage|p2a: Skarmory|99/100
|-sideend|p1: SattleBimulator|Spikes|[from] move: Rapid Spin|[of] p1a: Excadrill
|move|p2a: Skarmory|Stealth Rock|p1a: Excadrill
|-sidestart|p1: SattleBimulator|move: Stealth Rock
|
|-heal|p2a: Skarmory|100/100|[from] item: Leftovers
|-damage|p1a: Excadrill|0 fnt|[from] brn
|faint|p1a: Excadrill
|upkeep
|
|t:|1738273176
|switch|p1a: Skarmory|Skarmory, M|100/100
|-damage|p1a: Skarmory|88/100|[from] Stealth Rock
|turn|12
|
|t:|1738273183
|move|p2a: Skarmory|Spikes|p1a: Skarmory
|-sidestart|p1: SattleBimulator|Spikes
|move|p1a: Skarmory|Whirlwind|p2a: Skarmory
|drag|p2a: Rotom|Rotom-Wash|100/100
|-damage|p2a: Rotom|88/100|[from] Stealth Rock
|
|-heal|p2a: Rotom|94/100|[from] item: Leftovers
|upkeep
|turn|13
|
|t:|1738273188
|switch|p1a: Garchomp|Garchomp, F|100/100
|-damage|p1a: Garchomp|94/100|[from] Stealth Rock
|-damage|p1a: Garchomp|82/100|[from] Spikes
|move|p2a: Rotom|Will-O-Wisp|p1a: Garchomp
|-status|p1a: Garchomp|brn
|
|-heal|p2a: Rotom|100/100|[from] item: Leftovers
|-damage|p1a: Garchomp|70/100 brn|[from] brn
|upkeep
|turn|14
|
|t:|1738273197
|switch|p2a: Skarmory|Skarmory, F|100/100
|-damage|p2a: Skarmory|88/100|[from] Stealth Rock
|move|p1a: Garchomp|Fire Blast|p2a: Skarmory
|-supereffective|p2a: Skarmory
|-damage|p2a: Skarmory|26/100
|
|-heal|p2a: Skarmory|32/100|[from] item: Leftovers
|-damage|p1a: Garchomp|57/100 brn|[from] brn
|upkeep
|turn|15
|
|t:|1738273207
|switch|p2a: Rotom|Rotom-Wash|100/100
|-damage|p2a: Rotom|88/100|[from] Stealth Rock
|move|p1a: Garchomp|Fire Blast|p2a: Rotom
|-resisted|p2a: Rotom
|-damage|p2a: Rotom|76/100
|
|-heal|p2a: Rotom|82/100|[from] item: Leftovers
|-damage|p1a: Garchomp|45/100 brn|[from] brn
|upkeep
|turn|16
|
|t:|1738273209
|move|p1a: Garchomp|Fire Blast|p2a: Rotom
|-resisted|p2a: Rotom
|-crit|p2a: Rotom
|-damage|p2a: Rotom|57/100
|move|p2a: Rotom|Hydro Pump|p1a: Garchomp
|-damage|p1a: Garchomp|0 fnt
|faint|p1a: Garchomp
|
|-heal|p2a: Rotom|63/100|[from] item: Leftovers
|upkeep
|
|t:|1738273214
|switch|p1a: Gengar|Gengar, F|100/100
|-damage|p1a: Gengar|88/100|[from] Stealth Rock
|turn|17
|
|t:|1738273220
|move|p1a: Gengar|Focus Blast|p2a: Rotom
|-damage|p2a: Rotom|1/100
|-unboost|p2a: Rotom|spd|1
|-damage|p1a: Gengar|78/100|[from] item: Life Orb
|move|p2a: Rotom|Thunder Wave|p1a: Gengar
|-status|p1a: Gengar|par
|
|-heal|p2a: Rotom|7/100|[from] item: Leftovers
|upkeep
|turn|18
|
|t:|1738273223
|move|p2a: Rotom|Volt Switch|p1a: Gengar
|-damage|p1a: Gengar|33/100 par
|c|☆SattleBimulator|lol
|
|t:|1738273226
|switch|p2a: Tyranitar|Tyranitar, M|100/100|[from] Volt Switch
|-damage|p2a: Tyranitar|88/100|[from] Stealth Rock
|-damage|p2a: Tyranitar|76/100|[from] Spikes
|-weather|Sandstorm|[from] ability: Sand Stream|[of] p2a: Tyranitar
|move|p1a: Gengar|Shadow Ball|p2a: Tyranitar
|-resisted|p2a: Tyranitar
|-damage|p2a: Tyranitar|65/100
|-unboost|p2a: Tyranitar|spd|1
|-damage|p1a: Gengar|23/100 par|[from] item: Life Orb
|
|-weather|Sandstorm|[upkeep]
|-damage|p1a: Gengar|17/100 par|[from] Sandstorm
|upkeep
|turn|19
|
|t:|1738273228
|move|p2a: Tyranitar|Pursuit|p1a: Gengar
|-supereffective|p1a: Gengar
|-crit|p1a: Gengar
|-damage|p1a: Gengar|0 fnt
|faint|p1a: Gengar
|
|-weather|Sandstorm|[upkeep]
|upkeep
|
|t:|1738273230
|switch|p1a: Scizor|Scizor, F|88/100
|-damage|p1a: Scizor|76/100|[from] Stealth Rock
|-damage|p1a: Scizor|63/100|[from] Spikes
|turn|20
|
|t:|1738273232
|move|p1a: Scizor|Swords Dance|p1a: Scizor
|-boost|p1a: Scizor|atk|2
|move|p2a: Tyranitar|Thunder Wave|p1a: Scizor
|-status|p1a: Scizor|par
|
|-weather|Sandstorm|[upkeep]
|upkeep
|turn|21
|
|t:|1738273241
|switch|p2a: Skarmory|Skarmory, F|32/100
|-damage|p2a: Skarmory|20/100|[from] Stealth Rock
|move|p1a: Scizor|Bullet Punch|p2a: Skarmory
|-resisted|p2a: Skarmory
|-damage|p2a: Skarmory|0 fnt
|faint|p2a: Skarmory
|-damage|p1a: Scizor|53/100 par|[from] item: Life Orb
|
|-weather|Sandstorm|[upkeep]
|upkeep
|
|t:|1738273247
|switch|p2a: Jirachi|Jirachi|100/100
|-damage|p2a: Jirachi|94/100|[from] Stealth Rock
|-damage|p2a: Jirachi|82/100|[from] Spikes
|turn|22
|
|t:|1738273249
|move|p1a: Scizor|Bullet Punch|p2a: Jirachi
|-resisted|p2a: Jirachi
|-damage|p2a: Jirachi|42/100
|-damage|p1a: Scizor|43/100 par|[from] item: Life Orb
|move|p2a: Jirachi|Fire Punch|p1a: Scizor
|-supereffective|p1a: Scizor
|-damage|p1a: Scizor|0 fnt
|faint|p1a: Scizor
|
|-weather|Sandstorm|[upkeep]
|-heal|p2a: Jirachi|48/100|[from] item: Leftovers
|upkeep
|
|t:|1738273252
|switch|p1a: Tyranitar|Tyranitar, F|100/100
|-damage|p1a: Tyranitar|88/100|[from] Stealth Rock
|-damage|p1a: Tyranitar|76/100|[from] Spikes
|turn|23
|
|t:|1738273255
|move|p2a: Jirachi|Iron Head|p1a: Tyranitar
|-supereffective|p1a: Tyranitar
|-damage|p1a: Tyranitar|34/100
|cant|p1a: Tyranitar|flinch
|
|-weather|Sandstorm|[upkeep]
|-heal|p2a: Jirachi|54/100|[from] item: Leftovers
|upkeep
|turn|24
|
|t:|1738273257
|move|p2a: Jirachi|Iron Head|p1a: Tyranitar
|-supereffective|p1a: Tyranitar
|-damage|p1a: Tyranitar|0 fnt
|faint|p1a: Tyranitar
|
|-weather|Sandstorm|[upkeep]
|-heal|p2a: Jirachi|61/100|[from] item: Leftovers
|upkeep
|
|t:|1738273260
|switch|p1a: Skarmory|Skarmory, M|88/100
|-damage|p1a: Skarmory|76/100|[from] Stealth Rock
|turn|25
|
|t:|1738273263
|move|p2a: Jirachi|Body Slam|p1a: Skarmory
|-resisted|p1a: Skarmory
|-crit|p1a: Skarmory
|-damage|p1a: Skarmory|64/100
|-status|p1a: Skarmory|par
|-damage|p2a: Jirachi|44/100|[from] item: Rocky Helmet|[of] p1a: Skarmory
|move|p1a: Skarmory|Whirlwind|p2a: Jirachi
|drag|p2a: Rotom|Rotom-Wash|7/100
|-damage|p2a: Rotom|0 fnt|[from] Stealth Rock
|faint|p2a: Rotom
|
|-weather|Sandstorm|[upkeep]
|upkeep
|j| GuillermoToledo01
|
|t:|1738273270
|switch|p2a: Golurk|Golurk|100/100
|-damage|p2a: Golurk|94/100|[from] Stealth Rock
|-damage|p2a: Golurk|82/100|[from] Spikes
|turn|26
|
|t:|1738273275
|move|p2a: Golurk|Dynamic Punch|p1a: Skarmory
|-damage|p1a: Skarmory|32/100 par
|-start|p1a: Skarmory|confusion
|-damage|p2a: Golurk|66/100|[from] item: Rocky Helmet|[of] p1a: Skarmory
|-activate|p1a: Skarmory|confusion
|-damage|p1a: Skarmory|27/100 par|[from] confusion
|
|-weather|Sandstorm|[upkeep]
|upkeep
|turn|27
|-message|SattleBimulator forfeited.
|
|win|Croaset
|raw|SattleBimulator's rating: 1385 &rarr; <strong>1365</strong><br />(-20 for losing)
|raw|Croaset's rating: 1385 &rarr; <strong>1405</strong><br />(+20 for winning)
|l|☆SattleBimulator
|player|p1|
