|j|☆Greninja The G
|j|☆chomp29
|t:|1718073455
|gametype|singles
|player|p1|Greninja The G|youngster|1348
|player|p2|chomp29|lucas|1585
|teamsize|p1|6
|teamsize|p2|6
|gen|5
|tier|[Gen 5] OU
|rated|
|rule|Species Clause: Limit one of each Pokémon
|rule|OHKO Clause: OHKO moves are banned
|rule|Moody Clause: Moody is banned
|rule|Evasion Items Clause: Evasion items are banned
|rule|Evasion Moves Clause: Evasion moves are banned
|rule|Endless Battle Clause: Forcing endless battles is banned
|rule|HP Percentage Mod: HP is shown in percentages
|rule|Evasion Abilities Clause: Evasion abilities are banned
|rule|Sleep Moves Clause: Sleep-inducing moves are banned
|rule|Swagger Clause: Swagger is banned
|rule|Baton Pass Stat Clause: No Baton Passer may have a way to boost its stats
|clearpoke
|poke|p1|Politoed, M|item
|poke|p1|Ferrothorn, M|item
|poke|p1|Thundurus-Therian, M|item
|poke|p1|Tentacruel, F|item
|poke|p1|Latios, M|item
|poke|p1|Keldeo|item
|poke|p2|Staraptor, F|item
|poke|p2|Starmie|item
|poke|p2|Metagross|item
|poke|p2|Gengar, M|item
|poke|p2|Cradily, F|item
|poke|p2|Volcarona, F|item
|teampreview
|inactive|Battle timer is ON: inactive players will automatically lose when time's up. (requested by chomp29)
|c|☆chomp29|Gl
|j| Neighthan Trainer
|
|t:|1718073486
|start
|switch|p1a: Politoed|Politoed, M|100/100
|switch|p2a: Metagross|Metagross|100/100
|-weather|RainDance|[from] ability: Drizzle|[of] p1a: Politoed
|turn|1
|
|t:|1718073498
|move|p2a: Metagross|Stealth Rock|p1a: Politoed
|-sidestart|p1: Greninja The G|move: Stealth Rock
|move|p1a: Politoed|Scald|p2a: Metagross
|-damage|p2a: Metagross|54/100
|
|-weather|RainDance|[upkeep]
|upkeep
|turn|2
|inactive|Greninja The G has 120 seconds left.
|
|t:|1718073530
|move|p1a: Politoed|Protect|p1a: Politoed
|-singleturn|p1a: Politoed|Protect
|move|p2a: Metagross|Explosion|p1a: Politoed
|-activate|p1a: Politoed|move: Protect
|faint|p2a: Metagross
|
|-weather|RainDance|[upkeep]
|upkeep
|
|t:|1718073539
|switch|p2a: Gengar|Gengar, M|100/100
|turn|3
|
|t:|1718073543
|move|p1a: Politoed|Protect||[still]
|-fail|p1a: Politoed
|move|p2a: Gengar|Focus Blast|p1a: Politoed
|-damage|p1a: Politoed|67/100
|
|-weather|RainDance|[upkeep]
|-heal|p1a: Politoed|73/100|[from] item: Leftovers
|upkeep
|turn|4
|
|t:|1718073547
|move|p1a: Politoed|Protect|p1a: Politoed
|-singleturn|p1a: Politoed|Protect
|move|p2a: Gengar|Thunder|p1a: Politoed
|-activate|p1a: Politoed|move: Protect
|
|-weather|RainDance|[upkeep]
|-heal|p1a: Politoed|79/100|[from] item: Leftovers
|upkeep
|turn|5
|
|t:|1718073551
|switch|p1a: Thundurus|Thundurus-Therian, M|100/100
|-damage|p1a: Thundurus|75/100|[from] Stealth Rock
|move|p2a: Gengar|Shadow Ball|p1a: Thundurus
|-damage|p1a: Thundurus|20/100
|
|-weather|RainDance|[upkeep]
|-heal|p1a: Thundurus|26/100|[from] item: Leftovers
|upkeep
|turn|6
|
|t:|1718073557
|switch|p1a: Ferrothorn|Ferrothorn, M|100/100
|-damage|p1a: Ferrothorn|94/100|[from] Stealth Rock
|move|p2a: Gengar|Shadow Ball|p1a: Ferrothorn
|-resisted|p1a: Ferrothorn
|-damage|p1a: Ferrothorn|81/100
|
|-weather|RainDance|[upkeep]
|-heal|p1a: Ferrothorn|87/100|[from] item: Leftovers
|upkeep
|turn|7
|
|t:|1718073562
|move|p2a: Gengar|Focus Blast|p1a: Ferrothorn
|-supereffective|p1a: Ferrothorn
|-damage|p1a: Ferrothorn|24/100
|move|p1a: Ferrothorn|Stealth Rock|p2a: Gengar
|-sidestart|p2: chomp29|move: Stealth Rock
|
|-weather|RainDance|[upkeep]
|-heal|p1a: Ferrothorn|31/100|[from] item: Leftovers
|upkeep
|turn|8
|
|t:|1718073575
|move|p2a: Gengar|Focus Blast|p1a: Ferrothorn|[miss]
|-miss|p2a: Gengar|p1a: Ferrothorn
|move|p1a: Ferrothorn|Knock Off|p2a: Gengar
|-supereffective|p2a: Gengar
|-damage|p2a: Gengar|82/100
|-enditem|p2a: Gengar|Expert Belt|[from] move: Knock Off|[of] p1a: Ferrothorn
|
|-weather|RainDance|[upkeep]
|-heal|p1a: Ferrothorn|37/100|[from] item: Leftovers
|upkeep
|turn|9
|
|t:|1718073582
|move|p2a: Gengar|Focus Blast|p1a: Ferrothorn
|-supereffective|p1a: Ferrothorn
|-damage|p1a: Ferrothorn|0 fnt
|faint|p1a: Ferrothorn
|
|-weather|RainDance|[upkeep]
|upkeep
|
|t:|1718073590
|switch|p1a: Keldeo|Keldeo|100/100
|-damage|p1a: Keldeo|94/100|[from] Stealth Rock
|turn|10
|
|t:|1718073593
|switch|p2a: Cradily|Cradily, F|100/100
|-damage|p2a: Cradily|88/100|[from] Stealth Rock
|move|p1a: Keldeo|Surf|p2a: Cradily
|-ability|p2a: Cradily|Storm Drain|boost
|-boost|p2a: Cradily|spa|1
|
|-weather|RainDance|[upkeep]
|-heal|p2a: Cradily|94/100|[from] item: Leftovers
|upkeep
|turn|11
|
|t:|1718073601
|switch|p1a: Tentacruel|Tentacruel, F|100/100
|-damage|p1a: Tentacruel|88/100|[from] Stealth Rock
|switch|p2a: Starmie|Starmie|100/100
|-damage|p2a: Starmie|88/100|[from] Stealth Rock
|-item|p2a: Starmie|Air Balloon
|
|-weather|RainDance|[upkeep]
|-heal|p1a: Tentacruel|94/100|[from] ability: Rain Dish
|-heal|p1a: Tentacruel|99/100|[from] item: Black Sludge
|upkeep
|turn|12
|
|t:|1718073606
|move|p2a: Starmie|Thunder|p1a: Tentacruel
|-supereffective|p1a: Tentacruel
|-damage|p1a: Tentacruel|46/100
|move|p1a: Tentacruel|Rapid Spin|p2a: Starmie
|-damage|p2a: Starmie|84/100
|-enditem|p2a: Starmie|Air Balloon
|-sideend|p1: Greninja The G|Stealth Rock|[from] move: Rapid Spin|[of] p1a: Tentacruel
|
|-weather|RainDance|[upkeep]
|-heal|p1a: Tentacruel|52/100|[from] ability: Rain Dish
|-heal|p1a: Tentacruel|58/100|[from] item: Black Sludge
|upkeep
|turn|13
|
|t:|1718073612
|switch|p1a: Latios|Latios, M|100/100
|move|p2a: Starmie|Rapid Spin|p1a: Latios
|-damage|p1a: Latios|96/100
|-sideend|p2: chomp29|Stealth Rock|[from] move: Rapid Spin|[of] p2a: Starmie
|
|-weather|RainDance|[upkeep]
|upkeep
|turn|14
|inactive|chomp29 has 120 seconds left.
|inactive|chomp29 has 90 seconds left.
|
|t:|1718073692
|switch|p2a: Cradily|Cradily, F|94/100
|move|p1a: Latios|Draco Meteor|p2a: Cradily
|-damage|p2a: Cradily|26/100
|-unboost|p1a: Latios|spa|2
|
|-weather|RainDance|[upkeep]
|-heal|p2a: Cradily|32/100|[from] item: Leftovers
|upkeep
|turn|15
|
|t:|1718073699
|switch|p1a: Politoed|Politoed, M|79/100
|switch|p2a: Staraptor|Staraptor, F|100/100
|-ability|p2a: Staraptor|Intimidate|boost
|-unboost|p1a: Politoed|atk|1
|
|-weather|RainDance|[upkeep]
|-heal|p1a: Politoed|85/100|[from] item: Leftovers
|upkeep
|turn|16
|
|t:|1718073724
|move|p2a: Staraptor|Brave Bird|p1a: Politoed
|-damage|p1a: Politoed|36/100
|-damage|p2a: Staraptor|82/100|[from] Recoil
|move|p1a: Politoed|Scald|p2a: Staraptor
|-damage|p2a: Staraptor|20/100
|-status|p2a: Staraptor|brn
|
|-weather|RainDance|[upkeep]
|-heal|p1a: Politoed|42/100|[from] item: Leftovers
|-damage|p2a: Staraptor|8/100 brn|[from] brn
|upkeep
|turn|17
|
|t:|1718073731
|switch|p2a: Cradily|Cradily, F|32/100
|move|p1a: Politoed|Protect||[still]
|-fail|p1a: Politoed
|
|-weather|RainDance|[upkeep]
|-heal|p1a: Politoed|48/100|[from] item: Leftovers
|-heal|p2a: Cradily|38/100|[from] item: Leftovers
|upkeep
|turn|18
|inactive|chomp29 has 90 seconds left.
|
|t:|1718073746
|switch|p1a: Thundurus|Thundurus-Therian, M|26/100
|switch|p2a: Gengar|Gengar, M|82/100
|
|-weather|RainDance|[upkeep]
|-heal|p1a: Thundurus|32/100|[from] item: Leftovers
|upkeep
|turn|19
|
|t:|1718073752
|switch|p1a: Tentacruel|Tentacruel, F|58/100
|move|p2a: Gengar|Shadow Ball|p1a: Tentacruel
|-damage|p1a: Tentacruel|25/100
|
|-weather|RainDance|[upkeep]
|-heal|p1a: Tentacruel|31/100|[from] ability: Rain Dish
|-heal|p1a: Tentacruel|37/100|[from] item: Black Sludge
|upkeep
|turn|20
|
|t:|1718073764
|switch|p1a: Thundurus|Thundurus-Therian, M|32/100
|move|p2a: Gengar|Thunder|p1a: Thundurus
|-heal|p1a: Thundurus|57/100|[from] ability: Volt Absorb|[of] p2a: Gengar
|
|-weather|RainDance|[upkeep]
|-heal|p1a: Thundurus|63/100|[from] item: Leftovers
|upkeep
|turn|21
|
|t:|1718073785
|switch|p1a: Tentacruel|Tentacruel, F|37/100
|move|p2a: Gengar|Hidden Power|p1a: Tentacruel
|-resisted|p1a: Tentacruel
|-damage|p1a: Tentacruel|27/100
|
|-weather|RainDance|[upkeep]
|-heal|p1a: Tentacruel|33/100|[from] ability: Rain Dish
|-heal|p1a: Tentacruel|39/100|[from] item: Black Sludge
|upkeep
|turn|22
|
|t:|1718073788
|move|p2a: Gengar|Thunder|p1a: Tentacruel
|-supereffective|p1a: Tentacruel
|-damage|p1a: Tentacruel|0 fnt
|faint|p1a: Tentacruel
|
|-weather|RainDance|[upkeep]
|upkeep
|
|t:|1718073791
|switch|p1a: Keldeo|Keldeo|94/100
|turn|23
|
|t:|1718073795
|switch|p2a: Staraptor|Staraptor, F|8/100 brn
|-ability|p2a: Staraptor|Intimidate|boost
|-unboost|p1a: Keldeo|atk|1
|move|p1a: Keldeo|Surf|p2a: Staraptor
|-damage|p2a: Staraptor|0 fnt
|faint|p2a: Staraptor
|
|-weather|RainDance|[upkeep]
|upkeep
|
|t:|1718073800
|switch|p2a: Cradily|Cradily, F|38/100
|turn|24
|
|t:|1718073804
|switch|p1a: Politoed|Politoed, M|48/100
|move|p2a: Cradily|Recover|p2a: Cradily
|-heal|p2a: Cradily|88/100
|
|-weather|RainDance|[upkeep]
|-heal|p1a: Politoed|55/100|[from] item: Leftovers
|-heal|p2a: Cradily|94/100|[from] item: Leftovers
|upkeep
|turn|25
|
|t:|1718073810
|switch|p2a: Starmie|Starmie|84/100
|move|p1a: Politoed|Encore||[still]
|-fail|p1a: Politoed
|
|-weather|RainDance|[upkeep]
|-heal|p1a: Politoed|61/100|[from] item: Leftovers
|upkeep
|turn|26
|
|t:|1718073816
|move|p2a: Starmie|Hydro Pump|p1a: Politoed
|-resisted|p1a: Politoed
|-damage|p1a: Politoed|27/100
|move|p1a: Politoed|Toxic|p2a: Starmie
|-status|p2a: Starmie|tox
|
|-weather|RainDance|[upkeep]
|-heal|p1a: Politoed|33/100|[from] item: Leftovers
|-damage|p2a: Starmie|78/100 tox|[from] psn
|upkeep
|turn|27
|
|t:|1718073826
|move|p1a: Politoed|Protect|p1a: Politoed
|-singleturn|p1a: Politoed|Protect
|move|p2a: Starmie|Thunder|p1a: Politoed
|-activate|p1a: Politoed|move: Protect
|
|-weather|RainDance|[upkeep]
|-heal|p1a: Politoed|39/100|[from] item: Leftovers
|-damage|p2a: Starmie|66/100 tox|[from] psn
|upkeep
|turn|28
|
|t:|1718073851
|switch|p1a: Thundurus|Thundurus-Therian, M|63/100
|move|p2a: Starmie|Hydro Pump|p1a: Thundurus
|-damage|p1a: Thundurus|0 fnt
|faint|p1a: Thundurus
|
|-weather|RainDance|[upkeep]
|-damage|p2a: Starmie|47/100 tox|[from] psn
|upkeep
|
|t:|1718073858
|switch|p1a: Keldeo|Keldeo|94/100
|turn|29
|
|t:|1718073868
|move|p1a: Keldeo|Surf|p2a: Starmie
|-resisted|p2a: Starmie
|-damage|p2a: Starmie|0 fnt
|faint|p2a: Starmie
|
|-weather|RainDance|[upkeep]
|upkeep
|
|t:|1718073872
|switch|p2a: Cradily|Cradily, F|94/100
|turn|30
|
|t:|1718073877
|switch|p1a: Latios|Latios, M|96/100
|move|p2a: Cradily|Seed Bomb|p1a: Latios
|-resisted|p1a: Latios
|-crit|p1a: Latios
|-damage|p1a: Latios|62/100
|
|-weather|RainDance|[upkeep]
|-heal|p2a: Cradily|99/100|[from] item: Leftovers
|upkeep
|turn|31
|
|t:|1718073893
|move|p1a: Latios|Psyshock|p2a: Cradily
|-damage|p2a: Cradily|40/100
|move|p2a: Cradily|Recover|p2a: Cradily
|-heal|p2a: Cradily|90/100
|
|-weather|RainDance|[upkeep]
|-heal|p2a: Cradily|96/100|[from] item: Leftovers
|upkeep
|turn|32
|
|t:|1718073898
|move|p1a: Latios|Psyshock|p2a: Cradily
|-damage|p2a: Cradily|34/100
|move|p2a: Cradily|Curse|p2a: Cradily
|-unboost|p2a: Cradily|spe|1
|-boost|p2a: Cradily|atk|1
|-boost|p2a: Cradily|def|1
|
|-weather|RainDance|[upkeep]
|-heal|p2a: Cradily|40/100|[from] item: Leftovers
|upkeep
|turn|33
|
|t:|1718073906
|move|p1a: Latios|Psyshock|p2a: Cradily
|-damage|p2a: Cradily|0 fnt
|faint|p2a: Cradily
|
|-weather|RainDance|[upkeep]
|upkeep
|
|t:|1718073908
|switch|p2a: Gengar|Gengar, M|82/100
|turn|34
|inactive|chomp29 has 120 seconds left.
|
|t:|1718073958
|move|p1a: Latios|Psyshock|p2a: Gengar
|-supereffective|p2a: Gengar
|-damage|p2a: Gengar|0 fnt
|faint|p2a: Gengar
|
|-weather|RainDance|[upkeep]
|upkeep
|
|t:|1718073961
|switch|p2a: Volcarona|Volcarona, F|100/100
|turn|35
|
|t:|1718073970
|move|p1a: Latios|Psyshock|p2a: Volcarona
|-damage|p2a: Volcarona|32/100
|move|p2a: Volcarona|Quiver Dance|p2a: Volcarona
|-boost|p2a: Volcarona|spa|1
|-boost|p2a: Volcarona|spd|1
|-boost|p2a: Volcarona|spe|1
|
|-weather|RainDance|[upkeep]
|upkeep
|turn|36
|
|t:|1718073982
|move|p2a: Volcarona|Quiver Dance|p2a: Volcarona
|-boost|p2a: Volcarona|spa|1
|-boost|p2a: Volcarona|spd|1
|-boost|p2a: Volcarona|spe|1
|move|p1a: Latios|Psyshock|p2a: Volcarona
|-damage|p2a: Volcarona|0 fnt
|faint|p2a: Volcarona
|
|win|Greninja The G
|raw|Greninja The G's rating: 1348 &rarr; <strong>1380</strong><br />(+32 for winning)
|raw|chomp29's rating: 1585 &rarr; <strong>1553</strong><br />(-32 for losing)
|l|☆chomp29
|player|p2|
