|j|☆Leeto64
|j|☆Excaliburn88tests
|t:|1717643671
|gametype|singles
|player|p1|Leeto64|supernerd|1334
|player|p2|Excaliburn88tests|bellelba|1512
|teamsize|p1|6
|teamsize|p2|6
|gen|5
|tier|[Gen 5] OU
|rated|
|rule|Species Clause: Limit one of each Pokémon
|rule|OHKO Clause: OHKO moves are banned
|rule|Moody Clause: Moody is banned
|rule|Evasion Items Clause: Evasion items are banned
|rule|Evasion Moves Clause: Evasion moves are banned
|rule|Endless Battle Clause: Forcing endless battles is banned
|rule|HP Percentage Mod: HP is shown in percentages
|rule|Evasion Abilities Clause: Evasion abilities are banned
|rule|Sleep Moves Clause: Sleep-inducing moves are banned
|rule|Swagger Clause: Swagger is banned
|rule|Baton Pass Stat Clause: No Baton Passer may have a way to boost its stats
|clearpoke
|poke|p1|Hydreigon, M|item
|poke|p1|Tyranitar, M|item
|poke|p1|Slowking, F|item
|poke|p1|Landorus-Therian, M|item
|poke|p1|Skarmory, F|item
|poke|p1|Alakazam, M|item
|poke|p2|Ninetales, F|item
|poke|p2|Heatran, F|item
|poke|p2|Excadrill, F|item
|poke|p2|Scizor, F|item
|poke|p2|Xatu, M|item
|poke|p2|Zapdos|item
|teampreview
|
|t:|1717643693
|start
|switch|p1a: King Nothing|Landorus-Therian, M|100/100
|switch|p2a: Maxilos|Scizor, F|100/100
|-ability|p1a: King Nothing|Intimidate|boost
|-unboost|p2a: Maxilos|atk|1
|turn|1
|
|t:|1717643696
|switch|p2a: drippy birb|Xatu, M, shiny|100/100
|move|p1a: King Nothing|Knock Off|p2a: drippy birb
|-supereffective|p2a: drippy birb
|-damage|p2a: drippy birb|86/100
|-damage|p1a: King Nothing|84/100|[from] item: Rocky Helmet|[of] p2a: drippy birb
|-enditem|p2a: drippy birb|Rocky Helmet|[from] move: Knock Off|[of] p1a: King Nothing
|
|-heal|p1a: King Nothing|90/100|[from] item: Leftovers
|upkeep
|turn|2
|
|t:|1717643702
|move|p1a: King Nothing|U-turn|p2a: drippy birb
|-damage|p2a: drippy birb|63/100
|
|t:|1717643706
|switch|p1a: Robot Girl Enjoyer|Hydreigon, M, shiny|100/100|[from] U-turn
|move|p2a: drippy birb|Reflect|p2a: drippy birb
|-sidestart|p2: Excaliburn88tests|Reflect
|
|upkeep
|turn|3
|
|t:|1717643711
|switch|p2a: All Apologies|Ninetales, F, shiny|100/100
|-weather|SunnyDay|[from] ability: Drought|[of] p2a: All Apologies
|move|p1a: Robot Girl Enjoyer|Substitute|p1a: Robot Girl Enjoyer
|-start|p1a: Robot Girl Enjoyer|Substitute
|-damage|p1a: Robot Girl Enjoyer|76/100
|
|-weather|SunnyDay|[upkeep]
|-heal|p1a: Robot Girl Enjoyer|82/100|[from] item: Leftovers
|upkeep
|turn|4
|
|t:|1717643716
|move|p1a: Robot Girl Enjoyer|Dark Pulse|p2a: All Apologies
|-damage|p2a: All Apologies|69/100
|move|p2a: All Apologies|Roar|p1a: Robot Girl Enjoyer
|drag|p1a: T-REX|Tyranitar, M, shiny|100/100
|-weather|Sandstorm|[from] ability: Sand Stream|[of] p1a: T-REX
|
|-weather|Sandstorm|[upkeep]
|-damage|p2a: All Apologies|63/100|[from] Sandstorm
|-heal|p2a: All Apologies|69/100|[from] item: Leftovers
|upkeep
|turn|5
|
|t:|1717643724
|switch|p2a: Maxilos|Scizor, F|100/100
|move|p1a: T-REX|Crunch|p2a: Maxilos
|-resisted|p2a: Maxilos
|-damage|p2a: Maxilos|90/100
|-unboost|p2a: Maxilos|def|1
|
|-weather|Sandstorm|[upkeep]
|-heal|p2a: Maxilos|97/100|[from] item: Leftovers
|upkeep
|turn|6
|
|t:|1717643732
|switch|p1a: King Nothing|Landorus-Therian, M|90/100
|-ability|p1a: King Nothing|Intimidate|boost
|-unboost|p2a: Maxilos|atk|1
|move|p2a: Maxilos|U-turn|p1a: King Nothing
|-resisted|p1a: King Nothing
|-damage|p1a: King Nothing|76/100
|
|t:|1717643738
|switch|p2a: All Apologies|Ninetales, F, shiny|69/100|[from] U-turn
|-weather|SunnyDay|[from] ability: Drought|[of] p2a: All Apologies
|
|-weather|SunnyDay|[upkeep]
|-heal|p1a: King Nothing|82/100|[from] item: Leftovers
|-heal|p2a: All Apologies|76/100|[from] item: Leftovers
|-sideend|p2: Excaliburn88tests|Reflect
|upkeep
|turn|7
|
|t:|1717643748
|switch|p2a: drippy birb|Xatu, M, shiny|63/100
|move|p1a: King Nothing|Earthquake|p2a: drippy birb
|-immune|p2a: drippy birb
|
|-weather|SunnyDay|[upkeep]
|-heal|p1a: King Nothing|88/100|[from] item: Leftovers
|upkeep
|turn|8
|
|t:|1717643753
|move|p1a: King Nothing|Hidden Power|p2a: drippy birb
|-supereffective|p2a: drippy birb
|-damage|p2a: drippy birb|13/100
|move|p2a: drippy birb|Reflect|p2a: drippy birb
|-sidestart|p2: Excaliburn88tests|Reflect
|
|-weather|SunnyDay|[upkeep]
|-heal|p1a: King Nothing|94/100|[from] item: Leftovers
|upkeep
|turn|9
|
|t:|1717643762
|switch|p2a: arclight|Zapdos, shiny|100/100
|-ability|p2a: arclight|Pressure
|move|p1a: King Nothing|U-turn|p2a: arclight
|-resisted|p2a: arclight
|-damage|p2a: arclight|94/100
|
|t:|1717643773
|switch|p1a: T-REX|Tyranitar, M, shiny|100/100|[from] U-turn
|-weather|Sandstorm|[from] ability: Sand Stream|[of] p1a: T-REX
|
|-weather|Sandstorm|[upkeep]
|-damage|p2a: arclight|88/100|[from] Sandstorm
|-heal|p2a: arclight|94/100|[from] item: Leftovers
|upkeep
|turn|10
|
|t:|1717643777
|switch|p2a: Maxilos|Scizor, F|97/100
|move|p1a: T-REX|Ice Beam|p2a: Maxilos
|-resisted|p2a: Maxilos
|-damage|p2a: Maxilos|83/100
|
|-weather|Sandstorm|[upkeep]
|-heal|p2a: Maxilos|90/100|[from] item: Leftovers
|upkeep
|turn|11
|
|t:|1717643786
|switch|p1a: Yell "Dead Cell"|Skarmory, F|100/100
|move|p2a: Maxilos|U-turn|p1a: Yell "Dead Cell"
|-resisted|p1a: Yell "Dead Cell"
|-damage|p1a: Yell "Dead Cell"|92/100
|
|t:|1717643793
|switch|p2a: drippy birb|Xatu, M, shiny|13/100|[from] U-turn
|
|-weather|Sandstorm|[upkeep]
|-damage|p2a: drippy birb|7/100|[from] Sandstorm
|-heal|p1a: Yell "Dead Cell"|98/100|[from] item: Leftovers
|upkeep
|turn|12
|
|t:|1717643818
|move|p2a: drippy birb|Roost|p2a: drippy birb
|-heal|p2a: drippy birb|57/100
|-singleturn|p2a: drippy birb|move: Roost
|move|p1a: Yell "Dead Cell"|Stealth Rock|p2a: drippy birb
|move|p2a: drippy birb|Stealth Rock|p1a: Yell "Dead Cell"|[from]ability: Magic Bounce
|-sidestart|p1: Leeto64|move: Stealth Rock
|
|-weather|Sandstorm|[upkeep]
|-damage|p2a: drippy birb|51/100|[from] Sandstorm
|-heal|p1a: Yell "Dead Cell"|100/100|[from] item: Leftovers
|-sideend|p2: Excaliburn88tests|Reflect
|upkeep
|turn|13
|
|t:|1717643822
|move|p2a: drippy birb|Roost|p2a: drippy birb
|-heal|p2a: drippy birb|100/100
|-singleturn|p2a: drippy birb|move: Roost
|move|p1a: Yell "Dead Cell"|Brave Bird|p2a: drippy birb
|-damage|p2a: drippy birb|60/100
|-damage|p1a: Yell "Dead Cell"|89/100|[from] Recoil
|
|-weather|Sandstorm|[upkeep]
|-damage|p2a: drippy birb|54/100|[from] Sandstorm
|-heal|p1a: Yell "Dead Cell"|95/100|[from] item: Leftovers
|upkeep
|turn|14
|c|☆Leeto64|im dum
|
|t:|1717643830
|switch|p1a: T-REX|Tyranitar, M, shiny|100/100
|-damage|p1a: T-REX|88/100|[from] Stealth Rock
|move|p2a: drippy birb|Reflect|p2a: drippy birb
|-sidestart|p2: Excaliburn88tests|Reflect
|
|-weather|Sandstorm|[upkeep]
|-damage|p2a: drippy birb|48/100|[from] Sandstorm
|upkeep
|turn|15
|c|☆Excaliburn88tests|happens
|
|t:|1717643835
|move|p1a: T-REX|Pursuit|p2a: drippy birb
|-supereffective|p2a: drippy birb
|-damage|p2a: drippy birb|22/100
|move|p2a: drippy birb|Roost|p2a: drippy birb
|-heal|p2a: drippy birb|72/100
|-singleturn|p2a: drippy birb|move: Roost
|
|-weather|Sandstorm|[upkeep]
|-damage|p2a: drippy birb|66/100|[from] Sandstorm
|upkeep
|turn|16
|
|t:|1717643850
|switch|p1a: Robot Girl Enjoyer|Hydreigon, M, shiny|82/100
|-damage|p1a: Robot Girl Enjoyer|70/100|[from] Stealth Rock
|move|p2a: drippy birb|Night Shade|p1a: Robot Girl Enjoyer
|-damage|p1a: Robot Girl Enjoyer|40/100
|
|-weather|Sandstorm|[upkeep]
|-damage|p1a: Robot Girl Enjoyer|34/100|[from] Sandstorm
|-damage|p2a: drippy birb|60/100|[from] Sandstorm
|-heal|p1a: Robot Girl Enjoyer|40/100|[from] item: Leftovers
|upkeep
|turn|17
|
|t:|1717643864
|switch|p2a: Kirei|Excadrill, F, shiny|100/100
|-ability|p2a: Kirei|Mold Breaker
|move|p1a: Robot Girl Enjoyer|Roost|p1a: Robot Girl Enjoyer
|-heal|p1a: Robot Girl Enjoyer|90/100
|-singleturn|p1a: Robot Girl Enjoyer|move: Roost
|
|-weather|Sandstorm|[upkeep]
|-damage|p1a: Robot Girl Enjoyer|84/100|[from] Sandstorm
|-heal|p1a: Robot Girl Enjoyer|90/100|[from] item: Leftovers
|upkeep
|turn|18
|
|t:|1717643875
|move|p1a: Robot Girl Enjoyer|Substitute|p1a: Robot Girl Enjoyer
|-start|p1a: Robot Girl Enjoyer|Substitute
|-damage|p1a: Robot Girl Enjoyer|65/100
|move|p2a: Kirei|Earthquake|p1a: Robot Girl Enjoyer
|-end|p1a: Robot Girl Enjoyer|Substitute
|
|-weather|Sandstorm|[upkeep]
|-damage|p1a: Robot Girl Enjoyer|59/100|[from] Sandstorm
|-heal|p1a: Robot Girl Enjoyer|65/100|[from] item: Leftovers
|-sideend|p2: Excaliburn88tests|Reflect
|upkeep
|turn|19
|
|t:|1717643879
|move|p1a: Robot Girl Enjoyer|Flamethrower|p2a: Kirei
|-supereffective|p2a: Kirei
|-damage|p2a: Kirei|39/100
|move|p2a: Kirei|Earthquake|p1a: Robot Girl Enjoyer
|-crit|p1a: Robot Girl Enjoyer
|-damage|p1a: Robot Girl Enjoyer|0 fnt
|faint|p1a: Robot Girl Enjoyer
|
|-weather|Sandstorm|[upkeep]
|-heal|p2a: Kirei|45/100|[from] item: Leftovers
|upkeep
|
|t:|1717643887
|switch|p1a: King Nothing|Landorus-Therian, M|94/100
|-damage|p1a: King Nothing|82/100|[from] Stealth Rock
|-ability|p1a: King Nothing|Intimidate|boost
|-unboost|p2a: Kirei|atk|1
|turn|20
|
|t:|1717643897
|move|p2a: Kirei|Protect|p2a: Kirei
|-singleturn|p2a: Kirei|Protect
|move|p1a: King Nothing|Hidden Power|p2a: Kirei
|-activate|p2a: Kirei|move: Protect
|
|-weather|Sandstorm|[upkeep]
|-heal|p1a: King Nothing|88/100|[from] item: Leftovers
|-heal|p2a: Kirei|51/100|[from] item: Leftovers
|upkeep
|turn|21
|
|t:|1717643907
|switch|p2a: arclight|Zapdos, shiny|94/100
|-ability|p2a: arclight|Pressure
|move|p1a: King Nothing|Knock Off|p2a: arclight
|-damage|p2a: arclight|87/100
|-enditem|p2a: arclight|Leftovers|[from] move: Knock Off|[of] p1a: King Nothing
|
|-weather|Sandstorm|[upkeep]
|-damage|p2a: arclight|81/100|[from] Sandstorm
|-heal|p1a: King Nothing|94/100|[from] item: Leftovers
|upkeep
|turn|22
|
|t:|1717643913
|move|p1a: King Nothing|Hidden Power|p2a: arclight
|-supereffective|p2a: arclight
|-damage|p2a: arclight|52/100
|move|p2a: arclight|Hidden Power|p1a: King Nothing
|-supereffective|p1a: King Nothing
|-damage|p1a: King Nothing|0 fnt
|faint|p1a: King Nothing
|
|-weather|Sandstorm|[upkeep]
|-damage|p2a: arclight|46/100|[from] Sandstorm
|upkeep
|c|☆Leeto64|smfh i should have risked that
|
|t:|1717643926
|switch|p1a: T-REX|Tyranitar, M, shiny|88/100
|-damage|p1a: T-REX|76/100|[from] Stealth Rock
|turn|23
|
|t:|1717643932
|move|p1a: T-REX|Crunch|p2a: arclight
|-damage|p2a: arclight|2/100
|move|p2a: arclight|Roost|p2a: arclight
|-heal|p2a: arclight|52/100
|-singleturn|p2a: arclight|move: Roost
|
|-weather|Sandstorm|[upkeep]
|-damage|p2a: arclight|46/100|[from] Sandstorm
|upkeep
|turn|24
|
|t:|1717643937
|switch|p2a: Maxilos|Scizor, F|90/100
|move|p1a: T-REX|Crunch|p2a: Maxilos
|-resisted|p2a: Maxilos
|-damage|p2a: Maxilos|68/100
|
|-weather|Sandstorm|[upkeep]
|-heal|p2a: Maxilos|74/100|[from] item: Leftovers
|upkeep
|turn|25
|
|t:|1717643943
|switch|p1a: Yell "Dead Cell"|Skarmory, F|95/100
|-damage|p1a: Yell "Dead Cell"|82/100|[from] Stealth Rock
|move|p2a: Maxilos|U-turn|p1a: Yell "Dead Cell"
|-resisted|p1a: Yell "Dead Cell"
|-damage|p1a: Yell "Dead Cell"|74/100
|
|t:|1717643953
|switch|p2a: arclight|Zapdos, shiny|46/100|[from] U-turn
|-ability|p2a: arclight|Pressure
|
|-weather|Sandstorm|[upkeep]
|-damage|p2a: arclight|40/100|[from] Sandstorm
|-heal|p1a: Yell "Dead Cell"|80/100|[from] item: Leftovers
|upkeep
|turn|26
|
|t:|1717643986
|move|p2a: arclight|Roost|p2a: arclight
|-heal|p2a: arclight|90/100
|-singleturn|p2a: arclight|move: Roost
|move|p1a: Yell "Dead Cell"|Stealth Rock|p2a: arclight
|-sidestart|p2: Excaliburn88tests|move: Stealth Rock
|
|-weather|Sandstorm|[upkeep]
|-damage|p2a: arclight|84/100|[from] Sandstorm
|-heal|p1a: Yell "Dead Cell"|86/100|[from] item: Leftovers
|upkeep
|turn|27
|
|t:|1717643988
|move|p2a: arclight|Discharge|p1a: Yell "Dead Cell"
|-supereffective|p1a: Yell "Dead Cell"
|-damage|p1a: Yell "Dead Cell"|21/100
|move|p1a: Yell "Dead Cell"|Spikes|p2a: arclight
|-sidestart|p2: Excaliburn88tests|Spikes
|
|-weather|Sandstorm|[upkeep]
|-damage|p2a: arclight|78/100|[from] Sandstorm
|-heal|p1a: Yell "Dead Cell"|27/100|[from] item: Leftovers
|upkeep
|turn|28
|
|t:|1717643995
|switch|p1a: T-REX|Tyranitar, M, shiny|76/100
|-damage|p1a: T-REX|64/100|[from] Stealth Rock
|move|p2a: arclight|Discharge|p1a: T-REX
|-damage|p1a: T-REX|41/100
|-status|p1a: T-REX|par
|
|-weather|Sandstorm|[upkeep]
|-damage|p2a: arclight|72/100|[from] Sandstorm
|upkeep
|turn|29
|
|t:|1717644003
|move|p2a: arclight|Substitute|p2a: arclight
|-start|p2a: arclight|Substitute
|-damage|p2a: arclight|47/100
|cant|p1a: T-REX|par
|
|-weather|Sandstorm|[upkeep]
|-damage|p2a: arclight|41/100|[from] Sandstorm
|upkeep
|turn|30
|
|t:|1717644008
|move|p2a: arclight|Roost|p2a: arclight
|-heal|p2a: arclight|91/100
|-singleturn|p2a: arclight|move: Roost
|move|p1a: T-REX|Ice Beam|p2a: arclight
|-crit|p2a: arclight
|-end|p2a: arclight|Substitute
|
|-weather|Sandstorm|[upkeep]
|-damage|p2a: arclight|85/100|[from] Sandstorm
|upkeep
|turn|31
|
|t:|1717644012
|move|p2a: arclight|Substitute|p2a: arclight
|-start|p2a: arclight|Substitute
|-damage|p2a: arclight|60/100
|move|p1a: T-REX|Ice Beam|p2a: arclight
|-supereffective|p2a: arclight
|-end|p2a: arclight|Substitute
|
|-weather|Sandstorm|[upkeep]
|-damage|p2a: arclight|54/100|[from] Sandstorm
|upkeep
|turn|32
|j| nb41st
|
|t:|1717644015
|move|p2a: arclight|Roost|p2a: arclight
|-heal|p2a: arclight|100/100
|-singleturn|p2a: arclight|move: Roost
|move|p1a: T-REX|Ice Beam|p2a: arclight
|-crit|p2a: arclight
|-damage|p2a: arclight|66/100
|
|-weather|Sandstorm|[upkeep]
|-damage|p2a: arclight|60/100|[from] Sandstorm
|upkeep
|turn|33
|
|t:|1717644020
|switch|p1a: Houdini|Alakazam, M|100/100
|move|p2a: arclight|Substitute|p2a: arclight
|-start|p2a: arclight|Substitute
|-damage|p2a: arclight|35/100
|
|-weather|Sandstorm|[upkeep]
|-damage|p2a: arclight|29/100|[from] Sandstorm
|upkeep
|turn|34
|
|t:|1717644027
|move|p1a: Houdini|Psychic|p2a: arclight
|-end|p2a: arclight|Substitute
|move|p2a: arclight|Discharge|p1a: Houdini
|-damage|p1a: Houdini|48/100
|
|-weather|Sandstorm|[upkeep]
|-damage|p2a: arclight|23/100|[from] Sandstorm
|upkeep
|turn|35
|
|t:|1717644034
|move|p1a: Houdini|Psychic|p2a: arclight
|-damage|p2a: arclight|0 fnt
|faint|p2a: arclight
|
|-weather|Sandstorm|[upkeep]
|upkeep
|
|t:|1717644042
|switch|p2a: Maxilos|Scizor, F|74/100
|-damage|p2a: Maxilos|62/100|[from] Stealth Rock
|-damage|p2a: Maxilos|49/100|[from] Spikes
|turn|36
|
|t:|1717644047
|switch|p1a: eat ya veggies|Slowking, F, shiny|100/100
|-damage|p1a: eat ya veggies|88/100|[from] Stealth Rock
|move|p2a: Maxilos|Swords Dance|p2a: Maxilos
|-boost|p2a: Maxilos|atk|2
|
|-weather|Sandstorm|[upkeep]
|-damage|p1a: eat ya veggies|82/100|[from] Sandstorm
|-heal|p2a: Maxilos|56/100|[from] item: Leftovers
|-heal|p1a: eat ya veggies|88/100|[from] item: Leftovers
|upkeep
|turn|37
|
|t:|1717644056
|move|p2a: Maxilos|U-turn|p1a: eat ya veggies
|-supereffective|p1a: eat ya veggies
|-damage|p1a: eat ya veggies|0 fnt
|faint|p1a: eat ya veggies
|
|t:|1717644067
|switch|p2a: PIZZA NIGHTMARE|Heatran, F, shiny|100/100|[from] U-turn
|-damage|p2a: PIZZA NIGHTMARE|88/100|[from] Stealth Rock
|-damage|p2a: PIZZA NIGHTMARE|76/100|[from] Spikes
|
|-weather|Sandstorm|[upkeep]
|-heal|p2a: PIZZA NIGHTMARE|82/100|[from] item: Leftovers
|upkeep
|inactive|Battle timer is ON: inactive players will automatically lose when time's up. (requested by Excaliburn88tests)
|
|t:|1717644089
|switch|p1a: Houdini|Alakazam, M|48/100
|turn|38
|
|t:|1717644103
|move|p2a: PIZZA NIGHTMARE|Protect|p2a: PIZZA NIGHTMARE
|-singleturn|p2a: PIZZA NIGHTMARE|Protect
|move|p1a: Houdini|Focus Blast|p2a: PIZZA NIGHTMARE
|-activate|p2a: PIZZA NIGHTMARE|move: Protect
|
|-weather|Sandstorm|[upkeep]
|-heal|p2a: PIZZA NIGHTMARE|88/100|[from] item: Leftovers
|upkeep
|turn|39
|inactive|Leeto64 has 120 seconds left.
|
|t:|1717644135
|move|p1a: Houdini|Psychic|p2a: PIZZA NIGHTMARE
|-resisted|p2a: PIZZA NIGHTMARE
|-damage|p2a: PIZZA NIGHTMARE|68/100
|move|p2a: PIZZA NIGHTMARE|Lava Plume|p1a: Houdini
|-damage|p1a: Houdini|0 fnt
|faint|p1a: Houdini
|
|-weather|Sandstorm|[upkeep]
|-heal|p2a: PIZZA NIGHTMARE|74/100|[from] item: Leftovers
|upkeep
|inactive|Leeto64 has 120 seconds left.
|c|☆Leeto64|damn i got played
|c|☆Leeto64|just a random noob question scizor on sun good?
|-message|Leeto64 forfeited.
|
|win|Excaliburn88tests
|raw|Leeto64's rating: 1334 &rarr; <strong>1323</strong><br />(-11 for losing)
|raw|Excaliburn88tests's rating: 1512 &rarr; <strong>1523</strong><br />(+11 for winning)
|c|☆Leeto64|gg btw
|c|☆Excaliburn88tests|gg
|c|☆Excaliburn88tests|it's decent on sun
|c|☆Excaliburn88tests|mostly to counter weaknesses
|c|☆Leeto64|hmmm i see
|c|☆Leeto64|0 clue how to play sun i find it amusing
|c|☆Leeto64|i have 1 team for every weather except sun
|c|☆Leeto64|ty
|c|☆Excaliburn88tests|mamo, kyurem b, slowtwins, reun
|c|☆Excaliburn88tests|all big problems for sun
|c|☆Leeto64|yea that makes sense
|c|☆Leeto64|gl on the ladder
|c|☆Leeto64|cya
|c|☆Excaliburn88tests|prio in general is important, but deathly so on a team style with few fast mons that are good for the team stye
|c|☆Excaliburn88tests|gl out there too
|l| nb41st
|l|☆Excaliburn88tests
|player|p2|
|l|☆Leeto64
|player|p1|
|j|☆Excaliburn88tests
|player|p2|Excaliburn88tests|bellelba|
