|j|☆Invisible Paradigm
|j|☆CroCoeur
|player|p1|Invisible Paradigm|acetrainer-gen2|1553
|player|p2|CroCoeur|blue|1458
|teamsize|p1|6
|teamsize|p2|6
|gametype|singles
|gen|5
|tier|[Gen 5] OU
|rated|
|clearpoke
|poke|p1|Tyranitar, F|item
|poke|p1|Latias, F|item
|poke|p1|Xatu, F|item
|poke|p1|Seismitoad, F|item
|poke|p1|Ferrothorn, M|item
|poke|p1|Latios, M|item
|poke|p2|Politoed, M|item
|poke|p2|Vaporeon, F|item
|poke|p2|Celebi|item
|poke|p2|Ferrothorn, M|item
|poke|p2|Latios, M|item
|poke|p2|Jirachi|item
|rule|Species Clause: Limit one of each Pokémon
|rule|OHKO Clause: OHKO moves are banned
|rule|Moody Clause: Moody is banned
|rule|Evasion Moves Clause: Evasion moves are banned
|rule|Endless Battle Clause: Forcing endless battles is banned
|rule|HP Percentage Mod: HP is shown in percentages
|rule|Evasion Abilities Clause: Evasion abilities are banned
|rule|Baton Pass Clause: Limit one Baton Passer, can't pass Spe and other stats simultaneously
|rule|Sleep Clause: Sleep-inducing moves are banned
|rule|Swagger Clause: Swagger is banned
|teampreview
|inactive|Battle timer is ON: inactive players will automatically lose when time's up. (requested by Invisible Paradigm)
|inactive|CroCoeur has 120 seconds left.
|inactive|CroCoeur has 90 seconds left.
|
|start
|switch|p1a: Tyranitar|Tyranitar, F|100/100
|switch|p2a: Ferrothorn|Ferrothorn, M|100/100
|-weather|Sandstorm|[from] ability: Sand Stream|[of] p1a: Tyranitar
|turn|1
|inactive|Invisible Paradigm has 120 seconds left.
|
|switch|p1a: Xatu|Xatu, F|100/100
|move|p2a: Ferrothorn|Power Whip|p1a: Xatu
|-resisted|p1a: Xatu
|-damage|p1a: Xatu|80/100
|-damage|p2a: Ferrothorn|84/100|[from] item: Rocky Helmet|[of] p1a: Xatu
|
|-weather|Sandstorm|[upkeep]
|-damage|p1a: Xatu|74/100|[from] Sandstorm
|-heal|p2a: Ferrothorn|90/100|[from] item: Leftovers
|upkeep
|turn|2
|
|move|p1a: Xatu|Heat Wave|p2a: Ferrothorn
|-supereffective|p2a: Ferrothorn
|-damage|p2a: Ferrothorn|29/100
|move|p2a: Ferrothorn|Power Whip|p1a: Xatu
|-resisted|p1a: Xatu
|-damage|p1a: Xatu|56/100
|-damage|p2a: Ferrothorn|12/100|[from] item: Rocky Helmet|[of] p1a: Xatu
|
|-weather|Sandstorm|[upkeep]
|-damage|p1a: Xatu|50/100|[from] Sandstorm
|-heal|p2a: Ferrothorn|19/100|[from] item: Leftovers
|upkeep
|turn|3
|inactive|Invisible Paradigm has 120 seconds left.
|
|switch|p2a: Vaporeon|Vaporeon, F|100/100
|move|p1a: Xatu|Roost|p1a: Xatu
|-heal|p1a: Xatu|99/100
|-singleturn|p1a: Xatu|move: Roost
|
|-weather|Sandstorm|[upkeep]
|-damage|p1a: Xatu|94/100|[from] Sandstorm
|-damage|p2a: Vaporeon|94/100|[from] Sandstorm
|-heal|p2a: Vaporeon|100/100|[from] item: Leftovers
|upkeep
|turn|4
|inactive|CroCoeur has 120 seconds left.
|
|move|p1a: Xatu|U-turn|p2a: Vaporeon
|-damage|p2a: Vaporeon|88/100
|
|switch|p1a: Seismitoad|Seismitoad, F|100/100|[from]move: U-turn
|move|p2a: Vaporeon|Scald|p1a: Seismitoad
|-immune|p1a: Seismitoad|[from] ability: Water Absorb
|
|-weather|Sandstorm|[upkeep]
|-damage|p2a: Vaporeon|82/100|[from] Sandstorm
|-heal|p2a: Vaporeon|88/100|[from] item: Leftovers
|upkeep
|turn|5
|
|switch|p2a: Celebi|Celebi|100/100
|move|p1a: Seismitoad|Stealth Rock|p2a: Celebi
|-sidestart|p2: CroCoeur|move: Stealth Rock
|
|-weather|Sandstorm|[upkeep]
|-damage|p2a: Celebi|94/100|[from] Sandstorm
|-heal|p2a: Celebi|100/100|[from] item: Leftovers
|upkeep
|turn|6
|
|switch|p1a: Xatu|Xatu, F|94/100
|move|p2a: Celebi|Giga Drain|p1a: Xatu
|-resisted|p1a: Xatu
|-damage|p1a: Xatu|77/100
|
|-weather|Sandstorm|[upkeep]
|-damage|p1a: Xatu|71/100|[from] Sandstorm
|-damage|p2a: Celebi|94/100|[from] Sandstorm
|-heal|p2a: Celebi|100/100|[from] item: Leftovers
|upkeep
|turn|7
|
|move|p1a: Xatu|U-turn|p2a: Celebi
|-supereffective|p2a: Celebi
|-damage|p2a: Celebi|62/100
|
|switch|p1a: Ferrothorn|Ferrothorn, M|100/100|[from]move: U-turn
|move|p2a: Celebi|Giga Drain|p1a: Ferrothorn
|-resisted|p1a: Ferrothorn
|-damage|p1a: Ferrothorn|95/100
|-heal|p2a: Celebi|64/100|[from] drain|[of] p1a: Ferrothorn
|
|-weather|Sandstorm|[upkeep]
|-damage|p2a: Celebi|58/100|[from] Sandstorm
|-heal|p2a: Celebi|64/100|[from] item: Leftovers
|upkeep
|turn|8
|
|switch|p1a: Xatu|Xatu, F|71/100
|move|p2a: Celebi|Recover|p2a: Celebi
|-heal|p2a: Celebi|100/100
|
|-weather|Sandstorm|[upkeep]
|-damage|p1a: Xatu|65/100|[from] Sandstorm
|-damage|p2a: Celebi|94/100|[from] Sandstorm
|-heal|p2a: Celebi|100/100|[from] item: Leftovers
|upkeep
|turn|9
|
|move|p1a: Xatu|Roost|p1a: Xatu
|-heal|p1a: Xatu|100/100
|-singleturn|p1a: Xatu|move: Roost
|move|p2a: Celebi|Psychic|p1a: Xatu
|-resisted|p1a: Xatu
|-damage|p1a: Xatu|79/100
|
|-weather|Sandstorm|[upkeep]
|-damage|p1a: Xatu|73/100|[from] Sandstorm
|-damage|p2a: Celebi|94/100|[from] Sandstorm
|-heal|p2a: Celebi|100/100|[from] item: Leftovers
|upkeep
|turn|10
|
|move|p1a: Xatu|U-turn|p2a: Celebi
|-supereffective|p2a: Celebi
|-damage|p2a: Celebi|59/100
|
|switch|p1a: Ferrothorn|Ferrothorn, M|95/100|[from]move: U-turn
|move|p2a: Celebi|Psychic|p1a: Ferrothorn
|-resisted|p1a: Ferrothorn
|-crit|p1a: Ferrothorn
|-damage|p1a: Ferrothorn|68/100
|-unboost|p1a: Ferrothorn|spd|1
|
|-weather|Sandstorm|[upkeep]
|-damage|p2a: Celebi|53/100|[from] Sandstorm
|-heal|p2a: Celebi|59/100|[from] item: Leftovers
|upkeep
|turn|11
|
|move|p2a: Celebi|Psychic|p1a: Ferrothorn
|-resisted|p1a: Ferrothorn
|-damage|p1a: Ferrothorn|50/100
|move|p1a: Ferrothorn|Gyro Ball|p2a: Celebi
|-damage|p2a: Celebi|0 fnt
|faint|p2a: Celebi
|
|-weather|Sandstorm|[upkeep]
|upkeep
|
|switch|p2a: Politoed|Politoed, M|100/100
|-damage|p2a: Politoed|88/100|[from] Stealth Rock
|-weather|RainDance|[from] ability: Drizzle|[of] p2a: Politoed
|turn|12
|
|switch|p2a: Ferrothorn|Ferrothorn, M|19/100
|-damage|p2a: Ferrothorn|12/100|[from] Stealth Rock
|switch|p1a: Latios|Latios, M|100/100
|
|-weather|RainDance|[upkeep]
|-heal|p2a: Ferrothorn|19/100|[from] item: Leftovers
|upkeep
|turn|13
|
|move|p1a: Latios|Surf|p2a: Ferrothorn
|-resisted|p2a: Ferrothorn
|-damage|p2a: Ferrothorn|0 fnt
|faint|p2a: Ferrothorn
|
|-weather|RainDance|[upkeep]
|upkeep
|-message|CroCoeur forfeited.
|
|win|Invisible Paradigm
|l|☆CroCoeur
|raw|Invisible Paradigm's rating: 1553 &rarr; <strong>1568</strong><br />(+15 for winning)
|raw|CroCoeur's rating: 1458 &rarr; <strong>1443</strong><br />(-15 for losing)
