|j|☆SK8HEAD
|j|☆minutemaid13
|t:|1707398938
|gametype|singles
|player|p1|SK8HEAD|266|1366
|player|p2|minutemaid13|101|1375
|teamsize|p1|6
|teamsize|p2|6
|gen|5
|tier|[Gen 5] OU
|rated|
|rule|Species Clause: Limit one of each Pokémon
|rule|OHKO Clause: OHKO moves are banned
|rule|Moody Clause: Moody is banned
|rule|Evasion Items Clause: Evasion items are banned
|rule|Evasion Moves Clause: Evasion moves are banned
|rule|Endless Battle Clause: Forcing endless battles is banned
|rule|HP Percentage Mod: HP is shown in percentages
|rule|Evasion Abilities Clause: Evasion abilities are banned
|rule|Sleep Moves Clause: Sleep-inducing moves are banned
|rule|Swagger Clause: Swagger is banned
|rule|Baton Pass Stat Clause: No Baton Passer may have a way to boost its stats
|clearpoke
|poke|p1|Politoed, F|item
|poke|p1|Ferrothorn, F|item
|poke|p1|Starmie|item
|poke|p1|Latios, M|item
|poke|p1|Keldeo|item
|poke|p1|Garchomp, F|item
|poke|p2|Skarmory, F|item
|poke|p2|Blissey, F|item
|poke|p2|Celebi|item
|poke|p2|Alakazam, M|item
|poke|p2|Heatran, F|item
|poke|p2|Keldeo|item
|teampreview
|
|t:|1707398953
|start
|switch|p1a: Politoed|Politoed, F|100/100
|switch|p2a: Celebi|Celebi|100/100
|-weather|RainDance|[from] ability: Drizzle|[of] p1a: Politoed
|turn|1
|inactive|Battle timer is ON: inactive players will automatically lose when time's up. (requested by SK8HEAD)
|inactive|SK8HEAD has 120 seconds left.
|j| Tspencer36565
|
|t:|1707399007
|move|p2a: Celebi|Thunder Wave|p1a: Politoed
|-status|p1a: Politoed|par
|move|p1a: Politoed|Toxic|p2a: Celebi
|-status|p2a: Celebi|tox
|
|-weather|RainDance|[upkeep]
|-damage|p2a: Celebi|94/100 tox|[from] psn
|upkeep
|turn|2
|
|t:|1707399017
|switch|p1a: Latios|Latios, M|100/100
|move|p2a: Celebi|Thunder Wave|p1a: Latios
|-status|p1a: Latios|par
|
|-weather|RainDance|[upkeep]
|-heal|p2a: Celebi|100/100 tox|[from] item: Leftovers
|-damage|p2a: Celebi|88/100 tox|[from] psn
|upkeep
|turn|3
|c|☆SK8HEAD|guh
|
|t:|1707399024
|-curestatus|p2a: Celebi|tox|[from] ability: Natural Cure
|switch|p2a: Blissey|Blissey, F|100/100
|move|p1a: Latios|Trick|p2a: Blissey
|-activate|p1a: Latios|move: Trick|[of] p2a: Blissey
|-item|p2a: Blissey|Choice Specs|[from] move: Trick
|-item|p1a: Latios|Leftovers|[from] move: Trick
|
|-weather|RainDance|[upkeep]
|upkeep
|turn|4
|
|t:|1707399031
|move|p2a: Blissey|Stealth Rock|p1a: Latios
|-sidestart|p1: SK8HEAD|move: Stealth Rock
|move|p1a: Latios|Surf|p2a: Blissey
|-damage|p2a: Blissey|86/100
|
|-weather|RainDance|[upkeep]
|upkeep
|turn|5
|
|t:|1707399036
|switch|p2a: Celebi|Celebi|88/100
|switch|p1a: Starmie|Starmie|100/100
|-damage|p1a: Starmie|88/100|[from] Stealth Rock
|-item|p1a: Starmie|Air Balloon
|
|-weather|RainDance|[upkeep]
|-heal|p2a: Celebi|94/100|[from] item: Leftovers
|upkeep
|turn|6
|
|t:|1707399041
|move|p1a: Starmie|Ice Beam|p2a: Celebi
|-supereffective|p2a: Celebi
|-damage|p2a: Celebi|62/100
|move|p2a: Celebi|Thunder Wave|p1a: Starmie
|-status|p1a: Starmie|par
|
|-weather|RainDance|[upkeep]
|-heal|p2a: Celebi|68/100|[from] item: Leftovers
|upkeep
|turn|7
|
|t:|1707399047
|move|p2a: Celebi|Giga Drain|p1a: Starmie
|-supereffective|p1a: Starmie
|-damage|p1a: Starmie|12/100 par
|-heal|p2a: Celebi|93/100|[from] drain|[of] p1a: Starmie
|-enditem|p1a: Starmie|Air Balloon
|move|p1a: Starmie|Rapid Spin|p2a: Celebi
|-damage|p2a: Celebi|90/100
|-sideend|p1: SK8HEAD|Stealth Rock|[from] move: Rapid Spin|[of] p1a: Starmie
|
|-weather|RainDance|[upkeep]
|-heal|p2a: Celebi|96/100|[from] item: Leftovers
|upkeep
|turn|8
|
|t:|1707399059
|switch|p1a: Garchomp|Garchomp, F|100/100
|move|p2a: Celebi|Giga Drain|p1a: Garchomp
|-damage|p1a: Garchomp|72/100
|-heal|p2a: Celebi|100/100|[from] drain|[of] p1a: Garchomp
|
|-weather|RainDance|[upkeep]
|upkeep
|turn|9
|
|t:|1707399072
|switch|p2a: Skarmory|Skarmory, F|100/100
|move|p1a: Garchomp|Outrage|p2a: Skarmory
|-resisted|p2a: Skarmory
|-damage|p2a: Skarmory|74/100
|
|-weather|RainDance|[upkeep]
|-heal|p2a: Skarmory|80/100|[from] item: Leftovers
|upkeep
|turn|10
|
|t:|1707399079
|move|p1a: Garchomp|Outrage|p2a: Skarmory|[from]lockedmove
|-resisted|p2a: Skarmory
|-damage|p2a: Skarmory|53/100
|move|p2a: Skarmory|Spikes|p1a: Garchomp
|-sidestart|p1: SK8HEAD|Spikes
|
|-weather|RainDance|[upkeep]
|-heal|p2a: Skarmory|59/100|[from] item: Leftovers
|upkeep
|turn|11
|
|t:|1707399083
|move|p1a: Garchomp|Outrage|p2a: Skarmory|[from]lockedmove
|-resisted|p2a: Skarmory
|-damage|p2a: Skarmory|32/100
|-start|p1a: Garchomp|confusion|[fatigue]
|move|p2a: Skarmory|Spikes|p1a: Garchomp
|-sidestart|p1: SK8HEAD|Spikes
|
|-weather|RainDance|[upkeep]
|-heal|p2a: Skarmory|38/100|[from] item: Leftovers
|upkeep
|turn|12
|
|t:|1707399086
|-activate|p1a: Garchomp|confusion
|-damage|p1a: Garchomp|58/100|[from] confusion
|move|p2a: Skarmory|Roost|p2a: Skarmory
|-heal|p2a: Skarmory|88/100
|-singleturn|p2a: Skarmory|move: Roost
|
|-weather|RainDance|[upkeep]
|-heal|p2a: Skarmory|94/100|[from] item: Leftovers
|upkeep
|turn|13
|
|t:|1707399089
|switch|p1a: Starmie|Starmie|12/100 par
|-damage|p1a: Starmie|0 fnt|[from] Spikes
|faint|p1a: Starmie
|move|p2a: Skarmory|Spikes|p1: Starmie
|-sidestart|p1: SK8HEAD|Spikes
|
|-weather|RainDance|[upkeep]
|-heal|p2a: Skarmory|99/100|[from] item: Leftovers
|upkeep
|
|t:|1707399095
|switch|p1a: Keldeo|Keldeo|100/100
|-damage|p1a: Keldeo|76/100|[from] Spikes
|turn|14
|
|t:|1707399100
|switch|p2a: Blissey|Blissey, F|86/100
|move|p1a: Keldeo|Hidden Power|p2a: Blissey
|-damage|p2a: Blissey|79/100
|
|-weather|RainDance|[upkeep]
|upkeep
|turn|15
|
|t:|1707399104
|switch|p2a: Celebi|Celebi|100/100
|move|p1a: Keldeo|Hidden Power|p2a: Celebi
|-supereffective|p2a: Celebi
|-damage|p2a: Celebi|69/100
|
|-weather|RainDance|[upkeep]
|-heal|p2a: Celebi|75/100|[from] item: Leftovers
|upkeep
|turn|16
|
|t:|1707399107
|move|p1a: Keldeo|Hidden Power|p2a: Celebi
|-supereffective|p2a: Celebi
|-damage|p2a: Celebi|43/100
|move|p2a: Celebi|Giga Drain|p1a: Keldeo
|-supereffective|p1a: Keldeo
|-damage|p1a: Keldeo|18/100
|-heal|p2a: Celebi|66/100|[from] drain|[of] p1a: Keldeo
|
|-weather|RainDance|[upkeep]
|-heal|p2a: Celebi|72/100|[from] item: Leftovers
|upkeep
|turn|17
|c|☆SK8HEAD|fuck am i even doing lol
|-message|SK8HEAD forfeited.
|
|win|minutemaid13
|raw|SK8HEAD's rating: 1366 &rarr; <strong>1347</strong><br />(-19 for losing)
|raw|minutemaid13's rating: 1375 &rarr; <strong>1394</strong><br />(+19 for winning)
