|j|☆phosphor
|j|☆Chomp29
|t:|1707621123
|gametype|singles
|player|p1|phosphor|#phosphor|1448
|player|p2|Chomp29|janitor|1566
|teamsize|p1|6
|teamsize|p2|6
|gen|5
|tier|[Gen 5] OU
|rated|
|rule|Species Clause: Limit one of each Pokémon
|rule|OHKO Clause: OHKO moves are banned
|rule|Moody Clause: Moody is banned
|rule|Evasion Items Clause: Evasion items are banned
|rule|Evasion Moves Clause: Evasion moves are banned
|rule|Endless Battle Clause: Forcing endless battles is banned
|rule|HP Percentage Mod: HP is shown in percentages
|rule|Evasion Abilities Clause: Evasion abilities are banned
|rule|Sleep Moves Clause: Sleep-inducing moves are banned
|rule|Swagger Clause: Swagger is banned
|rule|Baton Pass Stat Clause: No Baton Passer may have a way to boost its stats
|clearpoke
|poke|p1|Tyranitar, F|item
|poke|p1|Skarmory, F|item
|poke|p1|Celebi|item
|poke|p1|Donphan, M|item
|poke|p1|Rotom-Wash|item
|poke|p1|Terrakion|item
|poke|p2|Latios, M|item
|poke|p2|Politoed, F|item
|poke|p2|Tentacruel, F|item
|poke|p2|Ferrothorn, F|item
|poke|p2|Jirachi|item
|poke|p2|Thundurus-Therian, M|item
|teampreview
|c|☆phosphor|gl hf
|inactive|Battle timer is ON: inactive players will automatically lose when time's up. (requested by Chomp29)
|inactive|phosphor has 120 seconds left.
|c|☆Chomp29|U2.
|
|t:|1707621193
|start
|switch|p1a: Celebi|Celebi|100/100
|switch|p2a: Politoed|Politoed, F|100/100
|-weather|RainDance|[from] ability: Drizzle|[of] p2a: Politoed
|turn|1
|
|t:|1707621198
|switch|p2a: Ferrothorn|Ferrothorn, F|100/100
|move|p1a: Celebi|Psychic|p2a: Ferrothorn
|-resisted|p2a: Ferrothorn
|-crit|p2a: Ferrothorn
|-damage|p2a: Ferrothorn|79/100
|
|-weather|RainDance|[upkeep]
|-heal|p2a: Ferrothorn|86/100|[from] item: Leftovers
|upkeep
|turn|2
|
|t:|1707621207
|move|p1a: Celebi|Baton Pass|p1a: Celebi
|
|t:|1707621209
|switch|p1a: Skarmory|Skarmory, F|100/100|[from] Baton Pass
|move|p2a: Ferrothorn|Stealth Rock|p1a: Skarmory
|-sidestart|p1: phosphor|move: Stealth Rock
|
|-weather|RainDance|[upkeep]
|-heal|p2a: Ferrothorn|92/100|[from] item: Leftovers
|upkeep
|turn|3
|
|t:|1707621222
|switch|p2a: Thundurus|Thundurus-Therian, M|100/100
|move|p1a: Skarmory|Spikes|p2a: Thundurus
|-sidestart|p2: Chomp29|Spikes
|
|-weather|RainDance|[upkeep]
|upkeep
|turn|4
|
|t:|1707621227
|switch|p1a: Celebi|Celebi|100/100
|-damage|p1a: Celebi|88/100|[from] Stealth Rock
|move|p2a: Thundurus|Thunder|p1a: Celebi
|-resisted|p1a: Celebi
|-damage|p1a: Celebi|65/100
|-status|p1a: Celebi|par
|
|-weather|RainDance|[upkeep]
|-heal|p1a: Celebi|72/100 par|[from] item: Leftovers
|upkeep
|turn|5
|
|t:|1707621236
|move|p2a: Thundurus|Thunder|p1a: Celebi
|-resisted|p1a: Celebi
|-damage|p1a: Celebi|49/100 par
|cant|p1a: Celebi|par
|
|-weather|RainDance|[upkeep]
|-heal|p1a: Celebi|55/100 par|[from] item: Leftovers
|upkeep
|turn|6
|
|t:|1707621240
|move|p2a: Thundurus|Hidden Power|p1a: Celebi
|-supereffective|p1a: Celebi
|-damage|p1a: Celebi|22/100 par
|move|p1a: Celebi|Recover|p1a: Celebi
|-heal|p1a: Celebi|72/100 par
|
|-weather|RainDance|[upkeep]
|-heal|p1a: Celebi|78/100 par|[from] item: Leftovers
|upkeep
|turn|7
|
|t:|1707621247
|move|p2a: Thundurus|Thunder|p1a: Celebi
|-resisted|p1a: Celebi
|-damage|p1a: Celebi|55/100 par
|move|p1a: Celebi|Baton Pass|p1a: Celebi
|
|t:|1707621253
|-curestatus|p1a: Celebi|par|[from] ability: Natural Cure
|switch|p1a: Terrakion|Terrakion|100/100|[from] Baton Pass
|-damage|p1a: Terrakion|94/100|[from] Stealth Rock
|
|-weather|RainDance|[upkeep]
|upkeep
|turn|8
|
|t:|1707621260
|switch|p2a: Jirachi|Jirachi|100/100
|-damage|p2a: Jirachi|88/100|[from] Spikes
|move|p1a: Terrakion|Substitute|p1a: Terrakion
|-start|p1a: Terrakion|Substitute
|-damage|p1a: Terrakion|70/100
|
|-weather|RainDance|[upkeep]
|upkeep
|turn|9
|
|t:|1707621289
|move|p2a: Jirachi|U-turn|p1a: Terrakion
|-resisted|p1a: Terrakion
|-activate|p1a: Terrakion|Substitute|[damage]
|
|t:|1707621290
|switch|p2a: Tentacruel|Tentacruel, F|100/100|[from] U-turn
|-damage|p2a: Tentacruel|88/100|[from] Spikes
|move|p1a: Terrakion|Close Combat|p2a: Tentacruel
|-resisted|p2a: Tentacruel
|-damage|p2a: Tentacruel|49/100
|-unboost|p1a: Terrakion|def|1
|-unboost|p1a: Terrakion|spd|1
|
|-weather|RainDance|[upkeep]
|-heal|p2a: Tentacruel|55/100|[from] ability: Rain Dish
|-heal|p2a: Tentacruel|61/100|[from] item: Black Sludge
|upkeep
|turn|10
|
|t:|1707621317
|move|p2a: Tentacruel|Protect|p2a: Tentacruel
|-singleturn|p2a: Tentacruel|Protect
|move|p1a: Terrakion|Close Combat|p2a: Tentacruel
|-activate|p2a: Tentacruel|move: Protect
|
|-weather|RainDance|[upkeep]
|-heal|p2a: Tentacruel|68/100|[from] ability: Rain Dish
|-heal|p2a: Tentacruel|74/100|[from] item: Black Sludge
|upkeep
|turn|11
|
|t:|1707621322
|move|p1a: Terrakion|Stone Edge|p2a: Tentacruel|[miss]
|-miss|p1a: Terrakion|p2a: Tentacruel
|move|p2a: Tentacruel|Scald|p1a: Terrakion
|-supereffective|p1a: Terrakion
|-end|p1a: Terrakion|Substitute
|
|-weather|RainDance|[upkeep]
|-heal|p2a: Tentacruel|80/100|[from] ability: Rain Dish
|-heal|p2a: Tentacruel|86/100|[from] item: Black Sludge
|upkeep
|turn|12
|
|t:|1707621337
|switch|p1a: Celebi|Celebi|55/100
|-damage|p1a: Celebi|43/100|[from] Stealth Rock
|move|p2a: Tentacruel|Rapid Spin|p1a: Celebi
|-damage|p1a: Celebi|41/100
|-sideend|p2: Chomp29|Spikes|[from] move: Rapid Spin|[of] p2a: Tentacruel
|
|-weather|RainDance|[upkeep]
|-heal|p2a: Tentacruel|92/100|[from] ability: Rain Dish
|-heal|p2a: Tentacruel|98/100|[from] item: Black Sludge
|-heal|p1a: Celebi|47/100|[from] item: Leftovers
|upkeep
|turn|13
|
|t:|1707621341
|switch|p2a: Jirachi|Jirachi|88/100
|move|p1a: Celebi|Recover|p1a: Celebi
|-heal|p1a: Celebi|97/100
|
|-weather|RainDance|[upkeep]
|-heal|p1a: Celebi|100/100|[from] item: Leftovers
|upkeep
|turn|14
|
|t:|1707621348
|move|p2a: Jirachi|U-turn|p1a: Celebi
|-supereffective|p1a: Celebi
|-damage|p1a: Celebi|28/100
|
|t:|1707621363
|switch|p2a: Thundurus|Thundurus-Therian, M|100/100|[from] U-turn
|move|p1a: Celebi|Baton Pass|p1a: Celebi
|
|t:|1707621379
|switch|p1a: Terrakion|Terrakion|70/100|[from] Baton Pass
|-damage|p1a: Terrakion|63/100|[from] Stealth Rock
|
|-weather|RainDance|[upkeep]
|upkeep
|turn|15
|
|t:|1707621402
|switch|p2a: Jirachi|Jirachi|88/100
|move|p1a: Terrakion|Substitute|p1a: Terrakion
|-start|p1a: Terrakion|Substitute
|-damage|p1a: Terrakion|39/100
|
|-weather|RainDance|[upkeep]
|upkeep
|turn|16
|
|t:|1707621417
|move|p2a: Jirachi|Iron Head|p1a: Terrakion
|-supereffective|p1a: Terrakion
|-end|p1a: Terrakion|Substitute
|move|p1a: Terrakion|Close Combat|p2a: Jirachi
|-damage|p2a: Jirachi|31/100
|-unboost|p1a: Terrakion|def|1
|-unboost|p1a: Terrakion|spd|1
|
|-weather|RainDance|[upkeep]
|upkeep
|turn|17
|
|t:|1707621424
|switch|p2a: Thundurus|Thundurus-Therian, M|100/100
|switch|p1a: Rotom|Rotom-Wash|100/100
|-damage|p1a: Rotom|88/100|[from] Stealth Rock
|
|-weather|RainDance|[upkeep]
|-heal|p1a: Rotom|94/100|[from] item: Leftovers
|upkeep
|turn|18
|
|t:|1707621429
|move|p2a: Thundurus|Thunder|p1a: Rotom
|-damage|p1a: Rotom|20/100
|-status|p1a: Rotom|par
|move|p1a: Rotom|Hydro Pump|p2a: Thundurus|[miss]
|-miss|p1a: Rotom|p2a: Thundurus
|
|-weather|RainDance|[upkeep]
|-heal|p1a: Rotom|26/100 par|[from] item: Leftovers
|upkeep
|turn|19
|
|t:|1707621440
|switch|p1a: Donphan|Donphan, M|100/100
|-damage|p1a: Donphan|94/100|[from] Stealth Rock
|move|p2a: Thundurus|Thunder|p1a: Donphan
|-immune|p1a: Donphan
|
|-weather|RainDance|[upkeep]
|-heal|p1a: Donphan|100/100|[from] item: Leftovers
|upkeep
|turn|20
|
|t:|1707621445
|move|p2a: Thundurus|Hidden Power|p1a: Donphan
|-supereffective|p1a: Donphan
|-damage|p1a: Donphan|17/100
|move|p1a: Donphan|Rapid Spin|p2a: Thundurus
|-damage|p2a: Thundurus|92/100
|-sideend|p1: phosphor|Stealth Rock|[from] move: Rapid Spin|[of] p1a: Donphan
|
|-weather|RainDance|[upkeep]
|-heal|p2a: Thundurus|98/100|[from] item: Leftovers
|-heal|p1a: Donphan|23/100|[from] item: Leftovers
|upkeep
|turn|21
|
|t:|1707621453
|switch|p1a: Terrakion|Terrakion|39/100
|move|p2a: Thundurus|Agility|p2a: Thundurus
|-boost|p2a: Thundurus|spe|2
|
|-weather|RainDance|[upkeep]
|-heal|p2a: Thundurus|100/100|[from] item: Leftovers
|upkeep
|turn|22
|
|t:|1707621457
|switch|p1a: Rotom|Rotom-Wash|26/100 par
|move|p2a: Thundurus|Thunder|p1a: Rotom
|-damage|p1a: Rotom|0 fnt
|faint|p1a: Rotom
|
|-weather|RainDance|[upkeep]
|upkeep
|
|t:|1707621460
|switch|p1a: Tyranitar|Tyranitar, F|100/100
|-weather|Sandstorm|[from] ability: Sand Stream|[of] p1a: Tyranitar
|turn|23
|
|t:|1707621464
|move|p2a: Thundurus|Focus Blast|p1a: Tyranitar
|-supereffective|p1a: Tyranitar
|-enditem|p1a: Tyranitar|Chople Berry|[eat]
|-enditem|p1a: Tyranitar|Chople Berry|[weaken]
|-damage|p1a: Tyranitar|55/100
|move|p1a: Tyranitar|Crunch|p2a: Thundurus
|-damage|p2a: Thundurus|43/100
|-unboost|p2a: Thundurus|def|1
|
|-weather|Sandstorm|[upkeep]
|-damage|p2a: Thundurus|37/100|[from] Sandstorm
|-heal|p2a: Thundurus|43/100|[from] item: Leftovers
|upkeep
|turn|24
|
|t:|1707621481
|switch|p1a: Skarmory|Skarmory, F|100/100
|move|p2a: Thundurus|Focus Blast|p1a: Skarmory
|-damage|p1a: Skarmory|54/100
|-unboost|p1a: Skarmory|spd|1
|
|-weather|Sandstorm|[upkeep]
|-damage|p2a: Thundurus|37/100|[from] Sandstorm
|-heal|p2a: Thundurus|43/100|[from] item: Leftovers
|upkeep
|turn|25
|
|t:|1707621486
|switch|p1a: Donphan|Donphan, M|23/100
|move|p2a: Thundurus|Thunder|p1a: Donphan
|-immune|p1a: Donphan
|
|-weather|Sandstorm|[upkeep]
|-damage|p2a: Thundurus|37/100|[from] Sandstorm
|-heal|p2a: Thundurus|43/100|[from] item: Leftovers
|-heal|p1a: Donphan|30/100|[from] item: Leftovers
|upkeep
|turn|26
|
|t:|1707621492
|switch|p2a: Politoed|Politoed, F|100/100
|-weather|RainDance|[from] ability: Drizzle|[of] p2a: Politoed
|move|p1a: Donphan|Ice Shard|p2a: Politoed
|-resisted|p2a: Politoed
|-damage|p2a: Politoed|95/100
|
|-weather|RainDance|[upkeep]
|-heal|p2a: Politoed|100/100|[from] item: Leftovers
|-heal|p1a: Donphan|36/100|[from] item: Leftovers
|upkeep
|turn|27
|
|t:|1707621510
|switch|p1a: Celebi|Celebi|28/100
|move|p2a: Politoed|Scald|p1a: Celebi
|-resisted|p1a: Celebi
|-damage|p1a: Celebi|16/100
|
|-weather|RainDance|[upkeep]
|-heal|p1a: Celebi|23/100|[from] item: Leftovers
|upkeep
|turn|28
|
|t:|1707621519
|switch|p2a: Jirachi|Jirachi|31/100
|move|p1a: Celebi|Recover|p1a: Celebi
|-heal|p1a: Celebi|73/100
|
|-weather|RainDance|[upkeep]
|-heal|p1a: Celebi|79/100|[from] item: Leftovers
|upkeep
|turn|29
|
|t:|1707621532
|switch|p1a: Skarmory|Skarmory, F|54/100
|move|p2a: Jirachi|U-turn|p1a: Skarmory
|-resisted|p1a: Skarmory
|-damage|p1a: Skarmory|50/100
|-damage|p2a: Jirachi|15/100|[from] item: Rocky Helmet|[of] p1a: Skarmory
|
|t:|1707621535
|switch|p2a: Thundurus|Thundurus-Therian, M|43/100|[from] U-turn
|
|-weather|RainDance|[upkeep]
|-heal|p2a: Thundurus|49/100|[from] item: Leftovers
|upkeep
|turn|30
|
|t:|1707621545
|switch|p1a: Celebi|Celebi|79/100
|move|p2a: Thundurus|Thunder|p1a: Celebi
|-resisted|p1a: Celebi
|-crit|p1a: Celebi
|-damage|p1a: Celebi|32/100
|
|-weather|RainDance|[upkeep]
|-heal|p2a: Thundurus|55/100|[from] item: Leftovers
|-heal|p1a: Celebi|38/100|[from] item: Leftovers
|upkeep
|turn|31
|
|t:|1707621552
|move|p2a: Thundurus|Hidden Power|p1a: Celebi
|-supereffective|p1a: Celebi
|-damage|p1a: Celebi|4/100
|move|p1a: Celebi|Recover|p1a: Celebi
|-heal|p1a: Celebi|54/100
|
|-weather|RainDance|[upkeep]
|-heal|p2a: Thundurus|62/100|[from] item: Leftovers
|-heal|p1a: Celebi|60/100|[from] item: Leftovers
|upkeep
|turn|32
|
|t:|1707621569
|move|p2a: Thundurus|Thunder|p1a: Celebi
|-resisted|p1a: Celebi
|-damage|p1a: Celebi|39/100
|move|p1a: Celebi|Recover|p1a: Celebi
|-heal|p1a: Celebi|89/100
|
|-weather|RainDance|[upkeep]
|-heal|p2a: Thundurus|68/100|[from] item: Leftovers
|-heal|p1a: Celebi|95/100|[from] item: Leftovers
|upkeep
|turn|33
|
|t:|1707621578
|switch|p2a: Ferrothorn|Ferrothorn, F|92/100
|move|p1a: Celebi|Baton Pass|p1a: Celebi
|
|t:|1707621605
|switch|p1a: Terrakion|Terrakion|39/100|[from] Baton Pass
|
|-weather|RainDance|[upkeep]
|-heal|p2a: Ferrothorn|98/100|[from] item: Leftovers
|upkeep
|turn|34
|
|t:|1707621614
|switch|p1a: Skarmory|Skarmory, F|50/100
|switch|p2a: Tentacruel|Tentacruel, F|98/100
|
|-weather|RainDance|[upkeep]
|-heal|p2a: Tentacruel|100/100|[from] ability: Rain Dish
|upkeep
|turn|35
|
|t:|1707621622
|switch|p1a: Celebi|Celebi|95/100
|move|p2a: Tentacruel|Scald|p1a: Celebi
|-resisted|p1a: Celebi
|-damage|p1a: Celebi|83/100
|
|-weather|RainDance|[upkeep]
|-heal|p1a: Celebi|90/100|[from] item: Leftovers
|upkeep
|turn|36
|
|t:|1707621630
|move|p2a: Tentacruel|Toxic|p1a: Celebi
|-status|p1a: Celebi|tox
|move|p1a: Celebi|Psychic|p2a: Tentacruel
|-supereffective|p2a: Tentacruel
|-damage|p2a: Tentacruel|57/100
|
|-weather|RainDance|[upkeep]
|-heal|p2a: Tentacruel|63/100|[from] ability: Rain Dish
|-heal|p2a: Tentacruel|69/100|[from] item: Black Sludge
|-heal|p1a: Celebi|96/100 tox|[from] item: Leftovers
|-damage|p1a: Celebi|90/100 tox|[from] psn
|upkeep
|turn|37
|
|t:|1707621635
|move|p2a: Tentacruel|Protect|p2a: Tentacruel
|-singleturn|p2a: Tentacruel|Protect
|move|p1a: Celebi|Baton Pass|p1a: Celebi
|
|t:|1707621640
|-curestatus|p1a: Celebi|tox|[from] ability: Natural Cure
|switch|p1a: Tyranitar|Tyranitar, F|55/100|[from] Baton Pass
|-weather|Sandstorm|[from] ability: Sand Stream|[of] p1a: Tyranitar
|
|-weather|Sandstorm|[upkeep]
|-damage|p2a: Tentacruel|63/100|[from] Sandstorm
|-heal|p2a: Tentacruel|69/100|[from] item: Black Sludge
|upkeep
|turn|38
|
|t:|1707621650
|switch|p2a: Politoed|Politoed, F|100/100
|-weather|RainDance|[from] ability: Drizzle|[of] p2a: Politoed
|switch|p1a: Celebi|Celebi|90/100
|
|-weather|RainDance|[upkeep]
|-heal|p1a: Celebi|96/100|[from] item: Leftovers
|upkeep
|turn|39
|
|t:|1707621667
|switch|p2a: Ferrothorn|Ferrothorn, F|98/100
|move|p1a: Celebi|Psychic|p2a: Ferrothorn
|-resisted|p2a: Ferrothorn
|-damage|p2a: Ferrothorn|87/100
|
|-weather|RainDance|[upkeep]
|-heal|p1a: Celebi|100/100|[from] item: Leftovers
|-heal|p2a: Ferrothorn|93/100|[from] item: Leftovers
|upkeep
|turn|40
|
|t:|1707621674
|move|p1a: Celebi|Baton Pass|p1a: Celebi
|
|t:|1707621677
|switch|p1a: Skarmory|Skarmory, F|50/100|[from] Baton Pass
|move|p2a: Ferrothorn|Stealth Rock|p1a: Skarmory
|-sidestart|p1: phosphor|move: Stealth Rock
|
|-weather|RainDance|[upkeep]
|-heal|p2a: Ferrothorn|99/100|[from] item: Leftovers
|upkeep
|turn|41
|
|t:|1707621680
|switch|p2a: Tentacruel|Tentacruel, F|69/100
|move|p1a: Skarmory|Roost|p1a: Skarmory
|-heal|p1a: Skarmory|100/100
|-singleturn|p1a: Skarmory|move: Roost
|
|-weather|RainDance|[upkeep]
|-heal|p2a: Tentacruel|75/100|[from] ability: Rain Dish
|-heal|p2a: Tentacruel|81/100|[from] item: Black Sludge
|upkeep
|turn|42
|
|t:|1707621689
|switch|p1a: Celebi|Celebi|100/100
|-damage|p1a: Celebi|88/100|[from] Stealth Rock
|move|p2a: Tentacruel|Scald|p1a: Celebi
|-resisted|p1a: Celebi
|-damage|p1a: Celebi|77/100
|
|-weather|RainDance|[upkeep]
|-heal|p2a: Tentacruel|87/100|[from] ability: Rain Dish
|-heal|p2a: Tentacruel|93/100|[from] item: Black Sludge
|-heal|p1a: Celebi|83/100|[from] item: Leftovers
|upkeep
|turn|43
|
|t:|1707621704
|move|p2a: Tentacruel|Toxic|p1a: Celebi
|-status|p1a: Celebi|tox
|move|p1a: Celebi|Psychic|p2a: Tentacruel
|-supereffective|p2a: Tentacruel
|-damage|p2a: Tentacruel|49/100
|
|-weather|RainDance|[upkeep]
|-heal|p2a: Tentacruel|55/100|[from] ability: Rain Dish
|-heal|p2a: Tentacruel|61/100|[from] item: Black Sludge
|-heal|p1a: Celebi|90/100 tox|[from] item: Leftovers
|-damage|p1a: Celebi|83/100 tox|[from] psn
|upkeep
|turn|44
|
|t:|1707621712
|move|p2a: Tentacruel|Protect|p2a: Tentacruel
|-singleturn|p2a: Tentacruel|Protect
|move|p1a: Celebi|Psychic|p2a: Tentacruel
|-activate|p2a: Tentacruel|move: Protect
|
|-weather|RainDance|[upkeep]
|-heal|p2a: Tentacruel|67/100|[from] ability: Rain Dish
|-heal|p2a: Tentacruel|73/100|[from] item: Black Sludge
|-heal|p1a: Celebi|90/100 tox|[from] item: Leftovers
|-damage|p1a: Celebi|77/100 tox|[from] psn
|upkeep
|turn|45
|
|t:|1707621721
|move|p2a: Tentacruel|Scald|p1a: Celebi
|-resisted|p1a: Celebi
|-damage|p1a: Celebi|67/100 tox
|move|p1a: Celebi|Baton Pass|p1a: Celebi
|
|t:|1707621728
|-curestatus|p1a: Celebi|tox|[from] ability: Natural Cure
|switch|p1a: Terrakion|Terrakion|39/100|[from] Baton Pass
|-damage|p1a: Terrakion|32/100|[from] Stealth Rock
|
|-weather|RainDance|[upkeep]
|-heal|p2a: Tentacruel|79/100|[from] ability: Rain Dish
|-heal|p2a: Tentacruel|85/100|[from] item: Black Sludge
|upkeep
|turn|46
|
|t:|1707621732
|move|p1a: Terrakion|Stone Edge|p2a: Tentacruel
|-crit|p2a: Tentacruel
|-damage|p2a: Tentacruel|0 fnt
|faint|p2a: Tentacruel
|
|-weather|RainDance|[upkeep]
|upkeep
|c|☆phosphor|sry
|
|t:|1707621739
|switch|p2a: Latios|Latios, M|100/100
|turn|47
|
|t:|1707621759
|switch|p1a: Donphan|Donphan, M|36/100
|-damage|p1a: Donphan|30/100|[from] Stealth Rock
|move|p2a: Latios|Surf|p1a: Donphan
|-supereffective|p1a: Donphan
|-crit|p1a: Donphan
|-damage|p1a: Donphan|0 fnt
|faint|p1a: Donphan
|
|-weather|RainDance|[upkeep]
|upkeep
|
|t:|1707621762
|switch|p1a: Tyranitar|Tyranitar, F|55/100
|-damage|p1a: Tyranitar|42/100|[from] Stealth Rock
|-weather|Sandstorm|[from] ability: Sand Stream|[of] p1a: Tyranitar
|turn|48
|
|t:|1707621766
|move|p2a: Latios|Surf|p1a: Tyranitar
|-supereffective|p1a: Tyranitar
|-damage|p1a: Tyranitar|0 fnt
|faint|p1a: Tyranitar
|
|-weather|Sandstorm|[upkeep]
|-damage|p2a: Latios|95/100|[from] Sandstorm
|upkeep
|
|t:|1707621773
|switch|p1a: Celebi|Celebi|67/100
|-damage|p1a: Celebi|55/100|[from] Stealth Rock
|turn|49
|
|t:|1707621801
|switch|p2a: Ferrothorn|Ferrothorn, F|99/100
|move|p1a: Celebi|Baton Pass|p1a: Celebi
|
|t:|1707621806
|switch|p1a: Terrakion|Terrakion|32/100|[from] Baton Pass
|-damage|p1a: Terrakion|26/100|[from] Stealth Rock
|
|-weather|Sandstorm|[upkeep]
|-heal|p2a: Ferrothorn|100/100|[from] item: Leftovers
|upkeep
|turn|50
|
|t:|1707621819
|move|p1a: Terrakion|Close Combat|p2a: Ferrothorn
|-supereffective|p2a: Ferrothorn
|-damage|p2a: Ferrothorn|12/100
|-unboost|p1a: Terrakion|def|1
|-unboost|p1a: Terrakion|spd|1
|-damage|p1a: Terrakion|14/100|[from] ability: Iron Barbs|[of] p2a: Ferrothorn
|move|p2a: Ferrothorn|Gyro Ball|p1a: Terrakion
|-supereffective|p1a: Terrakion
|-damage|p1a: Terrakion|0 fnt
|faint|p1a: Terrakion
|
|-weather|Sandstorm|[upkeep]
|-heal|p2a: Ferrothorn|18/100|[from] item: Leftovers
|upkeep
|
|t:|1707621830
|switch|p1a: Skarmory|Skarmory, F|100/100
|-damage|p1a: Skarmory|88/100|[from] Stealth Rock
|turn|51
|
|t:|1707621838
|switch|p2a: Jirachi|Jirachi|15/100
|move|p1a: Skarmory|Spikes|p2a: Jirachi
|-sidestart|p2: Chomp29|Spikes
|
|-weather|Sandstorm|[upkeep]
|upkeep
|turn|52
|
|t:|1707621843
|move|p2a: Jirachi|Trick|p1a: Skarmory
|-activate|p2a: Jirachi|move: Trick|[of] p1a: Skarmory
|-item|p1a: Skarmory|Choice Scarf|[from] move: Trick
|-item|p2a: Jirachi|Rocky Helmet|[from] move: Trick
|move|p1a: Skarmory|Spikes|p2a: Jirachi
|-sidestart|p2: Chomp29|Spikes
|
|-weather|Sandstorm|[upkeep]
|upkeep
|turn|53
|
|t:|1707621850
|move|p1a: Skarmory|Spikes|p2a: Jirachi
|-sidestart|p2: Chomp29|Spikes
|move|p2a: Jirachi|Iron Head|p1a: Skarmory
|-resisted|p1a: Skarmory
|-damage|p1a: Skarmory|75/100
|
|-weather|Sandstorm|[upkeep]
|upkeep
|turn|54
|
|t:|1707621855
|move|p1a: Skarmory|Spikes||[still]
|-fail|p1a: Skarmory
|move|p2a: Jirachi|Iron Head|p1a: Skarmory
|-resisted|p1a: Skarmory
|-damage|p1a: Skarmory|59/100
|
|-weather|Sandstorm|[upkeep]
|upkeep
|turn|55
|
|t:|1707621867
|switch|p1a: Celebi|Celebi|55/100
|-damage|p1a: Celebi|43/100|[from] Stealth Rock
|move|p2a: Jirachi|Ice Punch|p1a: Celebi
|-supereffective|p1a: Celebi
|-damage|p1a: Celebi|2/100
|
|-weather|Sandstorm|[upkeep]
|-damage|p1a: Celebi|0 fnt|[from] Sandstorm
|faint|p1a: Celebi
|upkeep
|c|☆phosphor|gg wp
|-message|phosphor forfeited.
|
|win|Chomp29
|raw|phosphor's rating: 1448 &rarr; <strong>1435</strong><br />(-13 for losing)
|raw|Chomp29's rating: 1566 &rarr; <strong>1579</strong><br />(+13 for winning)
|c|☆Chomp29|Gg
|l|☆phosphor
|player|p1|
|c|☆Chomp29|Hey
|l|☆Chomp29
|player|p2|
