|j|☆lorelius gupta
|j|☆LeafStoned
|t:|1715361298
|gametype|singles
|player|p1|lorelius gupta|pokekid|1339
|player|p2|LeafStoned|102|1322
|teamsize|p1|6
|teamsize|p2|6
|gen|5
|tier|[Gen 5] OU
|rated|
|rule|Species Clause: Limit one of each Pokémon
|rule|OHKO Clause: OHKO moves are banned
|rule|Moody Clause: Moody is banned
|rule|Evasion Items Clause: Evasion items are banned
|rule|Evasion Moves Clause: Evasion moves are banned
|rule|Endless Battle Clause: Forcing endless battles is banned
|rule|HP Percentage Mod: HP is shown in percentages
|rule|Evasion Abilities Clause: Evasion abilities are banned
|rule|Sleep Moves Clause: Sleep-inducing moves are banned
|rule|Swagger Clause: Swagger is banned
|rule|Baton Pass Stat Clause: No Baton Passer may have a way to boost its stats
|clearpoke
|poke|p1|Politoed, F|item
|poke|p1|Ferrothorn, F|item
|poke|p1|Tentacruel, F|item
|poke|p1|Jirachi|item
|poke|p1|Thundurus-Therian, M|item
|poke|p1|Latios, M|item
|poke|p2|Reuniclus, M|item
|poke|p2|Alakazam, F|item
|poke|p2|Tyranitar, M|item
|poke|p2|Skarmory, M|item
|poke|p2|Excadrill, M|item
|poke|p2|Tangrowth, F|item
|teampreview
|inactive|Battle timer is ON: inactive players will automatically lose when time's up. (requested by lorelius gupta)
|
|t:|1715361310
|start
|switch|p1a: Ambatuthorn|Ferrothorn, F|100/100
|switch|p2a: Tyranitar|Tyranitar, M|100/100
|-weather|Sandstorm|[from] ability: Sand Stream|[of] p2a: Tyranitar
|turn|1
|
|t:|1715361321
|move|p2a: Tyranitar|Stealth Rock|p1a: Ambatuthorn
|-sidestart|p1: lorelius gupta|move: Stealth Rock
|move|p1a: Ambatuthorn|Power Whip|p2a: Tyranitar
|-supereffective|p2a: Tyranitar
|-damage|p2a: Tyranitar|7/100
|
|-weather|Sandstorm|[upkeep]
|upkeep
|turn|2
|
|t:|1715361326
|move|p2a: Tyranitar|Low Kick|p1a: Ambatuthorn
|-supereffective|p1a: Ambatuthorn
|-damage|p1a: Ambatuthorn|57/100
|-damage|p2a: Tyranitar|0 fnt|[from] ability: Iron Barbs|[of] p1a: Ambatuthorn
|faint|p2a: Tyranitar
|move|p1a: Ambatuthorn|Stealth Rock|p2: Tyranitar
|-sidestart|p2: LeafStoned|move: Stealth Rock
|
|-weather|Sandstorm|[upkeep]
|upkeep
|
|t:|1715361329
|switch|p2a: Excadrill|Excadrill, M|100/100
|-damage|p2a: Excadrill|97/100|[from] Stealth Rock
|-item|p2a: Excadrill|Air Balloon
|turn|3
|
|t:|1715361347
|move|p2a: Excadrill|Swords Dance|p2a: Excadrill
|-boost|p2a: Excadrill|atk|2
|move|p1a: Ambatuthorn|Gyro Ball|p2a: Excadrill
|-resisted|p2a: Excadrill
|-damage|p2a: Excadrill|49/100
|-enditem|p2a: Excadrill|Air Balloon
|
|-weather|Sandstorm|[upkeep]
|upkeep
|turn|4
|
|t:|1715361366
|switch|p1a: PoliGOAT|Politoed, F|100/100
|-damage|p1a: PoliGOAT|88/100|[from] Stealth Rock
|-weather|RainDance|[from] ability: Drizzle|[of] p1a: PoliGOAT
|move|p2a: Excadrill|Rapid Spin|p1a: PoliGOAT
|-damage|p1a: PoliGOAT|67/100
|-sideend|p2: LeafStoned|Stealth Rock|[from] move: Rapid Spin|[of] p2a: Excadrill
|
|-weather|RainDance|[upkeep]
|upkeep
|turn|5
|
|t:|1715361372
|move|p1a: PoliGOAT|Hydro Pump|p2a: Excadrill
|-supereffective|p2a: Excadrill
|-damage|p2a: Excadrill|0 fnt
|faint|p2a: Excadrill
|
|-weather|RainDance|[upkeep]
|upkeep
|
|t:|1715361377
|switch|p2a: Reuniclus|Reuniclus, M|100/100
|turn|6
|
|t:|1715361385
|move|p1a: PoliGOAT|Hydro Pump|p2a: Reuniclus|[miss]
|-miss|p1a: PoliGOAT|p2a: Reuniclus
|move|p2a: Reuniclus|Thunder|p1a: PoliGOAT
|-supereffective|p1a: PoliGOAT
|-damage|p1a: PoliGOAT|0 fnt
|faint|p1a: PoliGOAT
|
|-weather|RainDance|[upkeep]
|upkeep
|
|t:|1715361402
|switch|p1a: Thundurus|Thundurus-Therian, M|100/100
|-damage|p1a: Thundurus|76/100|[from] Stealth Rock
|turn|7
|inactive|LeafStoned has 120 seconds left.
|inactive|LeafStoned has 90 seconds left.
|
|t:|1715361489
|move|p1a: Thundurus|Thunder|p2a: Reuniclus
|-damage|p2a: Reuniclus|37/100
|move|p2a: Reuniclus|Calm Mind|p2a: Reuniclus
|-boost|p2a: Reuniclus|spa|1
|-boost|p2a: Reuniclus|spd|1
|
|-weather|RainDance|[upkeep]
|-heal|p1a: Thundurus|82/100|[from] item: Leftovers
|-heal|p2a: Reuniclus|43/100|[from] item: Leftovers
|upkeep
|turn|8
|
|t:|1715361495
|move|p1a: Thundurus|Thunder|p2a: Reuniclus
|-damage|p2a: Reuniclus|0 fnt
|faint|p2a: Reuniclus
|
|-weather|RainDance|[upkeep]
|-heal|p1a: Thundurus|88/100|[from] item: Leftovers
|upkeep
|
|t:|1715361497
|switch|p2a: Alakazam|Alakazam, F|100/100
|turn|9
|
|t:|1715361505
|move|p2a: Alakazam|Psychic|p1a: Thundurus
|-damage|p1a: Thundurus|6/100
|move|p1a: Thundurus|Thunder|p2a: Alakazam
|-damage|p2a: Alakazam|0 fnt
|faint|p2a: Alakazam
|
|-weather|RainDance|[upkeep]
|-heal|p1a: Thundurus|12/100|[from] item: Leftovers
|upkeep
|
|t:|1715361509
|switch|p2a: Skarmory|Skarmory, M|100/100
|turn|10
|
|t:|1715361512
|move|p1a: Thundurus|Thunder|p2a: Skarmory
|-supereffective|p2a: Skarmory
|-ability|p2a: Skarmory|Sturdy
|-damage|p2a: Skarmory|1/100
|move|p2a: Skarmory|Whirlwind|p1a: Thundurus
|drag|p1a: Jirach!|Jirachi|100/100
|-damage|p1a: Jirach!|94/100|[from] Stealth Rock
|
|-weather|RainDance|[upkeep]
|-heal|p1a: Jirach!|100/100|[from] item: Leftovers
|upkeep
|turn|11
|
|t:|1715361526
|switch|p2a: Tangrowth|Tangrowth, F|100/100
|move|p1a: Jirach!|Hidden Power|p2a: Tangrowth
|-supereffective|p2a: Tangrowth
|-damage|p2a: Tangrowth|44/100
|
|-weather|RainDance|[upkeep]
|upkeep
|turn|12
|
|t:|1715361534
|move|p1a: Jirach!|Hidden Power|p2a: Tangrowth
|-supereffective|p2a: Tangrowth
|-damage|p2a: Tangrowth|0 fnt
|faint|p2a: Tangrowth
|
|-weather|RainDance|[upkeep]
|upkeep
|-message|LeafStoned forfeited.
|
|win|lorelius gupta
|raw|lorelius gupta's rating: 1339 &rarr; <strong>1358</strong><br />(+19 for winning)
|raw|LeafStoned's rating: 1322 &rarr; <strong>1303</strong><br />(-19 for losing)
|l|☆LeafStoned
|player|p2|
