|j|☆Melle2402
|j|☆MayconZ
|player|p1|Melle2402|23
|player|p2|MayconZ|264
|teamsize|p1|6
|teamsize|p2|6
|gametype|singles
|gen|5
|tier|[Gen 5] OU
|rated|
|rule|Sleep Clause Mod: Limit one foe put to sleep
|rule|Species Clause: Limit one of each Pokémon
|rule|OHKO Clause: OHKO moves are banned
|rule|Moody Clause: Moody is banned
|rule|Evasion Moves Clause: Evasion moves are banned
|rule|Endless Battle Clause: Forcing endless battles is banned
|rule|HP Percentage Mod: HP is shown in percentages
|rule|Evasion Abilities Clause: Evasion abilities are banned
|rule|Baton Pass Clause: Limit one Baton Passer, can't pass Spe and other stats simultaneously
|rule|Swagger Clause: Swagger is banned
|clearpoke
|poke|p1|Politoed, M|item
|poke|p1|Ferrothorn, F|item
|poke|p1|Tentacruel, M|item
|poke|p1|Thundurus-Therian, M|item
|poke|p1|Garchomp, M|item
|poke|p1|Latios, M|item
|poke|p2|Jirachi|item
|poke|p2|Scizor, M|item
|poke|p2|Politoed, M|item
|poke|p2|Toxicroak, M|item
|poke|p2|Dragonite, F|item
|poke|p2|Garchomp, M|item
|teampreview
|
|start
|switch|p1a: Politoed|Politoed, M|100/100
|switch|p2a: Toxicroak|Toxicroak, M|100/100
|-weather|RainDance|[from] ability: Drizzle|[of] p1a: Politoed
|turn|1
|
|switch|p2a: Politoed|Politoed, M, shiny|100/100
|move|p1a: Politoed|Psychic|p2a: Politoed
|-damage|p2a: Politoed|74/100
|
|-weather|RainDance|[upkeep]
|upkeep
|turn|2
|inactive|Battle timer is ON: inactive players will automatically lose when time's up. (requested by MayconZ)
|
|switch|p1a: Ferrothorn|Ferrothorn, F|100/100
|switch|p2a: Toxicroak|Toxicroak, M|100/100
|
|-weather|RainDance|[upkeep]
|upkeep
|turn|3
|
|move|p2a: Toxicroak|Swords Dance|p2a: Toxicroak
|-boost|p2a: Toxicroak|atk|2
|move|p1a: Ferrothorn|Stealth Rock|p2a: Toxicroak
|-sidestart|p2: MayconZ|move: Stealth Rock
|
|-weather|RainDance|[upkeep]
|upkeep
|turn|4
|
|switch|p1a: Latios|Latios, M|100/100
|move|p2a: Toxicroak|Drain Punch|p1a: Latios
|-resisted|p1a: Latios
|-damage|p1a: Latios|40/100
|-damage|p2a: Toxicroak|91/100|[from] item: Life Orb
|
|-weather|RainDance|[upkeep]
|-heal|p2a: Toxicroak|100/100|[from] ability: Dry Skin
|upkeep
|turn|5
|
|switch|p1a: Politoed|Politoed, M|100/100
|move|p2a: Toxicroak|Ice Punch|p1a: Politoed
|-resisted|p1a: Politoed
|-damage|p1a: Politoed|58/100
|-damage|p2a: Toxicroak|91/100|[from] item: Life Orb
|
|-weather|RainDance|[upkeep]
|-heal|p2a: Toxicroak|100/100|[from] ability: Dry Skin
|upkeep
|turn|6
|inactive|Melle2402 has 120 seconds left.
|
|move|p2a: Toxicroak|Sucker Punch|p1a: Politoed
|-damage|p1a: Politoed|0 fnt
|-damage|p2a: Toxicroak|91/100|[from] item: Life Orb
|faint|p1a: Politoed
|
|-weather|RainDance|[upkeep]
|-heal|p2a: Toxicroak|100/100|[from] ability: Dry Skin
|upkeep
|
|switch|p1a: Garchomp|Garchomp, M, shiny|100/100
|turn|7
|
|switch|p2a: Politoed|Politoed, M, shiny|74/100
|-damage|p2a: Politoed|61/100|[from] Stealth Rock
|move|p1a: Garchomp|Earthquake|p2a: Politoed
|-damage|p2a: Politoed|0 fnt
|faint|p2a: Politoed
|
|-weather|RainDance|[upkeep]
|upkeep
|
|switch|p2a: Dragonite|Dragonite, F|100/100
|-damage|p2a: Dragonite|75/100|[from] Stealth Rock
|turn|8
|inactive|Melle2402 has 120 seconds left.
|inactive|Melle2402 has 90 seconds left.
|inactive|Melle2402 has 60 seconds left.
|
|switch|p2a: Scizor|Scizor, M|100/100
|-damage|p2a: Scizor|88/100|[from] Stealth Rock
|move|p1a: Garchomp|Dragon Claw|p2a: Scizor
|-resisted|p2a: Scizor
|-damage|p2a: Scizor|62/100
|
|-weather|RainDance|[upkeep]
|upkeep
|turn|9
|
|switch|p2a: Garchomp|Garchomp, M|100/100
|-damage|p2a: Garchomp|94/100|[from] Stealth Rock
|move|p1a: Garchomp|Earthquake|p2a: Garchomp
|-damage|p2a: Garchomp|45/100
|
|-weather|RainDance|[upkeep]
|upkeep
|turn|10
|inactive|Melle2402 has 60 seconds left.
|
|switch|p1a: Ferrothorn|Ferrothorn, F|100/100
|move|p2a: Garchomp|Earthquake|p1a: Ferrothorn
|-damage|p1a: Ferrothorn|65/100
|
|-weather|RainDance|[upkeep]
|-heal|p1a: Ferrothorn|71/100|[from] item: Leftovers
|upkeep
|turn|11
|
|move|p2a: Garchomp|Swords Dance|p2a: Garchomp
|-boost|p2a: Garchomp|atk|2
|move|p1a: Ferrothorn|Leech Seed|p2a: Garchomp
|-start|p2a: Garchomp|move: Leech Seed
|
|-weather|RainDance|[upkeep]
|-heal|p1a: Ferrothorn|77/100|[from] item: Leftovers
|-damage|p2a: Garchomp|33/100|[from] Leech Seed|[of] p1a: Ferrothorn
|-heal|p1a: Ferrothorn|89/100|[silent]
|upkeep
|turn|12
|
|switch|p1a: Latios|Latios, M|40/100
|move|p2a: Garchomp|Outrage|p1a: Latios
|-supereffective|p1a: Latios
|-damage|p1a: Latios|0 fnt
|faint|p1a: Latios
|
|-weather|RainDance|[upkeep]
|upkeep
|
|switch|p1a: Ferrothorn|Ferrothorn, F|89/100
|turn|13
|
|move|p2a: Garchomp|Outrage|p1a: Ferrothorn|[from]lockedmove
|-resisted|p1a: Ferrothorn
|-damage|p1a: Ferrothorn|47/100
|-damage|p2a: Garchomp|21/100|[from] ability: Iron Barbs|[of] p1a: Ferrothorn
|-start|p2a: Garchomp|confusion|[fatigue]
|move|p1a: Ferrothorn|Spikes|p2a: Garchomp
|-sidestart|p2: MayconZ|Spikes
|
|-weather|RainDance|[upkeep]
|-heal|p1a: Ferrothorn|53/100|[from] item: Leftovers
|-damage|p2a: Garchomp|8/100|[from] Leech Seed|[of] p1a: Ferrothorn
|-heal|p1a: Ferrothorn|65/100|[silent]
|upkeep
|turn|14
|
|-activate|p2a: Garchomp|confusion
|move|p2a: Garchomp|Earthquake|p1a: Ferrothorn
|-damage|p1a: Ferrothorn|0 fnt
|faint|p1a: Ferrothorn
|
|-weather|RainDance|[upkeep]
|upkeep
|inactive|Melle2402 has 90 seconds left.
|
|switch|p1a: Tentacruel|Tentacruel, M|100/100
|turn|15
|
|move|p1a: Tentacruel|Protect|p1a: Tentacruel
|-singleturn|p1a: Tentacruel|Protect
|-end|p2a: Garchomp|confusion
|move|p2a: Garchomp|Earthquake|p1a: Tentacruel
|-activate|p1a: Tentacruel|move: Protect
|
|-weather|RainDance|[upkeep]
|-damage|p2a: Garchomp|0 fnt|[from] Leech Seed|[of] p1a: Tentacruel
|faint|p2a: Garchomp
|upkeep
|
|switch|p2a: Jirachi|Jirachi|100/100
|-damage|p2a: Jirachi|88/100|[from] Spikes
|-damage|p2a: Jirachi|82/100|[from] Stealth Rock
|turn|16
|inactive|Melle2402 has 90 seconds left.
|
|move|p2a: Jirachi|Thunder|p1a: Tentacruel
|-supereffective|p1a: Tentacruel
|-damage|p1a: Tentacruel|42/100
|-status|p1a: Tentacruel|par
|cant|p1a: Tentacruel|par
|
|-weather|RainDance|[upkeep]
|-heal|p1a: Tentacruel|49/100 par|[from] ability: Rain Dish
|-heal|p1a: Tentacruel|55/100 par|[from] item: Black Sludge
|upkeep
|turn|17
|c|☆Melle2402|Wp
|
|switch|p2a: Toxicroak|Toxicroak, M|100/100
|-damage|p2a: Toxicroak|88/100|[from] Spikes
|-damage|p2a: Toxicroak|82/100|[from] Stealth Rock
|move|p1a: Tentacruel|Scald|p2a: Toxicroak
|-heal|p2a: Toxicroak|100/100|[from] ability: Dry Skin|[of] p1a: Tentacruel
|
|-weather|RainDance|[upkeep]
|-heal|p1a: Tentacruel|61/100 par|[from] ability: Rain Dish
|-heal|p1a: Tentacruel|67/100 par|[from] item: Black Sludge
|upkeep
|turn|18
|
|switch|p1a: Garchomp|Garchomp, M, shiny|100/100
|move|p2a: Toxicroak|Ice Punch|p1a: Garchomp
|-supereffective|p1a: Garchomp
|-enditem|p1a: Garchomp|Yache Berry|[eat]
|-enditem|p1a: Garchomp|Yache Berry|[weaken]
|-damage|p1a: Garchomp|39/100
|-damage|p2a: Toxicroak|88/100|[from] ability: Rough Skin|[of] p1a: Garchomp
|-damage|p2a: Toxicroak|78/100|[from] item: Life Orb
|
|-weather|RainDance|[upkeep]
|-heal|p2a: Toxicroak|91/100|[from] ability: Dry Skin
|upkeep
|turn|19
|inactive|Melle2402 has 90 seconds left.
|
|move|p2a: Toxicroak|Sucker Punch|p1a: Garchomp
|-damage|p1a: Garchomp|6/100
|-damage|p2a: Toxicroak|78/100|[from] ability: Rough Skin|[of] p1a: Garchomp
|-damage|p2a: Toxicroak|68/100|[from] item: Life Orb
|move|p1a: Garchomp|Earthquake|p2a: Toxicroak
|-supereffective|p2a: Toxicroak
|-damage|p2a: Toxicroak|0 fnt
|faint|p2a: Toxicroak
|
|-weather|RainDance|[upkeep]
|upkeep
|
|switch|p2a: Jirachi|Jirachi|82/100
|-damage|p2a: Jirachi|76/100|[from] Stealth Rock
|-damage|p2a: Jirachi|64/100|[from] Spikes
|turn|20
|
|move|p1a: Garchomp|Earthquake|p2a: Jirachi
|-supereffective|p2a: Jirachi
|-enditem|p2a: Jirachi|Shuca Berry|[eat]
|-enditem|p2a: Jirachi|Shuca Berry|[weaken]
|-damage|p2a: Jirachi|14/100
|move|p2a: Jirachi|Hidden Power|p1a: Garchomp
|-supereffective|p1a: Garchomp
|-damage|p1a: Garchomp|0 fnt
|faint|p1a: Garchomp
|
|-weather|RainDance|[upkeep]
|upkeep
|
|switch|p1a: Thundurus|Thundurus-Therian, M|100/100
|turn|21
|
|move|p2a: Jirachi|Hidden Power|p1a: Thundurus
|-supereffective|p1a: Thundurus
|-damage|p1a: Thundurus|45/100
|move|p1a: Thundurus|Thunder|p2a: Jirachi
|-damage|p2a: Jirachi|0 fnt
|faint|p2a: Jirachi
|
|-weather|RainDance|[upkeep]
|upkeep
|
|switch|p2a: Dragonite|Dragonite, F|75/100
|-damage|p2a: Dragonite|50/100|[from] Stealth Rock
|turn|22
|j| XanderTTheTogepi
|inactive|Melle2402 has 120 seconds left.
|c|☆Melle2402|Well i guess this fp on tenta saved your ass
|
|switch|p1a: Tentacruel|Tentacruel, M|67/100 par
|move|p2a: Dragonite|Extreme Speed|p1a: Tentacruel
|-damage|p1a: Tentacruel|17/100 par
|
|-weather|RainDance|[upkeep]
|-heal|p1a: Tentacruel|23/100 par|[from] ability: Rain Dish
|-heal|p1a: Tentacruel|30/100 par|[from] item: Black Sludge
|upkeep
|turn|23
|c|☆MayconZ|dont cry
|
|cant|p1a: Tentacruel|par
|move|p2a: Dragonite|Extreme Speed|p1a: Tentacruel
|-damage|p1a: Tentacruel|0 fnt
|faint|p1a: Tentacruel
|
|-weather|RainDance|[upkeep]
|upkeep
|
|switch|p1a: Thundurus|Thundurus-Therian, M|45/100
|turn|24
|
|move|p2a: Dragonite|Extreme Speed|p1a: Thundurus
|-damage|p1a: Thundurus|0 fnt
|faint|p1a: Thundurus
|
|win|MayconZ
|raw|Melle2402's rating: 1346 &rarr; <strong>1325</strong><br />(-21 for losing)
|raw|MayconZ's rating: 1331 &rarr; <strong>1352</strong><br />(+21 for winning)
|c|☆Melle2402|Lmao
|c|☆Melle2402|good plsyer
|l| XanderTTheTogepi
