|join|Volta
|join|smogon smd
|player|p1|Volta|2
|player|p2|smogon smd|102
|gametype|singles
|gen|5
|tier|[Gen 5] OU
|rated
|rule|Evasion Abilities Clause: Evasion abilities are banned
|clearpoke
|poke|p1|Dragonite, F
|poke|p1|Keldeo
|poke|p1|Scizor, M
|poke|p1|Terrakion
|poke|p1|Latios, M
|poke|p1|Garchomp, F
|poke|p2|Ninetales, F
|poke|p2|Forretress, F
|poke|p2|Salamence, M
|poke|p2|Jellicent, M
|poke|p2|Infernape, M
|poke|p2|Lilligant, F
|rule|Sleep Clause Mod: Limit one foe put to sleep
|rule|Species Clause: Limit one of each Pokemon
|rule|OHKO Clause: OHKO moves are banned
|rule|Moody Clause: Moody is banned
|rule|Evasion Moves Clause: Evasion moves are banned
|rule|Endless Battle Clause: Forcing endless battles is banned.
|rule|HP Percentage Mod: HP is reported as percentages
|teampreview
|
|start
|switch|p1a: Terrakion|Terrakion|323/323
|switch|p2a: Ninetales|Ninetales, F|349/349
|-weather|SunnyDay|[from] ability: Drought|[of] p2a: Ninetales
|turn|1
|
|switch|p2a: Forretress|Forretress, F|354/354
|move|p1a: Terrakion|Substitute|p1a: Terrakion
|-start|p1a: Terrakion|Substitute
|-damage|p1a: Terrakion|243/323
|
|-weather|SunnyDay|[upkeep]
|turn|2
|
|move|p1a: Terrakion|Swords Dance|p1a: Terrakion
|-boost|p1a: Terrakion|atk|2
|move|p2a: Forretress|Stealth Rock|p1a: Terrakion
|-sidestart|p1: Volta|move: Stealth Rock
|
|-weather|SunnyDay|[upkeep]
|turn|3
|
|move|p1a: Terrakion|Stone Edge|p2a: Forretress|[miss]
|-miss|p1a: Terrakion|p2a: Forretress
|move|p2a: Forretress|Gyro Ball|p1a: Terrakion
|-supereffective|p1a: Terrakion
|-end|p1a: Terrakion|Substitute
|
|-weather|SunnyDay|[upkeep]
|turn|4
|chat|smogon smd|sowwy
|
|move|p1a: Terrakion|Stone Edge|p2a: Forretress
|-enditem|p1a: Terrakion|Rock Gem|[from] gem|[move] Stone Edge
|-crit|p2a: Forretress
|-activate|p2a: Forretress|Sturdy
|-damage|p2a: Forretress|1/354
|move|p2a: Forretress|Gyro Ball|p1a: Terrakion
|-supereffective|p1a: Terrakion
|-damage|p1a: Terrakion|0 fnt
|faint|p1a: Terrakion
|
|-weather|SunnyDay|[upkeep]
|-heal|p2a: Forretress|23/354|[from] item: Leftovers
|
|switch|p1a: Garchomp|Garchomp, F|358/358
|-damage|p1a: Garchomp|336/358|[from] Stealth Rock
|turn|5
|
|move|p1a: Garchomp|Stealth Rock|p2a: Forretress
|-sidestart|p2: smogon smd|move: Stealth Rock
|move|p2a: Forretress|Gyro Ball|p1a: Garchomp
|-crit|p1a: Garchomp
|-damage|p1a: Garchomp|81/358
|-damage|p2a: Forretress|0 fnt|[from] ability: Rough Skin|[of] p1a: Garchomp
|faint|p2a: Forretress
|
|-weather|SunnyDay|[upkeep]
|
|switch|p2a: Lilligant|Lilligant, F|281/281
|-damage|p2a: Lilligant|246/281|[from] Stealth Rock
|turn|6
|
|switch|p1a: Scizor|Scizor, M|343/343
|-damage|p1a: Scizor|301/343|[from] Stealth Rock
|move|p2a: Lilligant|Giga Drain|p1a: Scizor
|-resisted|p1a: Scizor
|-damage|p1a: Scizor|249/343
|-heal|p2a: Lilligant|272/281|[from] drain|[of] p1a: Scizor
|-damage|p2a: Lilligant|244/281|[from] item: Life Orb
|
|-weather|SunnyDay|[upkeep]
|turn|7
|
|switch|p2a: Jellicent|Jellicent, M|404/404
|-damage|p2a: Jellicent|354/404|[from] Stealth Rock
|switch|p1a: Garchomp|Garchomp, F|81/358
|-damage|p1a: Garchomp|59/358|[from] Stealth Rock
|
|-weather|SunnyDay|[upkeep]
|-heal|p2a: Jellicent|379/404|[from] item: Leftovers
|turn|8
|
|switch|p2a: Ninetales|Ninetales, F|349/349
|-damage|p2a: Ninetales|262/349|[from] Stealth Rock
|move|p1a: Garchomp|Earthquake|p2a: Ninetales
|-supereffective|p2a: Ninetales
|-damage|p2a: Ninetales|0 fnt
|faint|p2a: Ninetales
|
|-weather|SunnyDay|[upkeep]
|
|switch|p2a: Lilligant|Lilligant, F|244/281
|-damage|p2a: Lilligant|209/281|[from] Stealth Rock
|turn|9
|
|move|p2a: Lilligant|Giga Drain|p1a: Garchomp
|-damage|p1a: Garchomp|0 fnt
|-heal|p2a: Lilligant|239/281|[from] drain|[of] p1a: Garchomp
|-damage|p2a: Lilligant|211/281|[from] item: Life Orb
|faint|p1a: Garchomp
|
|-weather|SunnyDay|[upkeep]
|
|switch|p1a: Dragonite|Dragonite, F|338/338
|-damage|p1a: Dragonite|254/338|[from] Stealth Rock
|turn|10
|
|move|p1a: Dragonite|Extreme Speed|p2a: Lilligant
|-damage|p2a: Lilligant|19/281
|move|p2a: Lilligant|Hidden Power|p1a: Dragonite
|-supereffective|p1a: Dragonite
|-damage|p1a: Dragonite|59/338
|-damage|p2a: Lilligant|0 fnt|[from] item: Life Orb
|faint|p2a: Lilligant
|
|-weather|SunnyDay|[upkeep]
|
|switch|p2a: Jellicent|Jellicent, M|379/404
|-damage|p2a: Jellicent|329/404|[from] Stealth Rock
|turn|11
|
|move|p1a: Dragonite|Extreme Speed|p2a: Jellicent
|-immune|p2a: Jellicent|[msg]
|move|p2a: Jellicent|Shadow Ball|p1a: Dragonite
|-damage|p1a: Dragonite|0 fnt
|faint|p1a: Dragonite
|
|-weather|SunnyDay|[upkeep]
|-heal|p2a: Jellicent|354/404|[from] item: Leftovers
|
|switch|p1a: Scizor|Scizor, M|249/343
|-damage|p1a: Scizor|207/343|[from] Stealth Rock
|turn|12
|
|move|p2a: Jellicent|Will-O-Wisp|p1a: Scizor
|-status|p1a: Scizor|brn
|move|p1a: Scizor|Pursuit|p2a: Jellicent
|-supereffective|p2a: Jellicent
|-damage|p2a: Jellicent|232/404
|
|-weather|SunnyDay|[upkeep]
|-heal|p2a: Jellicent|257/404|[from] item: Leftovers
|-damage|p1a: Scizor|165/343 brn|[from] brn
|turn|13
|
|move|p2a: Jellicent|Recover|p2a: Jellicent
|-heal|p2a: Jellicent|404/404
|move|p1a: Scizor|Pursuit|p2a: Jellicent
|-supereffective|p2a: Jellicent
|-damage|p2a: Jellicent|282/404
|
|-weather|SunnyDay|[upkeep]
|-heal|p2a: Jellicent|307/404|[from] item: Leftovers
|-damage|p1a: Scizor|123/343 brn|[from] brn
|turn|14
|
|move|p2a: Jellicent|Recover|p2a: Jellicent
|-heal|p2a: Jellicent|404/404
|move|p1a: Scizor|Pursuit|p2a: Jellicent
|-supereffective|p2a: Jellicent
|-damage|p2a: Jellicent|284/404
|
|-weather|SunnyDay|[upkeep]
|-heal|p2a: Jellicent|309/404|[from] item: Leftovers
|-damage|p1a: Scizor|81/343 brn|[from] brn
|turn|15
|
|move|p2a: Jellicent|Recover|p2a: Jellicent
|-heal|p2a: Jellicent|404/404
|move|p1a: Scizor|Pursuit|p2a: Jellicent
|-supereffective|p2a: Jellicent
|-damage|p2a: Jellicent|280/404
|
|-weather|SunnyDay|[upkeep]
|-heal|p2a: Jellicent|305/404|[from] item: Leftovers
|-damage|p1a: Scizor|39/343 brn|[from] brn
|turn|16
|
|move|p2a: Jellicent|Shadow Ball|p1a: Scizor
|-resisted|p1a: Scizor
|-damage|p1a: Scizor|0 fnt
|faint|p1a: Scizor
|
|-weather|SunnyDay|[upkeep]
|-heal|p2a: Jellicent|330/404|[from] item: Leftovers
|
|switch|p1a: Keldeo|Keldeo|347/347
|-damage|p1a: Keldeo|326/347|[from] Stealth Rock
|turn|17
|
|move|p1a: Keldeo|Hidden Power|p2a: Jellicent
|-supereffective|p2a: Jellicent
|-damage|p2a: Jellicent|156/404
|move|p2a: Jellicent|Shadow Ball|p1a: Keldeo
|-damage|p1a: Keldeo|239/347
|-unboost|p1a: Keldeo|spd|1
|
|-weather|SunnyDay|[upkeep]
|-heal|p2a: Jellicent|181/404|[from] item: Leftovers
|turn|18
|
|move|p1a: Keldeo|Hidden Power|p2a: Jellicent
|-supereffective|p2a: Jellicent
|-damage|p2a: Jellicent|19/404
|move|p2a: Jellicent|Recover|p2a: Jellicent
|-heal|p2a: Jellicent|221/404
|
|-weather|SunnyDay|[upkeep]
|-heal|p2a: Jellicent|246/404|[from] item: Leftovers
|turn|19
|
|move|p1a: Keldeo|Hidden Power|p2a: Jellicent
|-supereffective|p2a: Jellicent
|-damage|p2a: Jellicent|68/404
|move|p2a: Jellicent|Recover|p2a: Jellicent
|-heal|p2a: Jellicent|270/404
|
|-weather|SunnyDay|[upkeep]
|-heal|p2a: Jellicent|295/404|[from] item: Leftovers
|turn|20
|chat|smogon smd|inb4 crit
|
|move|p1a: Keldeo|Hidden Power|p2a: Jellicent
|-supereffective|p2a: Jellicent
|-damage|p2a: Jellicent|123/404
|move|p2a: Jellicent|Recover|p2a: Jellicent
|-heal|p2a: Jellicent|325/404
|
|-weather|SunnyDay|[upkeep]
|-heal|p2a: Jellicent|350/404|[from] item: Leftovers
|turn|21
|
|move|p1a: Keldeo|Hidden Power|p2a: Jellicent
|-crit|p2a: Jellicent
|-supereffective|p2a: Jellicent
|-damage|p2a: Jellicent|20/404
|move|p2a: Jellicent|Shadow Ball|p1a: Keldeo
|-damage|p1a: Keldeo|107/347
|
|-weather|SunnyDay|[upkeep]
|-heal|p2a: Jellicent|45/404|[from] item: Leftovers
|turn|22
|chat|smogon smd|im pro
|chat|smogon smd|crit wise
|
|switch|p2a: Infernape|Infernape, M|293/293
|-damage|p2a: Infernape|257/293|[from] Stealth Rock
|move|p1a: Keldeo|Hidden Power|p2a: Infernape
|-damage|p2a: Infernape|146/293
|
|-weather|SunnyDay|[upkeep]
|turn|23
|
|move|p2a: Infernape|Flare Blitz|p1a: Keldeo
|-resisted|p1a: Keldeo
|-damage|p1a: Keldeo|0 fnt
|-damage|p2a: Infernape|111/293|[from] recoil|[of] p1a: Keldeo
|faint|p1a: Keldeo
|
|-weather|SunnyDay|[upkeep]
|
|switch|p1a: Latios|Latios, M|302/302
|-damage|p1a: Latios|265/302|[from] Stealth Rock
|turn|24
|
|switch|p2a: Jellicent|Jellicent, M|45/404
|-damage|p2a: Jellicent|0 fnt|[from] Stealth Rock
|faint|p2a: Jellicent
|move|p1a: Latios|Surf|p2: Jellicent|[notarget]
|-notarget
|
|-weather|SunnyDay|[upkeep]
|
|switch|p2a: Infernape|Infernape, M|111/293
|-damage|p2a: Infernape|75/293|[from] Stealth Rock
|turn|25
|
|move|p2a: Infernape|U-turn|p1a: Latios
|-supereffective|p1a: Latios
|-damage|p1a: Latios|77/302
|chat|smogon smd|yay
|
|switch|p2a: Salamence|Salamence, M|331/331
|-damage|p2a: Salamence|249/331|[from] Stealth Rock
|move|p1a: Latios|Recover|p1a: Latios
|-heal|p1a: Latios|228/302
|
|-weather|SunnyDay|[upkeep]
|turn|26
|chat|smogon smd|nvm :D
|
|move|p1a: Latios|Draco Meteor|p2a: Salamence
|-supereffective|p2a: Salamence
|-damage|p2a: Salamence|0 fnt
|-unboost|p1a: Latios|spa|2
|faint|p2a: Salamence
|
|-weather|SunnyDay|[upkeep]
|
|switch|p2a: Infernape|Infernape, M|75/293
|-damage|p2a: Infernape|39/293|[from] Stealth Rock
|turn|27
|
|move|p2a: Infernape|Flare Blitz|p1a: Latios
|-resisted|p1a: Latios
|-damage|p1a: Latios|0 fnt
|-damage|p2a: Infernape|0 fnt|[from] recoil|[of] p1a: Latios
|faint|p1a: Latios
|faint|p2a: Infernape
|
|tie
|raw|Ladder updating...
|raw|Volta's rating: 1329 &rarr; <strong>1328</strong><br />(-1 for tying)
|raw|smogon smd's rating: 1314 &rarr; <strong>1314</strong><br />(+0 for tying)
|chat|smogon smd|gg
|leave|Volta
|player|p1