|j|☆el janitor
|j|☆B1kharma
|t:|1707333088
|gametype|singles
|player|p1|el janitor|102|1378
|player|p2|B1kharma|#wcop2023belgium|1427
|teamsize|p1|6
|teamsize|p2|6
|gen|5
|tier|[Gen 5] OU
|rated|
|rule|Species Clause: Limit one of each Pokémon
|rule|OHKO Clause: OHKO moves are banned
|rule|Moody Clause: Moody is banned
|rule|Evasion Items Clause: Evasion items are banned
|rule|Evasion Moves Clause: Evasion moves are banned
|rule|Endless Battle Clause: Forcing endless battles is banned
|rule|HP Percentage Mod: HP is shown in percentages
|rule|Evasion Abilities Clause: Evasion abilities are banned
|rule|Sleep Moves Clause: Sleep-inducing moves are banned
|rule|Swagger Clause: Swagger is banned
|rule|Baton Pass Stat Clause: No Baton Passer may have a way to boost its stats
|clearpoke
|poke|p1|Mamoswine, M|item
|poke|p1|Abomasnow, M|item
|poke|p1|Forretress, F|item
|poke|p1|Kyurem-Black|item
|poke|p1|Breloom, F|item
|poke|p1|Mandibuzz, F|item
|poke|p2|Tyranitar, M|item
|poke|p2|Landorus-Therian, M|item
|poke|p2|Excadrill, M|item
|poke|p2|Rotom-Wash|item
|poke|p2|Celebi|item
|poke|p2|Terrakion|item
|teampreview
|inactive|Battle timer is ON: inactive players will automatically lose when time's up. (requested by B1kharma)
|inactive|el janitor also wants the timer to be on.
|inactive|B1kharma has 120 seconds left.
|
|t:|1707333127
|start
|switch|p1a: Breloom|Breloom, F|100/100
|switch|p2a: Rotom|Rotom-Wash|100/100
|turn|1
|
|t:|1707333133
|switch|p2a: Celebi|Celebi|100/100
|move|p1a: Breloom|Bullet Seed|p2a: Celebi
|-resisted|p2a: Celebi
|-damage|p2a: Celebi|87/100
|-resisted|p2a: Celebi
|-crit|p2a: Celebi
|-damage|p2a: Celebi|58/100
|-hitcount|p2a: Celebi|2
|
|-heal|p2a: Celebi|65/100|[from] item: Leftovers
|upkeep
|turn|2
|
|t:|1707333136
|switch|p1a: Mandibuzz|Mandibuzz, F|100/100
|move|p2a: Celebi|Recover|p2a: Celebi
|-heal|p2a: Celebi|100/100
|
|upkeep
|turn|3
|
|t:|1707333138
|move|p2a: Celebi|Substitute|p2a: Celebi
|-start|p2a: Celebi|Substitute
|-damage|p2a: Celebi|75/100
|move|p1a: Mandibuzz|U-turn|p2a: Celebi
|-supereffective|p2a: Celebi
|-end|p2a: Celebi|Substitute
|inactive|el janitor has 120 seconds left.
|
|t:|1707333170
|switch|p1a: Mamoswine|Mamoswine, M|100/100|[from] U-turn
|
|-heal|p2a: Celebi|82/100|[from] item: Leftovers
|upkeep
|turn|4
|
|t:|1707333176
|switch|p1a: Abomasnow|Abomasnow, M|100/100
|-weather|Hail|[from] ability: Snow Warning|[of] p1a: Abomasnow
|switch|p2a: Rotom|Rotom-Wash|100/100
|
|-weather|Hail|[upkeep]
|-damage|p2a: Rotom|95/100|[from] Hail
|-heal|p2a: Rotom|100/100|[from] item: Leftovers
|upkeep
|turn|5
|
|t:|1707333187
|switch|p2a: Tyranitar|Tyranitar, M|100/100
|-weather|Sandstorm|[from] ability: Sand Stream|[of] p2a: Tyranitar
|switch|p1a: Forretress|Forretress, F|100/100
|
|-weather|Sandstorm|[upkeep]
|upkeep
|turn|6
|
|t:|1707333192
|move|p2a: Tyranitar|Fire Blast|p1a: Forretress|[miss]
|-miss|p2a: Tyranitar|p1a: Forretress
|move|p1a: Forretress|Toxic Spikes|p2a: Tyranitar
|-sidestart|p2: B1kharma|move: Toxic Spikes
|
|-weather|Sandstorm|[upkeep]
|upkeep
|turn|7
|
|t:|1707333199
|switch|p2a: Rotom|Rotom-Wash|100/100
|switch|p1a: Mandibuzz|Mandibuzz, F|100/100
|
|-weather|Sandstorm|[upkeep]
|-damage|p2a: Rotom|95/100|[from] Sandstorm
|-heal|p2a: Rotom|100/100|[from] item: Leftovers
|upkeep
|turn|8
|
|t:|1707333205
|switch|p1a: Forretress|Forretress, F|100/100
|move|p2a: Rotom|Will-O-Wisp|p1a: Forretress
|-status|p1a: Forretress|brn
|
|-weather|Sandstorm|[upkeep]
|-damage|p2a: Rotom|95/100|[from] Sandstorm
|-heal|p2a: Rotom|100/100|[from] item: Leftovers
|-damage|p1a: Forretress|88/100 brn|[from] brn
|upkeep
|turn|9
|
|t:|1707333211
|move|p2a: Rotom|Volt Switch|p1a: Forretress
|-damage|p1a: Forretress|53/100 brn
|
|t:|1707333214
|switch|p2a: Celebi|Celebi|82/100|[from] Volt Switch
|-status|p2a: Celebi|psn
|move|p1a: Forretress|Toxic Spikes|p2a: Celebi
|-sidestart|p2: B1kharma|move: Toxic Spikes
|
|-weather|Sandstorm|[upkeep]
|-damage|p2a: Celebi|75/100 psn|[from] Sandstorm
|-heal|p2a: Celebi|82/100 psn|[from] item: Leftovers
|-heal|p1a: Forretress|59/100 brn|[from] item: Leftovers
|-damage|p2a: Celebi|69/100 psn|[from] psn
|-damage|p1a: Forretress|47/100 brn|[from] brn
|upkeep
|turn|10
|
|t:|1707333220
|switch|p1a: Mandibuzz|Mandibuzz, F|100/100
|move|p2a: Celebi|Substitute|p2a: Celebi
|-start|p2a: Celebi|Substitute
|-damage|p2a: Celebi|44/100 psn
|
|-weather|Sandstorm|[upkeep]
|-damage|p2a: Celebi|38/100 psn|[from] Sandstorm
|-heal|p2a: Celebi|44/100 psn|[from] item: Leftovers
|-damage|p2a: Celebi|32/100 psn|[from] psn
|upkeep
|turn|11
|
|t:|1707333223
|move|p2a: Celebi|Recover|p2a: Celebi
|-heal|p2a: Celebi|82/100 psn
|move|p1a: Mandibuzz|U-turn|p2a: Celebi
|-supereffective|p2a: Celebi
|-end|p2a: Celebi|Substitute
|
|t:|1707333228
|switch|p1a: Mamoswine|Mamoswine, M|100/100|[from] U-turn
|
|-weather|Sandstorm|[upkeep]
|-damage|p2a: Celebi|76/100 psn|[from] Sandstorm
|-heal|p2a: Celebi|82/100 psn|[from] item: Leftovers
|-damage|p2a: Celebi|70/100 psn|[from] psn
|upkeep
|turn|12
|
|t:|1707333236
|switch|p1a: Abomasnow|Abomasnow, M|100/100
|-weather|Hail|[from] ability: Snow Warning|[of] p1a: Abomasnow
|-curestatus|p2a: Celebi|psn|[from] ability: Natural Cure
|switch|p2a: Rotom|Rotom-Wash|100/100
|
|-weather|Hail|[upkeep]
|-damage|p2a: Rotom|95/100|[from] Hail
|-heal|p2a: Rotom|100/100|[from] item: Leftovers
|upkeep
|turn|13
|
|t:|1707333245
|switch|p2a: Tyranitar|Tyranitar, M|100/100
|-status|p2a: Tyranitar|tox
|-weather|Sandstorm|[from] ability: Sand Stream|[of] p2a: Tyranitar
|move|p1a: Abomasnow|Wood Hammer|p2a: Tyranitar
|-supereffective|p2a: Tyranitar
|-damage|p2a: Tyranitar|29/100 tox
|-damage|p1a: Abomasnow|75/100|[from] Recoil
|
|-weather|Sandstorm|[upkeep]
|-damage|p1a: Abomasnow|69/100|[from] Sandstorm
|-heal|p1a: Abomasnow|75/100|[from] item: Leftovers
|-damage|p2a: Tyranitar|22/100 tox|[from] psn
|upkeep
|turn|14
|
|t:|1707333257
|switch|p1a: Forretress|Forretress, F|47/100 brn
|switch|p2a: Landorus|Landorus-Therian, M|100/100
|-ability|p2a: Landorus|Intimidate|boost
|-unboost|p1a: Forretress|atk|1
|
|-weather|Sandstorm|[upkeep]
|-heal|p1a: Forretress|53/100 brn|[from] item: Leftovers
|-damage|p1a: Forretress|41/100 brn|[from] brn
|upkeep
|turn|15
|
|t:|1707333263
|move|p2a: Landorus|Stealth Rock|p1a: Forretress
|-sidestart|p1: el janitor|move: Stealth Rock
|move|p1a: Forretress|Rapid Spin|p2a: Landorus
|-damage|p2a: Landorus|99/100
|-sideend|p1: el janitor|Stealth Rock|[from] move: Rapid Spin|[of] p1a: Forretress
|
|-weather|Sandstorm|[upkeep]
|-heal|p2a: Landorus|100/100|[from] item: Leftovers
|-heal|p1a: Forretress|47/100 brn|[from] item: Leftovers
|-damage|p1a: Forretress|34/100 brn|[from] brn
|upkeep
|turn|16
|
|t:|1707333267
|move|p2a: Landorus|Stealth Rock|p1a: Forretress
|-sidestart|p1: el janitor|move: Stealth Rock
|move|p1a: Forretress|Stealth Rock|p2a: Landorus
|-sidestart|p2: B1kharma|move: Stealth Rock
|
|-weather|Sandstorm|[upkeep]
|-heal|p1a: Forretress|41/100 brn|[from] item: Leftovers
|-damage|p1a: Forretress|28/100 brn|[from] brn
|upkeep
|turn|17
|
|t:|1707333269
|move|p2a: Landorus|Earthquake|p1a: Forretress
|-damage|p1a: Forretress|0 fnt
|faint|p1a: Forretress
|
|-weather|Sandstorm|[upkeep]
|upkeep
|
|t:|1707333277
|switch|p1a: Kyurem|Kyurem-Black|100/100
|-damage|p1a: Kyurem|76/100|[from] Stealth Rock
|-ability|p1a: Kyurem|Teravolt
|turn|18
|
|t:|1707333281
|switch|p2a: Rotom|Rotom-Wash|100/100
|-damage|p2a: Rotom|88/100|[from] Stealth Rock
|move|p1a: Kyurem|Substitute|p1a: Kyurem
|-start|p1a: Kyurem|Substitute
|-damage|p1a: Kyurem|51/100
|
|-weather|Sandstorm|[upkeep]
|-damage|p1a: Kyurem|45/100|[from] Sandstorm
|-damage|p2a: Rotom|82/100|[from] Sandstorm
|-heal|p1a: Kyurem|51/100|[from] item: Leftovers
|-heal|p2a: Rotom|88/100|[from] item: Leftovers
|upkeep
|turn|19
|
|t:|1707333284
|move|p1a: Kyurem|Earth Power|p2a: Rotom
|-supereffective|p2a: Rotom
|-damage|p2a: Rotom|33/100
|move|p2a: Rotom|Volt Switch|p1a: Kyurem
|-resisted|p1a: Kyurem
|-activate|p1a: Kyurem|Substitute|[damage]
|
|t:|1707333293
|switch|p2a: Landorus|Landorus-Therian, M|100/100|[from] Volt Switch
|-damage|p2a: Landorus|88/100|[from] Stealth Rock
|-ability|p2a: Landorus|Intimidate|boost
|-immune|p1a: Kyurem
|
|-weather|Sandstorm|[upkeep]
|-damage|p1a: Kyurem|45/100|[from] Sandstorm
|-heal|p1a: Kyurem|51/100|[from] item: Leftovers
|-heal|p2a: Landorus|94/100|[from] item: Leftovers
|upkeep
|turn|20
|
|t:|1707333296
|move|p1a: Kyurem|Ice Beam|p2a: Landorus
|-supereffective|p2a: Landorus
|-damage|p2a: Landorus|0 fnt
|faint|p2a: Landorus
|
|-weather|Sandstorm|[upkeep]
|-damage|p1a: Kyurem|45/100|[from] Sandstorm
|-heal|p1a: Kyurem|51/100|[from] item: Leftovers
|upkeep
|
|t:|1707333299
|switch|p2a: Celebi|Celebi|70/100
|-status|p2a: Celebi|tox
|-damage|p2a: Celebi|57/100 tox|[from] Stealth Rock
|turn|21
|
|t:|1707333302
|move|p1a: Kyurem|Ice Beam|p2a: Celebi
|-supereffective|p2a: Celebi
|-damage|p2a: Celebi|1/100 tox
|move|p2a: Celebi|Psychic|p1a: Kyurem
|-end|p1a: Kyurem|Substitute
|
|-weather|Sandstorm|[upkeep]
|-damage|p1a: Kyurem|45/100|[from] Sandstorm
|-damage|p2a: Celebi|0 fnt|[from] Sandstorm
|faint|p2a: Celebi
|-heal|p1a: Kyurem|51/100|[from] item: Leftovers
|upkeep
|
|t:|1707333307
|switch|p2a: Excadrill|Excadrill, M|100/100
|-damage|p2a: Excadrill|98/100|[from] Stealth Rock
|turn|22
|
|t:|1707333314
|switch|p1a: Mandibuzz|Mandibuzz, F|100/100
|-damage|p1a: Mandibuzz|75/100|[from] Stealth Rock
|move|p2a: Excadrill|Iron Head|p1a: Mandibuzz
|-damage|p1a: Mandibuzz|46/100
|
|-weather|Sandstorm|[upkeep]
|-heal|p1a: Mandibuzz|53/100|[from] item: Leftovers
|upkeep
|turn|23
|
|t:|1707333318
|move|p2a: Excadrill|Iron Head|p1a: Mandibuzz
|-crit|p1a: Mandibuzz
|-damage|p1a: Mandibuzz|0 fnt
|faint|p1a: Mandibuzz
|
|-weather|Sandstorm|[upkeep]
|upkeep
|
|t:|1707333324
|switch|p1a: Breloom|Breloom, F|100/100
|-damage|p1a: Breloom|94/100|[from] Stealth Rock
|turn|24
|
|t:|1707333332
|switch|p2a: Rotom|Rotom-Wash|33/100
|-damage|p2a: Rotom|21/100|[from] Stealth Rock
|move|p1a: Breloom|Mach Punch|p2a: Rotom
|-crit|p2a: Rotom
|-damage|p2a: Rotom|0 fnt
|faint|p2a: Rotom
|
|-weather|Sandstorm|[upkeep]
|-damage|p1a: Breloom|88/100|[from] Sandstorm
|upkeep
|
|t:|1707333342
|switch|p2a: Excadrill|Excadrill, M|98/100
|-damage|p2a: Excadrill|95/100|[from] Stealth Rock
|turn|25
|
|t:|1707333347
|move|p1a: Breloom|Mach Punch|p2a: Excadrill
|-supereffective|p2a: Excadrill
|-crit|p2a: Excadrill
|-damage|p2a: Excadrill|0 fnt
|faint|p2a: Excadrill
|
|-weather|Sandstorm|[upkeep]
|-damage|p1a: Breloom|82/100|[from] Sandstorm
|upkeep
|-message|B1kharma forfeited.
|
|win|el janitor
|raw|el janitor's rating: 1378 &rarr; <strong>1401</strong><br />(+23 for winning)
|raw|B1kharma's rating: 1427 &rarr; <strong>1404</strong><br />(-23 for losing)
|l|☆B1kharma
|player|p2|
