|j|☆Idomenee
|j|☆el janitor
|t:|1745010593
|gametype|singles
|player|p1|Idomenee|266|1400
|player|p2|el janitor|169|1381
|teamsize|p1|6
|teamsize|p2|6
|gen|5
|tier|[Gen 5] OU
|rated|
|rule|Species Clause: Limit one of each Pokémon
|rule|OHKO Clause: OHKO moves are banned
|rule|Moody Clause: Moody is banned
|rule|Evasion Items Clause: Evasion items are banned
|rule|Evasion Moves Clause: Evasion moves are banned
|rule|Endless Battle Clause: Forcing endless battles is banned
|rule|HP Percentage Mod: HP is shown in percentages
|rule|Evasion Abilities Clause: Evasion abilities are banned
|rule|Sleep Moves Clause: Sleep-inducing moves are banned
|rule|Swagger Clause: Swagger is banned
|rule|Baton Pass Stat Clause: No Baton Passer may have a way to boost its stats
|clearpoke
|poke|p1|Politoed, M|item
|poke|p1|Tentacruel, F|item
|poke|p1|Ferrothorn, M|item
|poke|p1|Keldeo-Resolute|item
|poke|p1|Thundurus-Therian, M|item
|poke|p1|Latios, M|item
|poke|p2|Azelf|item
|poke|p2|Celebi|item
|poke|p2|Heatran, M|item
|poke|p2|Excadrill, F|item
|poke|p2|Zapdos|item
|poke|p2|Breloom, F|item
|teampreview
|inactive|Battle timer is ON: inactive players will automatically lose when time's up. (requested by el janitor)
|
|t:|1745010625
|start
|switch|p1a: Politoed|Politoed, M|100/100
|switch|p2a: Breloom|Breloom, F|100/100
|-weather|RainDance|[from] ability: Drizzle|[of] p1a: Politoed
|turn|1
|
|t:|1745010634
|move|p2a: Breloom|Superpower|p1a: Politoed
|-damage|p1a: Politoed|3/100
|-unboost|p2a: Breloom|atk|1
|-unboost|p2a: Breloom|def|1
|move|p1a: Politoed|Scald|p2a: Breloom
|-resisted|p2a: Breloom
|-damage|p2a: Breloom|61/100
|
|-weather|RainDance|[upkeep]
|-heal|p1a: Politoed|9/100|[from] item: Leftovers
|upkeep
|turn|2
|
|t:|1745010646
|switch|p1a: Thundurus|Thundurus-Therian, M|100/100
|move|p2a: Breloom|Superpower|p1a: Thundurus
|-resisted|p1a: Thundurus
|-damage|p1a: Thundurus|61/100
|-unboost|p2a: Breloom|atk|1
|-unboost|p2a: Breloom|def|1
|
|-weather|RainDance|[upkeep]
|-heal|p1a: Thundurus|67/100|[from] item: Leftovers
|upkeep
|turn|3
|
|t:|1745010658
|switch|p2a: Celebi|Celebi|100/100
|move|p1a: Thundurus|Substitute|p1a: Thundurus
|-start|p1a: Thundurus|Substitute
|-damage|p1a: Thundurus|42/100
|
|-weather|RainDance|[upkeep]
|-heal|p1a: Thundurus|48/100|[from] item: Leftovers
|upkeep
|turn|4
|
|t:|1745010664
|move|p1a: Thundurus|Hidden Power|p2a: Celebi
|-supereffective|p2a: Celebi
|-damage|p2a: Celebi|68/100
|move|p2a: Celebi|Psychic|p1a: Thundurus
|-end|p1a: Thundurus|Substitute
|
|-weather|RainDance|[upkeep]
|-heal|p1a: Thundurus|55/100|[from] item: Leftovers
|-heal|p2a: Celebi|74/100|[from] item: Leftovers
|upkeep
|turn|5
|j| Neighthan Trainer
|
|t:|1745010678
|move|p1a: Thundurus|Hidden Power|p2a: Celebi
|-supereffective|p2a: Celebi
|-damage|p2a: Celebi|43/100
|move|p2a: Celebi|U-turn|p1a: Thundurus
|-resisted|p1a: Thundurus
|-damage|p1a: Thundurus|45/100
|l| Neighthan Trainer
|inactive|el janitor has 120 seconds left.
|
|t:|1745010710
|switch|p2a: Zapdos|Zapdos|100/100|[from] U-turn
|-ability|p2a: Zapdos|Pressure
|
|-weather|RainDance|[upkeep]
|-heal|p1a: Thundurus|52/100|[from] item: Leftovers
|upkeep
|turn|6
|
|t:|1745010725
|switch|p1a: Politoed|Politoed, M|9/100
|move|p2a: Zapdos|Hidden Power|p1a: Politoed
|-resisted|p1a: Politoed
|-damage|p1a: Politoed|1/100
|
|-weather|RainDance|[upkeep]
|-heal|p1a: Politoed|7/100|[from] item: Leftovers
|upkeep
|turn|7
|
|t:|1745010731
|switch|p2a: Celebi|Celebi|43/100
|move|p1a: Politoed|Protect||[still]
|-fail|p1a: Politoed
|
|-weather|RainDance|[upkeep]
|-heal|p2a: Celebi|49/100|[from] item: Leftovers
|-heal|p1a: Politoed|13/100|[from] item: Leftovers
|upkeep
|turn|8
|
|t:|1745010736
|move|p2a: Celebi|Recover|p2a: Celebi
|-heal|p2a: Celebi|99/100
|move|p1a: Politoed|Encore|p2a: Celebi
|-start|p2a: Celebi|Encore
|
|-weather|RainDance|[upkeep]
|-heal|p2a: Celebi|100/100|[from] item: Leftovers
|-heal|p1a: Politoed|19/100|[from] item: Leftovers
|upkeep
|turn|9
|
|t:|1745010745
|switch|p2a: Azelf|Azelf|100/100
|switch|p1a: Thundurus|Thundurus-Therian, M|52/100
|
|-weather|RainDance|[upkeep]
|-heal|p1a: Thundurus|58/100|[from] item: Leftovers
|upkeep
|turn|10
|
|t:|1745010749
|move|p2a: Azelf|U-turn|p1a: Thundurus
|-resisted|p1a: Thundurus
|-damage|p1a: Thundurus|45/100
|
|t:|1745010750
|switch|p2a: Celebi|Celebi|100/100|[from] U-turn
|move|p1a: Thundurus|Thunder|p2a: Celebi
|-resisted|p2a: Celebi
|-damage|p2a: Celebi|80/100
|-status|p2a: Celebi|par
|
|-weather|RainDance|[upkeep]
|-heal|p1a: Thundurus|51/100|[from] item: Leftovers
|-heal|p2a: Celebi|86/100 par|[from] item: Leftovers
|upkeep
|turn|11
|
|t:|1745010759
|-curestatus|p2a: Celebi|par|[from] ability: Natural Cure
|switch|p2a: Azelf|Azelf|100/100
|move|p1a: Thundurus|Hidden Power|p2a: Azelf
|-damage|p2a: Azelf|59/100
|
|-weather|RainDance|[upkeep]
|-heal|p1a: Thundurus|57/100|[from] item: Leftovers
|upkeep
|turn|12
|
|t:|1745010769
|switch|p1a: Ferrothorn|Ferrothorn, M|100/100
|move|p2a: Azelf|U-turn|p1a: Ferrothorn
|-damage|p1a: Ferrothorn|81/100
|-damage|p2a: Azelf|46/100|[from] ability: Iron Barbs|[of] p1a: Ferrothorn
|-enditem|p2a: Azelf|Sitrus Berry|[eat]
|-heal|p2a: Azelf|71/100|[from] item: Sitrus Berry
|
|t:|1745010771
|switch|p2a: Breloom|Breloom, F|61/100|[from] U-turn
|
|-weather|RainDance|[upkeep]
|upkeep
|turn|13
|
|t:|1745010781
|switch|p1a: Politoed|Politoed, M|19/100
|move|p2a: Breloom|Superpower|p1a: Politoed
|-damage|p1a: Politoed|0 fnt
|-unboost|p2a: Breloom|atk|1
|-unboost|p2a: Breloom|def|1
|faint|p1a: Politoed
|
|-weather|RainDance|[upkeep]
|upkeep
|inactive|Idomenee has 120 seconds left.
|
|t:|1745010813
|switch|p1a: Latios|Latios, M|100/100
|turn|14
|
|t:|1745010821
|switch|p2a: Celebi|Celebi|86/100
|move|p1a: Latios|Surf|p2a: Celebi
|-resisted|p2a: Celebi
|-damage|p2a: Celebi|63/100
|
|-weather|RainDance|[upkeep]
|-heal|p2a: Celebi|69/100|[from] item: Leftovers
|upkeep
|turn|15
|
|t:|1745010830
|switch|p1a: Ferrothorn|Ferrothorn, M|81/100
|move|p2a: Celebi|U-turn|p1a: Ferrothorn
|-damage|p1a: Ferrothorn|71/100
|-damage|p2a: Celebi|57/100|[from] ability: Iron Barbs|[of] p1a: Ferrothorn
|
|t:|1745010832
|switch|p2a: Breloom|Breloom, F|61/100|[from] U-turn
|
|-weather|RainDance|[upkeep]
|upkeep
|turn|16
|
|t:|1745010845
|switch|p1a: Tentacruel|Tentacruel, F|100/100
|move|p2a: Breloom|Superpower|p1a: Tentacruel
|-resisted|p1a: Tentacruel
|-damage|p1a: Tentacruel|38/100
|-unboost|p2a: Breloom|atk|1
|-unboost|p2a: Breloom|def|1
|
|-weather|RainDance|[upkeep]
|-heal|p1a: Tentacruel|44/100|[from] ability: Rain Dish
|-heal|p1a: Tentacruel|50/100|[from] item: Black Sludge
|upkeep
|turn|17
|
|t:|1745010855
|switch|p2a: Celebi|Celebi|57/100
|move|p1a: Tentacruel|Toxic|p2a: Celebi
|-status|p2a: Celebi|tox
|
|-weather|RainDance|[upkeep]
|-heal|p1a: Tentacruel|56/100|[from] ability: Rain Dish
|-heal|p1a: Tentacruel|62/100|[from] item: Black Sludge
|-heal|p2a: Celebi|63/100 tox|[from] item: Leftovers
|-damage|p2a: Celebi|57/100 tox|[from] psn
|upkeep
|turn|18
|
|t:|1745010865
|switch|p1a: Ferrothorn|Ferrothorn, M|71/100
|move|p2a: Celebi|U-turn|p1a: Ferrothorn
|-damage|p1a: Ferrothorn|60/100
|-damage|p2a: Celebi|45/100 tox|[from] ability: Iron Barbs|[of] p1a: Ferrothorn
|
|t:|1745010867
|-curestatus|p2a: Celebi|tox|[from] ability: Natural Cure
|switch|p2a: Breloom|Breloom, F|61/100|[from] U-turn
|
|-weather|RainDance|[upkeep]
|upkeep
|turn|19
|
|t:|1745010884
|switch|p1a: Latios|Latios, M|100/100
|move|p2a: Breloom|Bullet Seed|p1a: Latios
|-resisted|p1a: Latios
|-damage|p1a: Latios|81/100
|-resisted|p1a: Latios
|-damage|p1a: Latios|58/100
|-resisted|p1a: Latios
|-damage|p1a: Latios|37/100
|-hitcount|p1a: Latios|3
|
|-weather|RainDance|[upkeep]
|upkeep
|turn|20
|inactive|Idomenee has 120 seconds left.
|
|t:|1745010919
|switch|p2a: Heatran|Heatran, M|100/100
|move|p1a: Latios|Surf|p2a: Heatran
|-supereffective|p2a: Heatran
|-damage|p2a: Heatran|14/100
|
|-weather|RainDance|[upkeep]
|-heal|p2a: Heatran|20/100|[from] item: Leftovers
|upkeep
|turn|21
|inactive|Idomenee has 120 seconds left.
|
|t:|1745010928
|switch|p1a: Ferrothorn|Ferrothorn, M|60/100
|move|p2a: Heatran|Magma Storm|p1a: Ferrothorn
|-supereffective|p1a: Ferrothorn
|-crit|p1a: Ferrothorn
|-damage|p1a: Ferrothorn|0 fnt
|faint|p1a: Ferrothorn
|
|-weather|RainDance|[upkeep]
|-heal|p2a: Heatran|26/100|[from] item: Leftovers
|upkeep
|inactive|Idomenee has 120 seconds left.
|
|t:|1745010934
|switch|p1a: Keldeo|Keldeo-Resolute|100/100
|turn|22
|
|t:|1745010944
|switch|p2a: Azelf|Azelf|71/100
|move|p1a: Keldeo|Surf|p2a: Azelf
|-damage|p2a: Azelf|0 fnt
|faint|p2a: Azelf
|
|-weather|RainDance|[upkeep]
|upkeep
|
|t:|1745010947
|switch|p2a: Celebi|Celebi|45/100
|turn|23
|
|t:|1745010953
|move|p1a: Keldeo|Surf|p2a: Celebi
|-resisted|p2a: Celebi
|-crit|p2a: Celebi
|-damage|p2a: Celebi|0 fnt
|faint|p2a: Celebi
|
|-weather|RainDance|[upkeep]
|upkeep
|c|☆el janitor|gg
|c|☆el janitor|lmao
|c|☆Idomenee|gg
|c|☆el janitor|are u specs?
|c|☆Idomenee|no
|inactive|el janitor has 120 seconds left.
|-message|el janitor forfeited.
|
|win|Idomenee
|raw|Idomenee's rating: 1400 &rarr; <strong>1419</strong><br />(+19 for winning)
|raw|el janitor's rating: 1381 &rarr; <strong>1362</strong><br />(-19 for losing)
|l|☆el janitor
|player|p2|
|c|☆Idomenee|specs wouldn't have killed anyways
|l|☆Idomenee
|player|p1|
|j|☆el janitor
|player|p2|el janitor|169|
