|j|☆du11
|j|☆ghosted by brizz
|t:|1705164849
|gametype|singles
|player|p1|du11|plasmagrunt-gen5bw|1443
|player|p2|ghosted by brizz|selene-usum|1542
|teamsize|p1|6
|teamsize|p2|6
|gen|5
|tier|[Gen 5] OU
|rated|
|rule|Species Clause: Limit one of each Pokémon
|rule|OHKO Clause: OHKO moves are banned
|rule|Moody Clause: Moody is banned
|rule|Evasion Items Clause: Evasion items are banned
|rule|Evasion Moves Clause: Evasion moves are banned
|rule|Endless Battle Clause: Forcing endless battles is banned
|rule|HP Percentage Mod: HP is shown in percentages
|rule|Evasion Abilities Clause: Evasion abilities are banned
|rule|Sleep Moves Clause: Sleep-inducing moves are banned
|rule|Swagger Clause: Swagger is banned
|rule|Baton Pass Stat Clause: No Baton Passer may have a way to boost its stats
|clearpoke
|poke|p1|Mamoswine, M|item
|poke|p1|Abomasnow, F|item
|poke|p1|Victini|item
|poke|p1|Starmie|item
|poke|p1|Scizor, F|item
|poke|p1|Kyurem-Black|item
|poke|p2|Alakazam, M|item
|poke|p2|Keldeo|item
|poke|p2|Forretress, F|item
|poke|p2|Tyranitar, F|item
|poke|p2|Landorus-Therian, M|item
|poke|p2|Celebi|item
|teampreview
|inactive|Battle timer is ON: inactive players will automatically lose when time's up. (requested by ghosted by brizz)
|
|t:|1705164869
|start
|switch|p1a: Abomasnow|Abomasnow, F|100/100
|switch|p2a: Forretress|Forretress, F|100/100
|-weather|Hail|[from] ability: Snow Warning|[of] p1a: Abomasnow
|turn|1
|
|t:|1705164880
|switch|p2a: Tyranitar|Tyranitar, F|100/100
|-weather|Sandstorm|[from] ability: Sand Stream|[of] p2a: Tyranitar
|move|p1a: Abomasnow|Hidden Power|p2a: Tyranitar
|-resisted|p2a: Tyranitar
|-damage|p2a: Tyranitar|95/100
|
|-weather|Sandstorm|[upkeep]
|-damage|p1a: Abomasnow|94/100|[from] Sandstorm
|upkeep
|turn|2
|
|t:|1705164888
|switch|p1a: Mamoswine|Mamoswine, M|100/100
|switch|p2a: Celebi|Celebi|100/100
|
|-weather|Sandstorm|[upkeep]
|-damage|p2a: Celebi|94/100|[from] Sandstorm
|upkeep
|turn|3
|
|t:|1705164893
|move|p2a: Celebi|Leaf Storm|p1a: Mamoswine
|-supereffective|p1a: Mamoswine
|-damage|p1a: Mamoswine|0 fnt
|-unboost|p2a: Celebi|spa|2
|faint|p1a: Mamoswine
|-damage|p2a: Celebi|85/100|[from] item: Life Orb
|
|-weather|Sandstorm|[upkeep]
|-damage|p2a: Celebi|79/100|[from] Sandstorm
|upkeep
|
|t:|1705164895
|switch|p1a: Scizor|Scizor, F|100/100
|turn|4
|
|t:|1705164898
|move|p1a: Scizor|Pursuit|p2a: Celebi
|-supereffective|p2a: Celebi
|-damage|p2a: Celebi|39/100
|move|p2a: Celebi|Hidden Power|p1a: Scizor
|-supereffective|p1a: Scizor
|-damage|p1a: Scizor|17/100
|-damage|p2a: Celebi|29/100|[from] item: Life Orb
|
|-weather|Sandstorm|[upkeep]
|-damage|p2a: Celebi|23/100|[from] Sandstorm
|upkeep
|turn|5
|
|t:|1705164904
|move|p1a: Scizor|Pursuit|p2a: Celebi
|-supereffective|p2a: Celebi
|-damage|p2a: Celebi|0 fnt
|faint|p2a: Celebi
|
|-weather|Sandstorm|[upkeep]
|upkeep
|
|t:|1705164916
|switch|p2a: Forretress|Forretress, F|100/100
|turn|6
|
|t:|1705164922
|switch|p1a: Abomasnow|Abomasnow, F|94/100
|-weather|Hail|[from] ability: Snow Warning|[of] p1a: Abomasnow
|move|p2a: Forretress|Volt Switch|p1a: Abomasnow
|-resisted|p1a: Abomasnow
|-damage|p1a: Abomasnow|87/100
|
|t:|1705164926
|switch|p2a: Keldeo|Keldeo|100/100|[from] Volt Switch
|
|-weather|Hail|[upkeep]
|-damage|p2a: Keldeo|94/100|[from] Hail
|upkeep
|turn|7
|
|t:|1705164932
|switch|p1a: Starmie|Starmie|100/100
|-item|p1a: Starmie|Air Balloon
|move|p2a: Keldeo|Secret Sword|p1a: Starmie
|-resisted|p1a: Starmie
|-damage|p1a: Starmie|48/100
|-enditem|p1a: Starmie|Air Balloon
|
|-weather|Hail|[upkeep]
|-damage|p1a: Starmie|42/100|[from] Hail
|-damage|p2a: Keldeo|88/100|[from] Hail
|upkeep
|turn|8
|
|t:|1705164945
|switch|p1a: Scizor|Scizor, F|17/100
|switch|p2a: Tyranitar|Tyranitar, F|95/100
|-weather|Sandstorm|[from] ability: Sand Stream|[of] p2a: Tyranitar
|
|-weather|Sandstorm|[upkeep]
|upkeep
|turn|9
|
|t:|1705164949
|switch|p2a: Forretress|Forretress, F|100/100
|move|p1a: Scizor|U-turn|p2a: Forretress
|-resisted|p2a: Forretress
|-damage|p2a: Forretress|89/100
|
|t:|1705164952
|switch|p1a: Abomasnow|Abomasnow, F|87/100|[from] U-turn
|-weather|Hail|[from] ability: Snow Warning|[of] p1a: Abomasnow
|
|-weather|Hail|[upkeep]
|-damage|p2a: Forretress|83/100|[from] Hail
|-heal|p2a: Forretress|89/100|[from] item: Leftovers
|upkeep
|turn|10
|
|t:|1705164964
|switch|p2a: Landorus|Landorus-Therian, M|100/100
|-ability|p2a: Landorus|Intimidate|boost
|-unboost|p1a: Abomasnow|atk|1
|move|p1a: Abomasnow|Wood Hammer|p2a: Landorus
|-damage|p2a: Landorus|73/100
|-damage|p1a: Abomasnow|76/100|[from] Recoil
|
|-weather|Hail|[upkeep]
|-damage|p2a: Landorus|67/100|[from] Hail
|-heal|p2a: Landorus|73/100|[from] item: Leftovers
|upkeep
|turn|11
|
|t:|1705164969
|move|p2a: Landorus|Stealth Rock|p1a: Abomasnow
|-sidestart|p1: du11|move: Stealth Rock
|move|p1a: Abomasnow|Blizzard|p2a: Landorus
|-supereffective|p2a: Landorus
|-damage|p2a: Landorus|0 fnt
|faint|p2a: Landorus
|
|-weather|Hail|[upkeep]
|upkeep
|
|t:|1705164972
|switch|p2a: Keldeo|Keldeo|88/100
|turn|12
|
|t:|1705164975
|move|p2a: Keldeo|Secret Sword|p1a: Abomasnow
|-supereffective|p1a: Abomasnow
|-damage|p1a: Abomasnow|0 fnt
|faint|p1a: Abomasnow
|
|-weather|Hail|[upkeep]
|-damage|p2a: Keldeo|82/100|[from] Hail
|upkeep
|
|t:|1705164983
|switch|p1a: Starmie|Starmie|42/100
|-damage|p1a: Starmie|30/100|[from] Stealth Rock
|turn|13
|
|t:|1705164995
|switch|p1a: Scizor|Scizor, F|17/100
|-damage|p1a: Scizor|5/100|[from] Stealth Rock
|move|p2a: Keldeo|Secret Sword|p1a: Scizor
|-damage|p1a: Scizor|0 fnt
|faint|p1a: Scizor
|
|-weather|Hail|[upkeep]
|-damage|p2a: Keldeo|76/100|[from] Hail
|upkeep
|
|t:|1705165000
|switch|p1a: Kyurem|Kyurem-Black|100/100
|-damage|p1a: Kyurem|76/100|[from] Stealth Rock
|-ability|p1a: Kyurem|Teravolt
|turn|14
|
|t:|1705165006
|move|p2a: Keldeo|Secret Sword|p1a: Kyurem
|-supereffective|p1a: Kyurem
|-damage|p1a: Kyurem|0 fnt
|faint|p1a: Kyurem
|
|-weather|Hail|[upkeep]
|-damage|p2a: Keldeo|70/100|[from] Hail
|upkeep
|c|☆du11|specs moment
|
|t:|1705165011
|switch|p1a: Starmie|Starmie|30/100
|-damage|p1a: Starmie|18/100|[from] Stealth Rock
|turn|15
|
|t:|1705165016
|switch|p2a: Forretress|Forretress, F|89/100
|move|p1a: Starmie|Hydro Pump|p2a: Forretress
|-damage|p2a: Forretress|0 fnt
|faint|p2a: Forretress
|
|-weather|Hail|[upkeep]
|-damage|p1a: Starmie|12/100|[from] Hail
|upkeep
|
|t:|1705165019
|switch|p2a: Alakazam|Alakazam, M|100/100
|turn|16
|
|t:|1705165021
|move|p2a: Alakazam|Psychic|p1a: Starmie
|-resisted|p1a: Starmie
|-damage|p1a: Starmie|0 fnt
|faint|p1a: Starmie
|
|-weather|Hail|[upkeep]
|upkeep
|
|t:|1705165022
|switch|p1a: Victini|Victini|100/100
|-damage|p1a: Victini|76/100|[from] Stealth Rock
|turn|17
|
|t:|1705165024
|move|p2a: Alakazam|Thunder Wave|p1a: Victini
|-status|p1a: Victini|par
|move|p1a: Victini|U-turn|p2a: Alakazam
|-supereffective|p2a: Alakazam
|-enditem|p2a: Alakazam|Focus Sash
|-damage|p2a: Alakazam|1/100
|-damage|p1a: Victini|66/100 par|[from] item: Life Orb
|
|-weather|Hail|[upkeep]
|-damage|p1a: Victini|59/100 par|[from] Hail
|upkeep
|turn|18
|
|t:|1705165027
|move|p2a: Alakazam|Psychic|p1a: Victini
|-resisted|p1a: Victini
|-damage|p1a: Victini|32/100 par
|cant|p1a: Victini|par
|
|-weather|Hail|[upkeep]
|-damage|p1a: Victini|26/100 par|[from] Hail
|upkeep
|turn|19
|
|t:|1705165029
|move|p2a: Alakazam|Psychic|p1a: Victini
|-resisted|p1a: Victini
|-damage|p1a: Victini|0 fnt
|faint|p1a: Victini
|
|win|ghosted by brizz
|raw|du11's rating: 1443 &rarr; <strong>1429</strong><br />(-14 for losing)
|raw|ghosted by brizz's rating: 1542 &rarr; <strong>1556</strong><br />(+14 for winning)
|l|☆ghosted by brizz
|player|p2|
|l|☆du11
|player|p1|
|j|☆ghosted by brizz
|player|p2|ghosted by brizz|selene-usum
