|j|☆ReallyFunTeams
|j|☆leoperi99
|t:|1707521797
|gametype|singles
|player|p1|ReallyFunTeams|janitor|1409
|player|p2|leoperi99|hexmaniac-gen3jp|1471
|teamsize|p1|6
|teamsize|p2|6
|gen|5
|tier|[Gen 5] OU
|rated|
|rule|Species Clause: Limit one of each Pokémon
|rule|OHKO Clause: OHKO moves are banned
|rule|Moody Clause: Moody is banned
|rule|Evasion Items Clause: Evasion items are banned
|rule|Evasion Moves Clause: Evasion moves are banned
|rule|Endless Battle Clause: Forcing endless battles is banned
|rule|HP Percentage Mod: HP is shown in percentages
|rule|Evasion Abilities Clause: Evasion abilities are banned
|rule|Sleep Moves Clause: Sleep-inducing moves are banned
|rule|Swagger Clause: Swagger is banned
|rule|Baton Pass Stat Clause: No Baton Passer may have a way to boost its stats
|clearpoke
|poke|p1|Dragonite, M|item
|poke|p1|Scizor, M|item
|poke|p1|Forretress, M|item
|poke|p1|Ferrothorn, M|item
|poke|p1|Alakazam, F|item
|poke|p1|Rotom-Wash|item
|poke|p2|Zapdos|item
|poke|p2|Tyranitar, F|item
|poke|p2|Excadrill, M|item
|poke|p2|Latios, M|item
|poke|p2|Garchomp, M|item
|poke|p2|Slowbro, F|item
|teampreview
|inactive|Battle timer is ON: inactive players will automatically lose when time's up. (requested by ReallyFunTeams)
|c|☆leoperi99|very fun
|
|t:|1707521812
|start
|switch|p1a: Rotom|Rotom-Wash|100/100
|switch|p2a: Zapdos|Zapdos, shiny|100/100
|-ability|p2a: Zapdos|Pressure
|turn|1
|c|☆leoperi99|glhf
|c|☆ReallyFunTeams|:)
|c|☆ReallyFunTeams|u2
|
|t:|1707521819
|move|p2a: Zapdos|Heat Wave|p1a: Rotom
|-resisted|p1a: Rotom
|-damage|p1a: Rotom|88/100
|move|p1a: Rotom|Toxic|p2a: Zapdos
|-status|p2a: Zapdos|tox
|
|-heal|p1a: Rotom|95/100|[from] item: Leftovers
|-damage|p2a: Zapdos|94/100 tox|[from] psn
|upkeep
|turn|2
|
|t:|1707521829
|move|p2a: Zapdos|Volt Switch|p1a: Rotom
|-damage|p1a: Rotom|65/100
|c|☆leoperi99|oh thats new
|
|t:|1707521831
|switch|p2a: Tyranitar|Tyranitar, F, shiny|100/100|[from] Volt Switch
|-weather|Sandstorm|[from] ability: Sand Stream|[of] p2a: Tyranitar
|move|p1a: Rotom|Hydro Pump|p2a: Tyranitar
|-supereffective|p2a: Tyranitar
|-damage|p2a: Tyranitar|63/100
|
|-weather|Sandstorm|[upkeep]
|-damage|p1a: Rotom|59/100|[from] Sandstorm
|-heal|p1a: Rotom|65/100|[from] item: Leftovers
|upkeep
|turn|3
|
|t:|1707521841
|move|p1a: Rotom|Will-O-Wisp|p2a: Tyranitar
|-status|p2a: Tyranitar|brn
|move|p2a: Tyranitar|Stealth Rock|p1a: Rotom
|-sidestart|p1: ReallyFunTeams|move: Stealth Rock
|
|-weather|Sandstorm|[upkeep]
|-damage|p1a: Rotom|59/100|[from] Sandstorm
|-heal|p1a: Rotom|65/100|[from] item: Leftovers
|-damage|p2a: Tyranitar|50/100 brn|[from] brn
|upkeep
|turn|4
|
|t:|1707521866
|switch|p2a: Zapdos|Zapdos, shiny|94/100 tox
|-ability|p2a: Zapdos|Pressure
|move|p1a: Rotom|Toxic|p2a: Zapdos
|-fail|p2a: Zapdos|tox
|
|-weather|Sandstorm|[upkeep]
|-damage|p2a: Zapdos|88/100 tox|[from] Sandstorm
|-damage|p1a: Rotom|59/100|[from] Sandstorm
|-heal|p2a: Zapdos|94/100 tox|[from] item: Leftovers
|-heal|p1a: Rotom|65/100|[from] item: Leftovers
|-damage|p2a: Zapdos|88/100 tox|[from] psn
|upkeep
|turn|5
|c|☆leoperi99|double status rotom
|c|☆leoperi99|thats fire
|
|t:|1707521879
|move|p2a: Zapdos|Volt Switch|p1a: Rotom
|-damage|p1a: Rotom|36/100
|
|t:|1707521884
|switch|p2a: Slowbro|Slowbro, F, shiny|100/100|[from] Volt Switch
|move|p1a: Rotom|Hydro Pump|p2a: Slowbro
|-resisted|p2a: Slowbro
|-damage|p2a: Slowbro|77/100
|
|-weather|Sandstorm|[upkeep]
|-damage|p1a: Rotom|30/100|[from] Sandstorm
|-damage|p2a: Slowbro|71/100|[from] Sandstorm
|-heal|p1a: Rotom|36/100|[from] item: Leftovers
|upkeep
|turn|6
|
|t:|1707521893
|switch|p2a: Tyranitar|Tyranitar, F, shiny|50/100 brn
|move|p1a: Rotom|Toxic||[still]
|-fail|p1a: Rotom
|
|-weather|Sandstorm|[upkeep]
|-damage|p1a: Rotom|30/100|[from] Sandstorm
|-heal|p1a: Rotom|36/100|[from] item: Leftovers
|-damage|p2a: Tyranitar|38/100 brn|[from] brn
|upkeep
|turn|7
|
|t:|1707521902
|move|p1a: Rotom|Hydro Pump|p2a: Tyranitar
|-supereffective|p2a: Tyranitar
|-damage|p2a: Tyranitar|0 fnt
|faint|p2a: Tyranitar
|
|-weather|Sandstorm|[upkeep]
|-damage|p1a: Rotom|30/100|[from] Sandstorm
|-heal|p1a: Rotom|36/100|[from] item: Leftovers
|upkeep
|
|t:|1707521907
|switch|p2a: Garchomp|Garchomp, M, shiny|100/100
|turn|8
|
|t:|1707521911
|move|p2a: Garchomp|Dual Chop|p1a: Rotom
|-damage|p1a: Rotom|16/100
|-damage|p1a: Rotom|0 fnt
|faint|p1a: Rotom
|-hitcount|p1: Rotom|2
|
|-weather|Sandstorm|[upkeep]
|upkeep
|
|t:|1707521929
|switch|p1a: Ferrothorn|Ferrothorn, M|100/100
|-damage|p1a: Ferrothorn|94/100|[from] Stealth Rock
|turn|9
|
|t:|1707521945
|switch|p2a: Excadrill|Excadrill, M, shiny|100/100
|move|p1a: Ferrothorn|Leech Seed|p2a: Excadrill
|-start|p2a: Excadrill|move: Leech Seed
|
|-weather|Sandstorm|[upkeep]
|-heal|p1a: Ferrothorn|100/100|[from] item: Leftovers
|-damage|p2a: Excadrill|88/100|[from] Leech Seed|[of] p1a: Ferrothorn
|upkeep
|turn|10
|
|t:|1707521952
|switch|p2a: Zapdos|Zapdos, shiny|88/100 tox
|-ability|p2a: Zapdos|Pressure
|move|p1a: Ferrothorn|Curse|p1a: Ferrothorn
|-unboost|p1a: Ferrothorn|spe|1
|-boost|p1a: Ferrothorn|atk|1
|-boost|p1a: Ferrothorn|def|1
|
|-weather|Sandstorm|[upkeep]
|-damage|p2a: Zapdos|82/100 tox|[from] Sandstorm
|-heal|p2a: Zapdos|88/100 tox|[from] item: Leftovers
|-damage|p2a: Zapdos|82/100 tox|[from] psn
|upkeep
|turn|11
|
|t:|1707521965
|move|p2a: Zapdos|Heat Wave|p1a: Ferrothorn
|-supereffective|p1a: Ferrothorn
|-damage|p1a: Ferrothorn|13/100
|move|p1a: Ferrothorn|Leech Seed|p2a: Zapdos
|-start|p2a: Zapdos|move: Leech Seed
|
|-weather|Sandstorm|[upkeep]
|-damage|p2a: Zapdos|76/100 tox|[from] Sandstorm
|-heal|p2a: Zapdos|82/100 tox|[from] item: Leftovers
|-heal|p1a: Ferrothorn|19/100|[from] item: Leftovers
|-damage|p2a: Zapdos|69/100 tox|[from] Leech Seed|[of] p1a: Ferrothorn
|-heal|p1a: Ferrothorn|31/100|[silent]
|-damage|p2a: Zapdos|57/100 tox|[from] psn
|upkeep
|turn|12
|
|t:|1707521976
|move|p1a: Ferrothorn|Protect|p1a: Ferrothorn
|-singleturn|p1a: Ferrothorn|Protect
|move|p2a: Zapdos|Volt Switch|p1a: Ferrothorn
|-activate|p1a: Ferrothorn|move: Protect
|
|-weather|Sandstorm|[upkeep]
|-damage|p2a: Zapdos|51/100 tox|[from] Sandstorm
|-heal|p2a: Zapdos|57/100 tox|[from] item: Leftovers
|-heal|p1a: Ferrothorn|37/100|[from] item: Leftovers
|-damage|p2a: Zapdos|44/100 tox|[from] Leech Seed|[of] p1a: Ferrothorn
|-heal|p1a: Ferrothorn|48/100|[silent]
|-damage|p2a: Zapdos|26/100 tox|[from] psn
|upkeep
|turn|13
|
|t:|1707521988
|switch|p2a: Excadrill|Excadrill, M, shiny|88/100
|move|p1a: Ferrothorn|Protect||[still]
|-fail|p1a: Ferrothorn
|
|-weather|Sandstorm|[upkeep]
|-heal|p2a: Excadrill|94/100|[from] item: Leftovers
|-heal|p1a: Ferrothorn|54/100|[from] item: Leftovers
|upkeep
|turn|14
|
|t:|1707521995
|move|p2a: Excadrill|Swords Dance|p2a: Excadrill
|-boost|p2a: Excadrill|atk|2
|move|p1a: Ferrothorn|Leech Seed|p2a: Excadrill
|-start|p2a: Excadrill|move: Leech Seed
|
|-weather|Sandstorm|[upkeep]
|-heal|p2a: Excadrill|99/100|[from] item: Leftovers
|-heal|p1a: Ferrothorn|61/100|[from] item: Leftovers
|-damage|p2a: Excadrill|88/100|[from] Leech Seed|[of] p1a: Ferrothorn
|-heal|p1a: Ferrothorn|74/100|[silent]
|upkeep
|turn|15
|
|t:|1707522003
|move|p2a: Excadrill|Earthquake|p1a: Ferrothorn
|-crit|p1a: Ferrothorn
|-damage|p1a: Ferrothorn|0 fnt
|faint|p1a: Ferrothorn
|
|-weather|Sandstorm|[upkeep]
|-heal|p2a: Excadrill|94/100|[from] item: Leftovers
|upkeep
|c|☆leoperi99|mb
|c|☆ReallyFunTeams|:o
|
|t:|1707522018
|switch|p1a: Alakazam|Alakazam, F|100/100
|turn|16
|
|t:|1707522026
|switch|p2a: Zapdos|Zapdos, shiny|26/100 tox
|-ability|p2a: Zapdos|Pressure
|move|p1a: Alakazam|Focus Blast|p2a: Zapdos
|-resisted|p2a: Zapdos
|-damage|p2a: Zapdos|0 fnt
|faint|p2a: Zapdos
|
|-weather|Sandstorm|[upkeep]
|upkeep
|
|t:|1707522047
|switch|p2a: Slowbro|Slowbro, F, shiny|100/100
|turn|17
|
|t:|1707522066
|move|p1a: Alakazam|Shadow Ball|p2a: Slowbro
|-supereffective|p2a: Slowbro
|-damage|p2a: Slowbro|46/100
|move|p2a: Slowbro|Scald|p1a: Alakazam
|-damage|p1a: Alakazam|56/100
|-status|p1a: Alakazam|brn
|
|-weather|Sandstorm|[upkeep]
|-damage|p2a: Slowbro|40/100|[from] Sandstorm
|upkeep
|turn|18
|
|t:|1707522084
|switch|p2a: Latios|Latios, M, shiny|100/100
|move|p1a: Alakazam|Shadow Ball|p2a: Latios
|-supereffective|p2a: Latios
|-damage|p2a: Latios|38/100
|
|-weather|Sandstorm|[upkeep]
|-damage|p2a: Latios|32/100|[from] Sandstorm
|upkeep
|turn|19
|
|t:|1707522092
|switch|p1a: Forretress|Forretress, M|100/100
|-damage|p1a: Forretress|88/100|[from] Stealth Rock
|move|p2a: Latios|Draco Meteor|p1a: Forretress
|-resisted|p1a: Forretress
|-damage|p1a: Forretress|17/100
|-unboost|p2a: Latios|spa|2
|
|-weather|Sandstorm|[upkeep]
|-damage|p2a: Latios|26/100|[from] Sandstorm
|upkeep
|turn|20
|-enditem|p1a: Forretress|Custap Berry|[eat]
|-activate|p1a: Forretress|item: Custap Berry|[consumed]
|
|t:|1707522103
|move|p1a: Forretress|Rapid Spin|p2a: Latios
|-damage|p2a: Latios|17/100
|-sideend|p1: ReallyFunTeams|Stealth Rock|[from] move: Rapid Spin|[of] p1a: Forretress
|move|p2a: Latios|Draco Meteor|p1a: Forretress
|-resisted|p1a: Forretress
|-damage|p1a: Forretress|0 fnt
|-unboost|p2a: Latios|spa|2
|faint|p1a: Forretress
|
|-weather|Sandstorm|[upkeep]
|-damage|p2a: Latios|11/100|[from] Sandstorm
|upkeep
|
|t:|1707522116
|switch|p1a: Scizor|Scizor, M|100/100
|turn|21
|
|t:|1707522118
|move|p2a: Latios|Draco Meteor|p1a: Scizor
|-resisted|p1a: Scizor
|-damage|p1a: Scizor|72/100
|-unboost|p2a: Latios|spa|2
|move|p1a: Scizor|U-turn|p2a: Latios
|-supereffective|p2a: Latios
|-damage|p2a: Latios|0 fnt
|faint|p2a: Latios
|
|t:|1707522127
|switch|p1a: Alakazam|Alakazam, F|56/100 brn|[from] U-turn
|
|-weather|Sandstorm|[upkeep]
|upkeep
|
|t:|1707522130
|switch|p2a: Garchomp|Garchomp, M, shiny|100/100
|turn|22
|
|t:|1707522133
|move|p2a: Garchomp|Earthquake|p1a: Alakazam
|-damage|p1a: Alakazam|0 fnt
|faint|p1a: Alakazam
|
|-weather|Sandstorm|[upkeep]
|upkeep
|
|t:|1707522139
|switch|p1a: Dragonite|Dragonite, M|100/100
|turn|23
|
|t:|1707522142
|switch|p2a: Slowbro|Slowbro, F, shiny|73/100
|move|p1a: Dragonite|Dragon Dance|p1a: Dragonite
|-boost|p1a: Dragonite|atk|1
|-boost|p1a: Dragonite|spe|1
|
|-weather|Sandstorm|[upkeep]
|-damage|p1a: Dragonite|94/100|[from] Sandstorm
|-damage|p2a: Slowbro|67/100|[from] Sandstorm
|upkeep
|turn|24
|
|t:|1707522150
|switch|p2a: Excadrill|Excadrill, M, shiny|94/100
|move|p1a: Dragonite|Outrage|p2a: Excadrill
|-resisted|p2a: Excadrill
|-damage|p2a: Excadrill|14/100
|
|-weather|Sandstorm|[upkeep]
|-damage|p1a: Dragonite|88/100|[from] Sandstorm
|-heal|p2a: Excadrill|20/100|[from] item: Leftovers
|upkeep
|turn|25
|
|t:|1707522158
|move|p1a: Dragonite|Outrage|p2a: Excadrill|[from]lockedmove
|-resisted|p2a: Excadrill
|-damage|p2a: Excadrill|0 fnt
|faint|p2a: Excadrill
|
|-weather|Sandstorm|[upkeep]
|-damage|p1a: Dragonite|82/100|[from] Sandstorm
|upkeep
|
|t:|1707522161
|switch|p2a: Slowbro|Slowbro, F, shiny|100/100
|turn|26
|
|t:|1707522166
|move|p1a: Dragonite|Outrage|p2a: Slowbro|[from]lockedmove
|-damage|p2a: Slowbro|41/100
|-damage|p1a: Dragonite|65/100|[from] item: Rocky Helmet|[of] p2a: Slowbro
|-start|p1a: Dragonite|confusion|[fatigue]
|-enditem|p1a: Dragonite|Lum Berry|[eat]
|-end|p1a: Dragonite|confusion
|move|p2a: Slowbro|Ice Beam|p1a: Dragonite
|-supereffective|p1a: Dragonite
|-damage|p1a: Dragonite|0 fnt
|faint|p1a: Dragonite
|
|-weather|Sandstorm|[upkeep]
|-damage|p2a: Slowbro|35/100|[from] Sandstorm
|upkeep
|c|☆leoperi99|alr gg
|
|t:|1707522178
|switch|p1a: Scizor|Scizor, M|72/100
|turn|27
|c|☆ReallyFunTeams|gg
|
|t:|1707522184
|move|p1a: Scizor|Bullet Punch|p2a: Slowbro
|-resisted|p2a: Slowbro
|-damage|p2a: Slowbro|21/100
|-damage|p1a: Scizor|56/100|[from] item: Rocky Helmet|[of] p2a: Slowbro
|move|p2a: Slowbro|Scald|p1a: Scizor
|-damage|p1a: Scizor|18/100
|
|-weather|Sandstorm|[upkeep]
|-damage|p2a: Slowbro|15/100|[from] Sandstorm
|upkeep
|turn|28
|
|t:|1707522192
|move|p1a: Scizor|Bullet Punch|p2a: Slowbro
|-resisted|p2a: Slowbro
|-damage|p2a: Slowbro|0 fnt
|-damage|p1a: Scizor|1/100|[from] item: Rocky Helmet|[of] p2a: Slowbro
|faint|p2a: Slowbro
|
|-weather|Sandstorm|[upkeep]
|upkeep
|
|t:|1707522197
|switch|p2a: Garchomp|Garchomp, M, shiny|100/100
|turn|29
|
|t:|1707522199
|move|p1a: Scizor|Bullet Punch|p2a: Garchomp
|-damage|p2a: Garchomp|49/100
|-damage|p1a: Scizor|0 fnt|[from] ability: Rough Skin|[of] p2a: Garchomp
|faint|p1a: Scizor
|
|win|leoperi99
|raw|ReallyFunTeams's rating: 1409 &rarr; <strong>1393</strong><br />(-16 for losing)
|raw|leoperi99's rating: 1471 &rarr; <strong>1487</strong><br />(+16 for winning)
|c|☆leoperi99|oh
|c|☆leoperi99|choice band
|c|☆leoperi99|thats cool
