|j|☆HydreigonSpammer
|j|☆aioso
|t:|1734289080
|gametype|singles
|player|p1|HydreigonSpammer|veteranf|1310
|player|p2|aioso|102|1450
|teamsize|p1|6
|teamsize|p2|6
|gen|5
|tier|[Gen 5] OU
|rated|
|rule|Species Clause: Limit one of each Pokémon
|rule|OHKO Clause: OHKO moves are banned
|rule|Moody Clause: Moody is banned
|rule|Evasion Items Clause: Evasion items are banned
|rule|Evasion Moves Clause: Evasion moves are banned
|rule|Endless Battle Clause: Forcing endless battles is banned
|rule|HP Percentage Mod: HP is shown in percentages
|rule|Evasion Abilities Clause: Evasion abilities are banned
|rule|Sleep Moves Clause: Sleep-inducing moves are banned
|rule|Swagger Clause: Swagger is banned
|rule|Baton Pass Stat Clause: No Baton Passer may have a way to boost its stats
|clearpoke
|poke|p1|Machamp, M|item
|poke|p1|Tyranitar, F|item
|poke|p1|Latios, M|item
|poke|p1|Cofagrigus, M|item
|poke|p1|Heatran, M|item
|poke|p1|Scolipede, F|item
|poke|p2|Metagross|item
|poke|p2|Magnezone|item
|poke|p2|Garchomp, F|item
|poke|p2|Latios, M|item
|poke|p2|Starmie|item
|poke|p2|Skarmory, F|item
|teampreview
|
|t:|1734289100
|start
|switch|p1a: Scolipede|Scolipede, F, shiny|100/100
|switch|p2a: Metagross|Metagross|100/100
|turn|1
|
|t:|1734289109
|move|p1a: Scolipede|Toxic Spikes|p2a: Metagross
|-sidestart|p2: aioso|move: Toxic Spikes
|move|p2a: Metagross|Meteor Mash|p1a: Scolipede|[miss]
|-miss|p2a: Metagross|p1a: Scolipede
|
|upkeep
|turn|2
|
|t:|1734289113
|move|p1a: Scolipede|Spikes|p2a: Metagross
|-sidestart|p2: aioso|Spikes
|move|p2a: Metagross|Meteor Mash|p1a: Scolipede
|-enditem|p1a: Scolipede|Focus Sash
|-damage|p1a: Scolipede|1/100
|
|upkeep
|turn|3
|
|t:|1734289120
|move|p1a: Scolipede|Earthquake|p2a: Metagross
|-supereffective|p2a: Metagross
|-damage|p2a: Metagross|68/100
|move|p2a: Metagross|Meteor Mash|p1a: Scolipede
|-damage|p1a: Scolipede|0 fnt
|-boost|p2a: Metagross|atk|1
|faint|p1a: Scolipede
|
|upkeep
|
|t:|1734289132
|switch|p1a: Heatran|Heatran, M|100/100
|turn|4
|
|t:|1734289137
|switch|p2a: Latios|Latios, M|100/100
|move|p1a: Heatran|Lava Plume|p2a: Latios
|-resisted|p2a: Latios
|-damage|p2a: Latios|81/100
|
|upkeep
|turn|5
|
|t:|1734289145
|switch|p1a: Tyranitar|Tyranitar, F|100/100
|-weather|Sandstorm|[from] ability: Sand Stream|[of] p1a: Tyranitar
|move|p2a: Latios|Calm Mind|p2a: Latios
|-boost|p2a: Latios|spa|1
|-boost|p2a: Latios|spd|1
|
|-weather|Sandstorm|[upkeep]
|-damage|p2a: Latios|75/100|[from] Sandstorm
|upkeep
|turn|6
|
|t:|1734289153
|move|p2a: Latios|Draco Meteor|p1a: Tyranitar
|-damage|p1a: Tyranitar|39/100
|-unboost|p2a: Latios|spa|2
|move|p1a: Tyranitar|Crunch|p2a: Latios
|-supereffective|p2a: Latios
|-damage|p2a: Latios|0 fnt
|faint|p2a: Latios
|
|-weather|Sandstorm|[upkeep]
|upkeep
|
|t:|1734289157
|switch|p2a: Starmie|Starmie|100/100
|-item|p2a: Starmie|Air Balloon
|turn|7
|
|t:|1734289163
|move|p2a: Starmie|Hydro Pump|p1a: Tyranitar
|-supereffective|p1a: Tyranitar
|-damage|p1a: Tyranitar|0 fnt
|faint|p1a: Tyranitar
|
|-weather|Sandstorm|[upkeep]
|-damage|p2a: Starmie|94/100|[from] Sandstorm
|upkeep
|
|t:|1734289172
|switch|p1a: Cofagrigus|Cofagrigus, M|100/100
|turn|8
|
|t:|1734289177
|move|p2a: Starmie|Hydro Pump|p1a: Cofagrigus|[miss]
|-miss|p2a: Starmie|p1a: Cofagrigus
|move|p1a: Cofagrigus|Shadow Ball|p2a: Starmie
|-supereffective|p2a: Starmie
|-damage|p2a: Starmie|21/100
|-enditem|p2a: Starmie|Air Balloon
|
|-weather|Sandstorm|[upkeep]
|-damage|p2a: Starmie|15/100|[from] Sandstorm
|-damage|p1a: Cofagrigus|95/100|[from] Sandstorm
|-heal|p1a: Cofagrigus|100/100|[from] item: Leftovers
|upkeep
|turn|9
|
|t:|1734289182
|switch|p2a: Skarmory|Skarmory, F|100/100
|move|p1a: Cofagrigus|Shadow Ball|p2a: Skarmory
|-resisted|p2a: Skarmory
|-damage|p2a: Skarmory|83/100
|
|-weather|Sandstorm|[upkeep]
|-damage|p1a: Cofagrigus|95/100|[from] Sandstorm
|-heal|p2a: Skarmory|89/100|[from] item: Leftovers
|-heal|p1a: Cofagrigus|100/100|[from] item: Leftovers
|upkeep
|turn|10
|
|t:|1734289186
|move|p2a: Skarmory|Taunt|p1a: Cofagrigus
|-start|p1a: Cofagrigus|move: Taunt
|move|p1a: Cofagrigus|Knock Off|p2a: Skarmory
|-resisted|p2a: Skarmory
|-damage|p2a: Skarmory|88/100
|-enditem|p2a: Skarmory|Leftovers|[from] move: Knock Off|[of] p1a: Cofagrigus
|
|-weather|Sandstorm|[upkeep]
|-damage|p1a: Cofagrigus|95/100|[from] Sandstorm
|-heal|p1a: Cofagrigus|100/100|[from] item: Leftovers
|upkeep
|turn|11
|
|t:|1734289191
|switch|p1a: Heatran|Heatran, M|100/100
|move|p2a: Skarmory|Stealth Rock|p1a: Heatran
|-sidestart|p1: HydreigonSpammer|move: Stealth Rock
|
|-weather|Sandstorm|[upkeep]
|upkeep
|turn|12
|j| iwannabetheveryb.
|
|t:|1734289211
|move|p1a: Heatran|Stealth Rock|p2a: Skarmory
|-sidestart|p2: aioso|move: Stealth Rock
|move|p2a: Skarmory|Whirlwind|p1a: Heatran
|drag|p1a: Machamp|Machamp, M|100/100
|-damage|p1a: Machamp|94/100|[from] Stealth Rock
|
|-weather|Sandstorm|[upkeep]
|-damage|p1a: Machamp|88/100|[from] Sandstorm
|upkeep
|turn|13
|
|t:|1734289226
|switch|p1a: Heatran|Heatran, M|100/100
|-damage|p1a: Heatran|88/100|[from] Stealth Rock
|move|p2a: Skarmory|Whirlwind|p1a: Heatran
|drag|p1a: Cofagrigus|Cofagrigus, M|100/100
|-damage|p1a: Cofagrigus|88/100|[from] Stealth Rock
|
|-weather|Sandstorm|[upkeep]
|-damage|p1a: Cofagrigus|82/100|[from] Sandstorm
|-heal|p1a: Cofagrigus|88/100|[from] item: Leftovers
|upkeep
|turn|14
|
|t:|1734289236
|switch|p1a: Heatran|Heatran, M|88/100
|-damage|p1a: Heatran|76/100|[from] Stealth Rock
|move|p2a: Skarmory|Taunt|p1a: Heatran
|-start|p1a: Heatran|move: Taunt
|
|-weather|Sandstorm|[upkeep]
|-heal|p1a: Heatran|82/100|[from] item: Leftovers
|upkeep
|turn|15
|
|t:|1734289240
|switch|p2a: Starmie|Starmie|15/100
|-status|p2a: Starmie|psn
|-damage|p2a: Starmie|2/100 psn|[from] Spikes
|-damage|p2a: Starmie|0 fnt|[from] Stealth Rock
|faint|p2a: Starmie
|move|p1a: Heatran|Lava Plume|p2: Starmie|[notarget]
|-fail|p1a: Heatran
|
|-weather|Sandstorm|[upkeep]
|-heal|p1a: Heatran|88/100|[from] item: Leftovers
|upkeep
|
|t:|1734289251
|switch|p2a: Garchomp|Garchomp, F|100/100
|-status|p2a: Garchomp|psn
|-damage|p2a: Garchomp|88/100 psn|[from] Spikes
|-damage|p2a: Garchomp|82/100 psn|[from] Stealth Rock
|turn|16
|
|t:|1734289260
|switch|p1a: Cofagrigus|Cofagrigus, M|88/100
|-damage|p1a: Cofagrigus|76/100|[from] Stealth Rock
|move|p2a: Garchomp|Earthquake|p1a: Cofagrigus
|-damage|p1a: Cofagrigus|39/100
|
|-weather|Sandstorm|[upkeep]
|-damage|p1a: Cofagrigus|33/100|[from] Sandstorm
|-heal|p1a: Cofagrigus|39/100|[from] item: Leftovers
|-damage|p2a: Garchomp|70/100 psn|[from] psn
|upkeep
|turn|17
|
|t:|1734289269
|switch|p2a: Skarmory|Skarmory, F|88/100
|-damage|p2a: Skarmory|76/100|[from] Stealth Rock
|move|p1a: Cofagrigus|Hidden Power|p2a: Skarmory
|-damage|p2a: Skarmory|54/100
|
|-weather|Sandstorm|[upkeep]
|-damage|p1a: Cofagrigus|33/100|[from] Sandstorm
|-heal|p1a: Cofagrigus|39/100|[from] item: Leftovers
|upkeep
|turn|18
|
|t:|1734289277
|move|p1a: Cofagrigus|Shadow Ball|p2a: Skarmory
|-resisted|p2a: Skarmory
|-damage|p2a: Skarmory|34/100
|move|p2a: Skarmory|Whirlwind|p1a: Cofagrigus
|drag|p1a: Machamp|Machamp, M|88/100
|-damage|p1a: Machamp|82/100|[from] Stealth Rock
|
|-weather|Sandstorm|[upkeep]
|-damage|p1a: Machamp|76/100|[from] Sandstorm
|upkeep
|turn|19
|
|t:|1734289283
|move|p1a: Machamp|Thunder Punch|p2a: Skarmory
|-supereffective|p2a: Skarmory
|-damage|p2a: Skarmory|4/100
|move|p2a: Skarmory|Whirlwind|p1a: Machamp
|drag|p1a: Cofagrigus|Cofagrigus, M|39/100
|-damage|p1a: Cofagrigus|27/100|[from] Stealth Rock
|
|-weather|Sandstorm|[upkeep]
|-damage|p1a: Cofagrigus|21/100|[from] Sandstorm
|-heal|p1a: Cofagrigus|27/100|[from] item: Leftovers
|upkeep
|turn|20
|
|t:|1734289289
|move|p2a: Skarmory|Roost|p2a: Skarmory
|-heal|p2a: Skarmory|54/100
|-singleturn|p2a: Skarmory|move: Roost
|move|p1a: Cofagrigus|Will-O-Wisp|p2a: Skarmory
|-status|p2a: Skarmory|brn
|
|-weather|Sandstorm|[upkeep]
|-damage|p1a: Cofagrigus|21/100|[from] Sandstorm
|-heal|p1a: Cofagrigus|27/100|[from] item: Leftovers
|-damage|p2a: Skarmory|42/100 brn|[from] brn
|upkeep
|turn|21
|
|t:|1734289294
|move|p2a: Skarmory|Roost|p2a: Skarmory
|-heal|p2a: Skarmory|92/100 brn
|-singleturn|p2a: Skarmory|move: Roost
|move|p1a: Cofagrigus|Shadow Ball|p2a: Skarmory
|-resisted|p2a: Skarmory
|-damage|p2a: Skarmory|74/100 brn
|
|-weather|Sandstorm|[upkeep]
|-damage|p1a: Cofagrigus|21/100|[from] Sandstorm
|-heal|p1a: Cofagrigus|27/100|[from] item: Leftovers
|-damage|p2a: Skarmory|62/100 brn|[from] brn
|upkeep
|turn|22
|
|t:|1734289298
|move|p1a: Cofagrigus|Shadow Ball|p2a: Skarmory
|-resisted|p2a: Skarmory
|-damage|p2a: Skarmory|44/100 brn
|move|p2a: Skarmory|Whirlwind|p1a: Cofagrigus
|drag|p1a: Heatran|Heatran, M|88/100
|-damage|p1a: Heatran|76/100|[from] Stealth Rock
|
|-weather|Sandstorm|[upkeep]
|-heal|p1a: Heatran|82/100|[from] item: Leftovers
|-damage|p2a: Skarmory|32/100 brn|[from] brn
|upkeep
|turn|23
|
|t:|1734289308
|move|p1a: Heatran|Lava Plume|p2a: Skarmory
|-supereffective|p2a: Skarmory
|-damage|p2a: Skarmory|0 fnt
|faint|p2a: Skarmory
|
|-weather|Sandstorm|[upkeep]
|-heal|p1a: Heatran|88/100|[from] item: Leftovers
|upkeep
|
|t:|1734289313
|switch|p2a: Garchomp|Garchomp, F|70/100 psn
|-damage|p2a: Garchomp|57/100 psn|[from] Spikes
|-damage|p2a: Garchomp|51/100 psn|[from] Stealth Rock
|turn|24
|
|t:|1734289320
|switch|p1a: Cofagrigus|Cofagrigus, M|27/100
|-damage|p1a: Cofagrigus|15/100|[from] Stealth Rock
|move|p2a: Garchomp|Earthquake|p1a: Cofagrigus
|-damage|p1a: Cofagrigus|0 fnt
|faint|p1a: Cofagrigus
|
|-weather|Sandstorm|[upkeep]
|-damage|p2a: Garchomp|39/100 psn|[from] psn
|upkeep
|
|t:|1734289325
|switch|p1a: Latios|Latios, M|100/100
|-damage|p1a: Latios|88/100|[from] Stealth Rock
|turn|25
|
|t:|1734289335
|switch|p2a: Magnezone|Magnezone|100/100
|-damage|p2a: Magnezone|88/100|[from] Spikes
|-damage|p2a: Magnezone|82/100|[from] Stealth Rock
|move|p1a: Latios|Surf|p2a: Magnezone
|-crit|p2a: Magnezone
|-damage|p2a: Magnezone|0 fnt
|faint|p2a: Magnezone
|-damage|p1a: Latios|78/100|[from] item: Life Orb
|
|-weather|Sandstorm|[upkeep]
|-damage|p1a: Latios|72/100|[from] Sandstorm
|upkeep
|
|t:|1734289337
|switch|p2a: Metagross|Metagross|68/100
|-damage|p2a: Metagross|56/100|[from] Spikes
|-damage|p2a: Metagross|50/100|[from] Stealth Rock
|turn|26
|j| Mike2811
|
|t:|1734289343
|move|p1a: Latios|Hidden Power|p2a: Metagross
|-supereffective|p2a: Metagross
|-crit|p2a: Metagross
|-damage|p2a: Metagross|0 fnt
|faint|p2a: Metagross
|-damage|p1a: Latios|62/100|[from] item: Life Orb
|
|-weather|Sandstorm|[upkeep]
|-damage|p1a: Latios|56/100|[from] Sandstorm
|upkeep
|
|t:|1734289349
|switch|p2a: Garchomp|Garchomp, F|39/100 psn
|-damage|p2a: Garchomp|27/100 psn|[from] Spikes
|-damage|p2a: Garchomp|20/100 psn|[from] Stealth Rock
|turn|27
|
|t:|1734289355
|move|p2a: Garchomp|Outrage|p1a: Latios
|-supereffective|p1a: Latios
|-damage|p1a: Latios|0 fnt
|faint|p1a: Latios
|
|-weather|Sandstorm|[upkeep]
|-damage|p2a: Garchomp|8/100 psn|[from] psn
|upkeep
|
|t:|1734289358
|switch|p1a: Heatran|Heatran, M|88/100
|-damage|p1a: Heatran|76/100|[from] Stealth Rock
|turn|28
|inactive|Battle timer is ON: inactive players will automatically lose when time's up. (requested by HydreigonSpammer)
|l| Mike2811
|j| night suwu
|
|t:|1734289403
|move|p2a: Garchomp|Outrage|p1a: Heatran|[from]lockedmove
|-resisted|p1a: Heatran
|-damage|p1a: Heatran|51/100
|move|p1a: Heatran|Lava Plume|p2a: Garchomp
|-resisted|p2a: Garchomp
|-damage|p2a: Garchomp|0 fnt
|faint|p2a: Garchomp
|
|win|HydreigonSpammer
|raw|HydreigonSpammer's rating: 1310 &rarr; <strong>1338</strong><br />(+28 for winning)
|raw|aioso's rating: 1450 &rarr; <strong>1422</strong><br />(-28 for losing)
|l|☆aioso
|player|p2|
