|j|☆lemonite90
|j|☆BWVC BookofConke
|t:|1709790344
|gametype|singles
|player|p1|lemonite90|265|1324
|player|p2|BWVC BookofConke|silver|1348
|teamsize|p1|6
|teamsize|p2|6
|gen|5
|tier|[Gen 5] OU
|rated|
|rule|Species Clause: Limit one of each Pokémon
|rule|OHKO Clause: OHKO moves are banned
|rule|Moody Clause: Moody is banned
|rule|Evasion Items Clause: Evasion items are banned
|rule|Evasion Moves Clause: Evasion moves are banned
|rule|Endless Battle Clause: Forcing endless battles is banned
|rule|HP Percentage Mod: HP is shown in percentages
|rule|Evasion Abilities Clause: Evasion abilities are banned
|rule|Sleep Moves Clause: Sleep-inducing moves are banned
|rule|Swagger Clause: Swagger is banned
|rule|Baton Pass Stat Clause: No Baton Passer may have a way to boost its stats
|clearpoke
|poke|p1|Espeon, M|item
|poke|p1|Heatran, M|item
|poke|p1|Starmie|item
|poke|p1|Scizor, M|item
|poke|p1|Gastrodon, M|item
|poke|p1|Celebi|item
|poke|p2|Politoed, M|item
|poke|p2|Ferrothorn, M|item
|poke|p2|Starmie|item
|poke|p2|Latios, M|item
|poke|p2|Scizor, M|item
|poke|p2|Thundurus-Therian, M|item
|teampreview
|
|t:|1709790363
|start
|switch|p1a: Celebi|Celebi|100/100
|switch|p2a: Scizor|Scizor, M|100/100
|turn|1
|
|t:|1709790370
|move|p2a: Scizor|U-turn|p1a: Celebi
|-supereffective|p1a: Celebi
|-damage|p1a: Celebi|0 fnt
|faint|p1a: Celebi
|
|t:|1709790381
|switch|p2a: Politoed|Politoed, M|100/100|[from] U-turn
|-weather|RainDance|[from] ability: Drizzle|[of] p2a: Politoed
|
|-weather|RainDance|[upkeep]
|upkeep
|
|t:|1709790388
|switch|p1a: Starmie|Starmie|100/100
|turn|2
|
|t:|1709790401
|switch|p2a: Ferrothorn|Ferrothorn, M|100/100
|move|p1a: Starmie|Thunder|p2a: Ferrothorn
|-resisted|p2a: Ferrothorn
|-damage|p2a: Ferrothorn|89/100
|
|-weather|RainDance|[upkeep]
|upkeep
|turn|3
|
|t:|1709790410
|switch|p1a: Espeon|Espeon, M|100/100
|move|p2a: Ferrothorn|Power Whip|p1a: Espeon
|-damage|p1a: Espeon|62/100
|
|-weather|RainDance|[upkeep]
|-heal|p1a: Espeon|68/100|[from] item: Leftovers
|upkeep
|turn|4
|
|t:|1709790420
|switch|p1a: Scizor|Scizor, M|100/100
|switch|p2a: Scizor|Scizor, M|100/100
|
|-weather|RainDance|[upkeep]
|upkeep
|turn|5
|
|t:|1709790429
|move|p2a: Scizor|U-turn|p1a: Scizor
|-resisted|p1a: Scizor
|-damage|p1a: Scizor|82/100
|
|t:|1709790437
|switch|p2a: Politoed|Politoed, M|100/100|[from] U-turn
|move|p1a: Scizor|Swords Dance|p1a: Scizor
|-boost|p1a: Scizor|atk|2
|
|-weather|RainDance|[upkeep]
|-heal|p1a: Scizor|88/100|[from] item: Leftovers
|upkeep
|turn|6
|
|t:|1709790451
|switch|p2a: Ferrothorn|Ferrothorn, M|89/100
|move|p1a: Scizor|Night Slash|p2a: Ferrothorn
|-resisted|p2a: Ferrothorn
|-crit|p2a: Ferrothorn
|-damage|p2a: Ferrothorn|50/100
|-damage|p1a: Scizor|76/100|[from] ability: Iron Barbs|[of] p2a: Ferrothorn
|
|-weather|RainDance|[upkeep]
|-heal|p1a: Scizor|82/100|[from] item: Leftovers
|upkeep
|turn|7
|
|t:|1709790469
|switch|p2a: Politoed|Politoed, M|100/100
|move|p1a: Scizor|Superpower|p2a: Politoed
|-damage|p2a: Politoed|25/100
|-unboost|p1a: Scizor|atk|1
|-unboost|p1a: Scizor|def|1
|
|-weather|RainDance|[upkeep]
|-heal|p1a: Scizor|88/100|[from] item: Leftovers
|upkeep
|turn|8
|
|t:|1709790484
|move|p2a: Politoed|Hydro Pump|p1a: Scizor
|-damage|p1a: Scizor|0 fnt
|faint|p1a: Scizor
|
|-weather|RainDance|[upkeep]
|upkeep
|-message|lemonite90 forfeited.
|
|win|BWVC BookofConke
|raw|lemonite90's rating: 1324 &rarr; <strong>1305</strong><br />(-19 for losing)
|raw|BWVC BookofConke's rating: 1348 &rarr; <strong>1367</strong><br />(+19 for winning)
|l|☆lemonite90
|player|p1|
