|j|☆dark web uzi
|j|☆alpha male 69 lol
|player|p1|dark web uzi|roxie|1406
|player|p2|alpha male 69 lol|whitney|1295
|teamsize|p1|6
|teamsize|p2|6
|gametype|singles
|gen|5
|tier|[Gen 5] OU
|rated|
|clearpoke
|poke|p1|Shelmet, F|item
|poke|p1|Landorus-Therian, M|item
|poke|p1|Dragonite, F|item
|poke|p1|Politoed, M|item
|poke|p1|Toxicroak, F|item
|poke|p1|Starmie|item
|poke|p2|Tyranitar, M|item
|poke|p2|Latios, M|item
|poke|p2|Rotom-Wash|item
|poke|p2|Keldeo|item
|poke|p2|Ferrothorn, M|item
|poke|p2|Alakazam, M|item
|rule|Species Clause: Limit one of each Pokémon
|rule|OHKO Clause: OHKO moves are banned
|rule|Moody Clause: Moody is banned
|rule|Evasion Moves Clause: Evasion moves are banned
|rule|Endless Battle Clause: Forcing endless battles is banned
|rule|HP Percentage Mod: HP is shown in percentages
|rule|Evasion Abilities Clause: Evasion abilities are banned
|rule|Baton Pass Clause: Limit one Baton Passer, can't pass Spe and other stats simultaneously
|rule|Sleep Clause: Sleep-inducing moves are banned
|rule|Swagger Clause: Swagger is banned
|teampreview
|
|start
|switch|p1a: Landorus|Landorus-Therian, M|100/100
|switch|p2a: Rotom|Rotom-Wash|100/100
|-ability|p1a: Landorus|Intimidate|boost
|-unboost|p2a: Rotom|atk|1
|turn|1
|
|move|p1a: Landorus|U-turn|p2a: Rotom
|-damage|p2a: Rotom|74/100
|
|switch|p1a: yessirskii|Shelmet, F|100/100|[from]move: U-turn
|move|p2a: Rotom|Hydro Pump|p1a: yessirskii
|-damage|p1a: yessirskii|52/100
|
|-heal|p2a: Rotom|80/100|[from] item: Leftovers
|upkeep
|turn|2
|
|move|p2a: Rotom|Hydro Pump|p1a: yessirskii
|-damage|p1a: yessirskii|8/100
|move|p1a: yessirskii|Toxic|p2a: Rotom
|-status|p2a: Rotom|tox
|
|-heal|p2a: Rotom|86/100 tox|[from] item: Leftovers
|-damage|p2a: Rotom|80/100 tox|[from] psn
|upkeep
|turn|3
|
|move|p2a: Rotom|Volt Switch|p1a: yessirskii
|-damage|p1a: yessirskii|0 fnt
|faint|p1a: yessirskii
|
|switch|p2a: Tyranitar|Tyranitar, M|100/100|[from]move: Volt Switch
|-weather|Sandstorm|[from] ability: Sand Stream|[of] p2a: Tyranitar
|
|-weather|Sandstorm|[upkeep]
|upkeep
|
|switch|p1a: Toxicroak|Toxicroak, F, shiny|100/100
|turn|4
|
|switch|p2a: Latios|Latios, M|100/100
|move|p1a: Toxicroak|Ice Punch|p2a: Latios
|-supereffective|p2a: Latios
|-damage|p2a: Latios|15/100
|-damage|p1a: Toxicroak|91/100|[from] item: Life Orb
|
|-weather|Sandstorm|[upkeep]
|-damage|p2a: Latios|9/100|[from] Sandstorm
|-damage|p1a: Toxicroak|85/100|[from] Sandstorm
|upkeep
|turn|5
|
|move|p1a: Toxicroak|Sucker Punch|p2a: Latios
|-supereffective|p2a: Latios
|-damage|p2a: Latios|0 fnt
|-damage|p1a: Toxicroak|75/100|[from] item: Life Orb
|faint|p2a: Latios
|
|-weather|Sandstorm|[upkeep]
|-damage|p1a: Toxicroak|69/100|[from] Sandstorm
|upkeep
|
|switch|p2a: Alakazam|Alakazam, M|100/100
|turn|6
|
|move|p1a: Toxicroak|Sucker Punch||[still]
|-fail|p1a: Toxicroak
|move|p2a: Alakazam|Thunder Wave|p1a: Toxicroak
|-status|p1a: Toxicroak|par
|
|-weather|Sandstorm|[upkeep]
|-damage|p1a: Toxicroak|63/100 par|[from] Sandstorm
|upkeep
|turn|7
|
|cant|p1a: Toxicroak|par
|move|p2a: Alakazam|Psychic|p1a: Toxicroak
|-supereffective|p1a: Toxicroak
|-damage|p1a: Toxicroak|0 fnt
|faint|p1a: Toxicroak
|
|-weather|Sandstorm|[upkeep]
|upkeep
|
|switch|p1a: Landorus|Landorus-Therian, M|100/100
|-ability|p1a: Landorus|Intimidate|boost
|-unboost|p2a: Alakazam|atk|1
|turn|8
|
|switch|p2a: Ferrothorn|Ferrothorn, M|100/100
|move|p1a: Landorus|U-turn|p2a: Ferrothorn
|-damage|p2a: Ferrothorn|84/100
|-damage|p1a: Landorus|88/100|[from] ability: Iron Barbs|[of] p2a: Ferrothorn
|
|switch|p1a: Dragonite|Dragonite, F|100/100|[from]move: U-turn
|
|-weather|Sandstorm|[upkeep]
|-damage|p1a: Dragonite|94/100|[from] Sandstorm
|-heal|p1a: Dragonite|100/100|[from] item: Leftovers
|-heal|p2a: Ferrothorn|90/100|[from] item: Leftovers
|upkeep
|turn|9
|
|move|p1a: Dragonite|Substitute|p1a: Dragonite
|-start|p1a: Dragonite|Substitute
|-damage|p1a: Dragonite|76/100
|move|p2a: Ferrothorn|Gyro Ball|p1a: Dragonite
|-end|p1a: Dragonite|Substitute
|
|-weather|Sandstorm|[upkeep]
|-damage|p1a: Dragonite|69/100|[from] Sandstorm
|-heal|p1a: Dragonite|76/100|[from] item: Leftovers
|-heal|p2a: Ferrothorn|96/100|[from] item: Leftovers
|upkeep
|turn|10
|
|move|p1a: Dragonite|Substitute|p1a: Dragonite
|-start|p1a: Dragonite|Substitute
|-damage|p1a: Dragonite|51/100
|move|p2a: Ferrothorn|Gyro Ball|p1a: Dragonite
|-end|p1a: Dragonite|Substitute
|
|-weather|Sandstorm|[upkeep]
|-damage|p1a: Dragonite|45/100|[from] Sandstorm
|-heal|p1a: Dragonite|51/100|[from] item: Leftovers
|-heal|p2a: Ferrothorn|100/100|[from] item: Leftovers
|upkeep
|turn|11
|
|move|p1a: Dragonite|Roost|p1a: Dragonite
|-heal|p1a: Dragonite|100/100
|-singleturn|p1a: Dragonite|move: Roost
|move|p2a: Ferrothorn|Gyro Ball|p1a: Dragonite
|-damage|p1a: Dragonite|81/100
|
|-weather|Sandstorm|[upkeep]
|-damage|p1a: Dragonite|75/100|[from] Sandstorm
|-heal|p1a: Dragonite|81/100|[from] item: Leftovers
|upkeep
|turn|12
|
|switch|p1a: Landorus|Landorus-Therian, M|88/100
|-ability|p1a: Landorus|Intimidate|boost
|-unboost|p2a: Ferrothorn|atk|1
|move|p2a: Ferrothorn|Gyro Ball|p1a: Landorus
|-damage|p1a: Landorus|49/100
|
|-weather|Sandstorm|[upkeep]
|upkeep
|turn|13
|
|move|p1a: Landorus|Stealth Rock|p2a: Ferrothorn
|-sidestart|p2: alpha male 69 lol|move: Stealth Rock
|move|p2a: Ferrothorn|Spikes|p1a: Landorus
|-sidestart|p1: dark web uzi|Spikes
|
|-weather|Sandstorm|[upkeep]
|upkeep
|turn|14
|
|switch|p1a: Politoed|Politoed, M|100/100
|-damage|p1a: Politoed|88/100|[from] Spikes
|-weather|RainDance|[from] ability: Drizzle|[of] p1a: Politoed
|move|p2a: Ferrothorn|Spikes|p1a: Politoed
|-sidestart|p1: dark web uzi|Spikes
|
|-weather|RainDance|[upkeep]
|-heal|p1a: Politoed|94/100|[from] item: Leftovers
|upkeep
|turn|15
|
|switch|p1a: Starmie|Starmie|100/100
|-damage|p1a: Starmie|84/100|[from] Spikes
|move|p2a: Ferrothorn|Power Whip|p1a: Starmie
|-supereffective|p1a: Starmie
|-damage|p1a: Starmie|0 fnt
|faint|p1a: Starmie
|
|-weather|RainDance|[upkeep]
|upkeep
|
|switch|p1a: Dragonite|Dragonite, F|81/100
|turn|16
|
|move|p1a: Dragonite|Substitute|p1a: Dragonite
|-start|p1a: Dragonite|Substitute
|-damage|p1a: Dragonite|56/100
|move|p2a: Ferrothorn|Gyro Ball|p1a: Dragonite
|-end|p1a: Dragonite|Substitute
|
|-weather|RainDance|[upkeep]
|-heal|p1a: Dragonite|62/100|[from] item: Leftovers
|upkeep
|turn|17
|
|move|p1a: Dragonite|Roost|p1a: Dragonite
|-heal|p1a: Dragonite|100/100
|-singleturn|p1a: Dragonite|move: Roost
|move|p2a: Ferrothorn|Gyro Ball|p1a: Dragonite
|-damage|p1a: Dragonite|87/100
|
|-weather|RainDance|[upkeep]
|-heal|p1a: Dragonite|93/100|[from] item: Leftovers
|upkeep
|turn|18
|
|move|p1a: Dragonite|Substitute|p1a: Dragonite
|-start|p1a: Dragonite|Substitute
|-damage|p1a: Dragonite|68/100
|move|p2a: Ferrothorn|Gyro Ball|p1a: Dragonite
|-end|p1a: Dragonite|Substitute
|
|-weather|RainDance|[upkeep]
|-heal|p1a: Dragonite|74/100|[from] item: Leftovers
|upkeep
|turn|19
|
|move|p1a: Dragonite|Substitute|p1a: Dragonite
|-start|p1a: Dragonite|Substitute
|-damage|p1a: Dragonite|49/100
|move|p2a: Ferrothorn|Gyro Ball|p1a: Dragonite
|-end|p1a: Dragonite|Substitute
|
|-weather|RainDance|[upkeep]
|-heal|p1a: Dragonite|56/100|[from] item: Leftovers
|upkeep
|turn|20
|
|move|p1a: Dragonite|Roost|p1a: Dragonite
|-heal|p1a: Dragonite|100/100
|-singleturn|p1a: Dragonite|move: Roost
|move|p2a: Ferrothorn|Power Whip|p1a: Dragonite
|-resisted|p1a: Dragonite
|-damage|p1a: Dragonite|95/100
|
|-weather|RainDance|[upkeep]
|-heal|p1a: Dragonite|100/100|[from] item: Leftovers
|upkeep
|turn|21
|
|move|p1a: Dragonite|Dragon Dance|p1a: Dragonite
|-boost|p1a: Dragonite|atk|1
|-boost|p1a: Dragonite|spe|1
|move|p2a: Ferrothorn|Power Whip|p1a: Dragonite
|-resisted|p1a: Dragonite
|-damage|p1a: Dragonite|98/100
|
|-weather|RainDance|[upkeep]
|-heal|p1a: Dragonite|100/100|[from] item: Leftovers
|upkeep
|turn|22
|
|switch|p2a: Rotom|Rotom-Wash|80/100 tox
|-damage|p2a: Rotom|67/100 tox|[from] Stealth Rock
|move|p1a: Dragonite|Dragon Dance|p1a: Dragonite
|-boost|p1a: Dragonite|atk|1
|-boost|p1a: Dragonite|spe|1
|
|-weather|RainDance|[upkeep]
|-heal|p2a: Rotom|73/100 tox|[from] item: Leftovers
|-damage|p2a: Rotom|67/100 tox|[from] psn
|upkeep
|turn|23
|
|move|p1a: Dragonite|Substitute|p1a: Dragonite
|-start|p1a: Dragonite|Substitute
|-damage|p1a: Dragonite|76/100
|move|p2a: Rotom|Thunder Wave||[still]
|-fail|p2a: Rotom
|
|-weather|RainDance|[upkeep]
|-heal|p1a: Dragonite|82/100|[from] item: Leftovers
|-heal|p2a: Rotom|73/100 tox|[from] item: Leftovers
|-damage|p2a: Rotom|62/100 tox|[from] psn
|upkeep
|turn|24
|
|move|p1a: Dragonite|Dragon Claw|p2a: Rotom
|-damage|p2a: Rotom|0 fnt
|faint|p2a: Rotom
|
|-weather|RainDance|[upkeep]
|-heal|p1a: Dragonite|88/100|[from] item: Leftovers
|upkeep
|
|switch|p2a: Keldeo|Keldeo|100/100
|-damage|p2a: Keldeo|94/100|[from] Stealth Rock
|turn|25
|
|move|p1a: Dragonite|Dragon Claw|p2a: Keldeo
|-damage|p2a: Keldeo|13/100
|move|p2a: Keldeo|Icy Wind|p1a: Dragonite
|-supereffective|p1a: Dragonite
|-end|p1a: Dragonite|Substitute
|
|-weather|RainDance|[upkeep]
|-heal|p1a: Dragonite|94/100|[from] item: Leftovers
|upkeep
|turn|26
|
|move|p1a: Dragonite|Dragon Claw|p2a: Keldeo
|-damage|p2a: Keldeo|0 fnt
|faint|p2a: Keldeo
|
|-weather|RainDance|[upkeep]
|-heal|p1a: Dragonite|100/100|[from] item: Leftovers
|upkeep
|
|switch|p2a: Alakazam|Alakazam, M|100/100
|turn|27
|
|move|p1a: Dragonite|Substitute|p1a: Dragonite
|-start|p1a: Dragonite|Substitute
|-damage|p1a: Dragonite|76/100
|move|p2a: Alakazam|Thunder Wave||[still]
|-fail|p2a: Alakazam
|
|-weather|RainDance|[upkeep]
|-heal|p1a: Dragonite|82/100|[from] item: Leftovers
|upkeep
|turn|28
|-message|alpha male 69 lol forfeited.
|
|win|dark web uzi
|l|☆alpha male 69 lol
|raw|dark web uzi's rating: 1387 &rarr; <strong>1404</strong><br />(+17 for winning)
|raw|alpha male 69 lol's rating: 1331 &rarr; <strong>1314</strong><br />(-17 for losing)
