|j|☆AstroMigui
|j|☆HydreigonSpammer
|t:|1736151713
|gametype|singles
|player|p1|AstroMigui|hoopster|1341
|player|p2|HydreigonSpammer|iris|1365
|teamsize|p1|6
|teamsize|p2|6
|gen|5
|tier|[Gen 5] OU
|rated|
|rule|Species Clause: Limit one of each Pokémon
|rule|OHKO Clause: OHKO moves are banned
|rule|Moody Clause: Moody is banned
|rule|Evasion Items Clause: Evasion items are banned
|rule|Evasion Moves Clause: Evasion moves are banned
|rule|Endless Battle Clause: Forcing endless battles is banned
|rule|HP Percentage Mod: HP is shown in percentages
|rule|Evasion Abilities Clause: Evasion abilities are banned
|rule|Sleep Moves Clause: Sleep-inducing moves are banned
|rule|Swagger Clause: Swagger is banned
|rule|Baton Pass Stat Clause: No Baton Passer may have a way to boost its stats
|clearpoke
|poke|p1|Metagross|item
|poke|p1|Heracross, F|item
|poke|p1|Porygon-Z|item
|poke|p1|Garchomp, M|item
|poke|p1|Ferrothorn, F|item
|poke|p1|Latios, M|item
|poke|p2|Garchomp, F|item
|poke|p2|Volcarona, F|item
|poke|p2|Dragonite, M|item
|poke|p2|Breloom, M|item
|poke|p2|Starmie|item
|poke|p2|Scizor, M|item
|teampreview
|
|t:|1736151722
|start
|switch|p1a: Metagross|Metagross|100/100
|switch|p2a: Garchomp|Garchomp, F|100/100
|turn|1
|
|t:|1736151726
|move|p2a: Garchomp|Earthquake|p1a: Metagross
|-supereffective|p1a: Metagross
|-enditem|p1a: Metagross|Shuca Berry|[eat]
|-enditem|p1a: Metagross|Shuca Berry|[weaken]
|-damage|p1a: Metagross|62/100
|move|p1a: Metagross|Ice Punch|p2a: Garchomp
|-supereffective|p2a: Garchomp
|-enditem|p2a: Garchomp|Focus Sash
|-damage|p2a: Garchomp|1/100
|-damage|p1a: Metagross|50/100|[from] ability: Rough Skin|[of] p2a: Garchomp
|
|upkeep
|turn|2
|
|t:|1736151735
|switch|p2a: Volcarona|Volcarona, F|100/100
|move|p1a: Metagross|Bullet Punch|p2a: Volcarona
|-resisted|p2a: Volcarona
|-damage|p2a: Volcarona|84/100
|
|upkeep
|turn|3
|
|t:|1736151743
|move|p2a: Volcarona|Flamethrower|p1a: Metagross
|-supereffective|p1a: Metagross
|-damage|p1a: Metagross|0 fnt
|faint|p1a: Metagross
|
|upkeep
|
|t:|1736151751
|switch|p1a: Heracross|Heracross, F|100/100
|turn|4
|
|t:|1736151772
|switch|p2a: Garchomp|Garchomp, F|1/100
|move|p1a: Heracross|Rock Slide|p2a: Garchomp
|-resisted|p2a: Garchomp
|-crit|p2a: Garchomp
|-damage|p2a: Garchomp|0 fnt
|faint|p2a: Garchomp
|
|upkeep
|
|t:|1736151784
|switch|p2a: Breloom|Breloom, M|100/100
|turn|5
|
|t:|1736151796
|switch|p1a: Latios|Latios, M|100/100
|move|p2a: Breloom|Swords Dance|p2a: Breloom
|-boost|p2a: Breloom|atk|2
|
|upkeep
|turn|6
|
|t:|1736151800
|switch|p2a: Scizor|Scizor, M|100/100
|move|p1a: Latios|Draco Meteor|p2a: Scizor
|-resisted|p2a: Scizor
|-damage|p2a: Scizor|51/100
|-unboost|p1a: Latios|spa|2
|
|upkeep
|turn|7
|
|t:|1736151814
|-activate|p1a: Latios|move: Pursuit
|move|p2a: Scizor|Pursuit|p1a: Latios|[from]Pursuit
|-supereffective|p1a: Latios
|-crit|p1a: Latios
|-damage|p1a: Latios|0 fnt
|faint|p1a: Latios
|-hint|A Pokemon can't switch between when it runs out of HP and when it faints
|
|upkeep
|
|t:|1736151817
|switch|p1a: Ferrothorn|Ferrothorn, F|100/100
|turn|8
|
|t:|1736151825
|switch|p2a: Volcarona|Volcarona, F|84/100
|switch|p1a: Garchomp|Garchomp, M|100/100
|
|upkeep
|turn|9
|
|t:|1736151836
|switch|p2a: Scizor|Scizor, M|51/100
|move|p1a: Garchomp|Earthquake|p2a: Scizor
|-damage|p2a: Scizor|0 fnt
|faint|p2a: Scizor
|
|upkeep
|
|t:|1736151842
|switch|p2a: Starmie|Starmie|100/100
|-item|p2a: Starmie|Air Balloon
|turn|10
|
|t:|1736151851
|switch|p2a: Volcarona|Volcarona, F|84/100
|switch|p1a: Ferrothorn|Ferrothorn, F|100/100
|
|upkeep
|turn|11
|
|t:|1736151862
|move|p2a: Volcarona|Quiver Dance|p2a: Volcarona
|-boost|p2a: Volcarona|spa|1
|-boost|p2a: Volcarona|spd|1
|-boost|p2a: Volcarona|spe|1
|move|p1a: Ferrothorn|Gyro Ball|p2a: Volcarona
|-resisted|p2a: Volcarona
|-damage|p2a: Volcarona|46/100
|
|upkeep
|turn|12
|
|t:|1736151869
|move|p2a: Volcarona|Quiver Dance|p2a: Volcarona
|-boost|p2a: Volcarona|spa|1
|-boost|p2a: Volcarona|spd|1
|-boost|p2a: Volcarona|spe|1
|move|p1a: Ferrothorn|Gyro Ball|p2a: Volcarona
|-resisted|p2a: Volcarona
|-damage|p2a: Volcarona|7/100
|-status|p1a: Ferrothorn|brn|[from] ability: Flame Body|[of] p2a: Volcarona
|
|-damage|p1a: Ferrothorn|88/100 brn|[from] brn
|upkeep
|turn|13
|
|t:|1736151875
|move|p2a: Volcarona|Flamethrower|p1a: Ferrothorn
|-supereffective|p1a: Ferrothorn
|-damage|p1a: Ferrothorn|0 fnt
|faint|p1a: Ferrothorn
|
|upkeep
|
|t:|1736151885
|switch|p1a: Garchomp|Garchomp, M|100/100
|turn|14
|
|t:|1736151890
|move|p2a: Volcarona|Bug Buzz|p1a: Garchomp
|-damage|p1a: Garchomp|0 fnt
|faint|p1a: Garchomp
|
|upkeep
|
|t:|1736151893
|switch|p1a: Porygon-Z|Porygon-Z|100/100
|turn|15
|
|t:|1736151896
|move|p2a: Volcarona|Bug Buzz|p1a: Porygon-Z
|-damage|p1a: Porygon-Z|0 fnt
|faint|p1a: Porygon-Z
|
|upkeep
|
|t:|1736151899
|switch|p1a: Heracross|Heracross, F|100/100
|turn|16
|
|t:|1736151902
|move|p2a: Volcarona|Psychic|p1a: Heracross
|-supereffective|p1a: Heracross
|-damage|p1a: Heracross|0 fnt
|faint|p1a: Heracross
|
|win|HydreigonSpammer
|raw|AstroMigui's rating: 1341 &rarr; <strong>1322</strong><br />(-19 for losing)
|raw|HydreigonSpammer's rating: 1365 &rarr; <strong>1384</strong><br />(+19 for winning)
|c|☆AstroMigui|gg
|c|☆HydreigonSpammer|gg
