|j|smile toad ∑(°)
|j|babiri kion
|player|p1|smile toad ∑(°)|183
|teamsize|p1|6
|player|p2|babiri kion|288
|teamsize|p2|6
|gametype|singles
|gen|5
|tier|[Gen 5] OU
|rated|
|seed|23686,50252,53166,7263
|rule|Sleep Clause Mod: Limit one foe put to sleep
|rule|Species Clause: Limit one of each Pokémon
|rule|OHKO Clause: OHKO moves are banned
|rule|Moody Clause: Moody is banned
|rule|Evasion Moves Clause: Evasion moves are banned
|rule|Endless Battle Clause: Forcing endless battles is banned
|rule|HP Percentage Mod: HP is shown in percentages
|rule|Evasion Abilities Clause: Evasion abilities are banned
|rule|Baton Pass Clause: Limit one Baton Passer, can't pass Spe and other stats simultaneously
|rule|Swagger Clause: Swagger is banned
|clearpoke
|poke|p1|Azumarill, M|item
|poke|p1|Keldeo-Resolute|item
|poke|p1|Thundurus-Therian, M|item
|poke|p1|Tornadus, M|item
|poke|p1|Politoed, F|item
|poke|p1|Terrakion|item
|poke|p2|Azelf|item
|poke|p2|Garchomp, M|item
|poke|p2|Kabutops, M|item
|poke|p2|Kingdra, M|item
|poke|p2|Latios, M|item
|poke|p2|Tornadus, M|item
|teampreview
|choice|team 6, team 2, team 3, team 4, team 5, team 1|team 1, team 2, team 3, team 4, team 5, team 6
|
|start
|switch|p1a: CTC the goat|Terrakion|323/323
|switch|p2a: Azelf|Azelf|292/292
|turn|1
|choice|move closecombat|move taunt
|
|move|p2a: Azelf|Taunt|p1a: CTC the goat
|-start|p1a: CTC the goat|move: Taunt
|move|p1a: CTC the goat|Close Combat|p2a: Azelf
|-resisted|p2a: Azelf
|-damage|p2a: Azelf|138/292
|-unboost|p1a: CTC the goat|def|1
|-unboost|p1a: CTC the goat|spd|1
|
|upkeep
|turn|2
|choice|move closecombat|move stealthrock
|
|move|p2a: Azelf|Stealth Rock|p1a: CTC the goat
|-sidestart|p1: smile toad ∑(°)|move: Stealth Rock
|move|p1a: CTC the goat|Close Combat|p2a: Azelf
|-resisted|p2a: Azelf
|-damage|p2a: Azelf|0 fnt
|-unboost|p1a: CTC the goat|def|1
|-unboost|p1a: CTC the goat|spd|1
|faint|p2a: Azelf
|
|upkeep
|choice||switch 2
|
|switch|p2a: Garchomp|Garchomp, M|358/358
|turn|3
|choice|move stoneedge|move dragonclaw
|
|move|p1a: CTC the goat|Stone Edge|p2a: Garchomp
|-resisted|p2a: Garchomp
|-damage|p2a: Garchomp|260/358
|move|p2a: Garchomp|Dragon Claw|p1a: CTC the goat
|-enditem|p1a: CTC the goat|Focus Sash
|-damage|p1a: CTC the goat|1/323
|
|-end|p1a: CTC the goat|move: Taunt
|upkeep
|turn|4
|choice|move stealthrock|move dragonclaw
|
|move|p1a: CTC the goat|Stealth Rock|p2a: Garchomp
|-sidestart|p2: babiri kion|move: Stealth Rock
|move|p2a: Garchomp|Dragon Claw|p1a: CTC the goat
|-damage|p1a: CTC the goat|0 fnt
|faint|p1a: CTC the goat
|
|upkeep
|choice|switch 2|
|
|switch|p1a: CTC the doat|Keldeo-Resolute|324/324
|-damage|p1a: CTC the doat|304/324|[from] Stealth Rock
|turn|5
|choice|move hiddenpower|move dragonclaw
|
|move|p1a: CTC the doat|Hidden Power|p2a: Garchomp
|-supereffective|p2a: Garchomp
|-damage|p2a: Garchomp|0 fnt
|faint|p2a: Garchomp
|
|upkeep
|choice||switch 5
|
|switch|p2a: Latios|Latios, M|302/302
|-damage|p2a: Latios|265/302|[from] Stealth Rock
|turn|6
|choice|switch 5|move raindance
|
|switch|p1a: CTC the toat|Politoed, F|375/375
|-damage|p1a: CTC the toat|329/375|[from] Stealth Rock
|-weather|RainDance|[from] ability: Drizzle|[of] p1a: CTC the toat
|move|p2a: Latios|Rain Dance|p2a: Latios
|-fail|p2a: Latios
|
|-weather|RainDance|[upkeep]
|upkeep
|turn|7
|choice|move icebeam|move thunder
|
|move|p2a: Latios|Thunder|p1a: CTC the toat
|-supereffective|p1a: CTC the toat
|-damage|p1a: CTC the toat|0 fnt
|-damage|p2a: Latios|235/302|[from] item: Life Orb
|faint|p1a: CTC the toat
|
|-weather|RainDance|[upkeep]
|upkeep
|choice|switch 4|
|
|switch|p1a: CTC the soat|Tornadus, M|300/300
|-damage|p1a: CTC the soat|225/300|[from] Stealth Rock
|turn|8
|choice|move hurricane|move thunder
|
|move|p1a: CTC the soat|Hurricane|p2a: Latios
|-damage|p2a: Latios|0 fnt
|faint|p2a: Latios
|
|-weather|RainDance|[upkeep]
|upkeep
|choice||switch 4
|
|switch|p2a: Kingdra|Kingdra, M|291/291
|-damage|p2a: Kingdra|255/291|[from] Stealth Rock
|turn|9
|choice|move hurricane|move surf
|
|move|p2a: Kingdra|Surf|p1a: CTC the soat
|-damage|p1a: CTC the soat|0 fnt
|-damage|p2a: Kingdra|226/291|[from] item: Life Orb
|faint|p1a: CTC the soat
|
|-weather|RainDance|[upkeep]
|upkeep
|choice|switch 3|
|
|switch|p1a: CTC the poat|Thundurus-Therian, M|337/337
|-damage|p1a: CTC the poat|253/337|[from] Stealth Rock
|turn|10
|choice|move agility|move surf
|
|move|p2a: Kingdra|Surf|p1a: CTC the poat
|-damage|p1a: CTC the poat|0 fnt
|-damage|p2a: Kingdra|197/291|[from] item: Life Orb
|faint|p1a: CTC the poat
|
|-weather|RainDance|[upkeep]
|upkeep
|choice|switch 6|
|
|switch|p1a: CTC the boat|Azumarill, M|403/403
|-damage|p1a: CTC the boat|353/403|[from] Stealth Rock
|turn|11
|choice|move frustration|switch 6
|
|switch|p2a: Tornadus|Tornadus, M|299/299
|-damage|p2a: Tornadus|225/299|[from] Stealth Rock
|move|p1a: CTC the boat|Frustration|p2a: Tornadus
|-crit|p2a: Tornadus
|-damage|p2a: Tornadus|0 fnt
|faint|p2a: Tornadus
|
|-weather|RainDance|[upkeep]
|upkeep
|choice||switch 3
|
|switch|p2a: Kabutops|Kabutops, M|281/281
|-damage|p2a: Kabutops|246/281|[from] Stealth Rock
|turn|12
|choice|move frustration|move stoneedge
|
|move|p2a: Kabutops|Stone Edge|p1a: CTC the boat
|-crit|p1a: CTC the boat
|-damage|p1a: CTC the boat|0 fnt
|-damage|p2a: Kabutops|218/281|[from] item: Life Orb
|faint|p1a: CTC the boat
|
|-weather|RainDance|[upkeep]
|upkeep
|choice|switch 5|
|
|switch|p1a: CTC the doat|Keldeo-Resolute|304/324
|-damage|p1a: CTC the doat|284/324|[from] Stealth Rock
|turn|13
|choice|move secretsword|move waterfall
|
|move|p2a: Kabutops|Waterfall|p1a: CTC the doat
|-resisted|p1a: CTC the doat
|-damage|p1a: CTC the doat|154/324
|-damage|p2a: Kabutops|190/281|[from] item: Life Orb
|cant|p1a: CTC the doat|flinch
|
|-weather|RainDance|[upkeep]
|upkeep
|turn|14
|choice|move secretsword|move waterfall
|
|move|p2a: Kabutops|Waterfall|p1a: CTC the doat
|-resisted|p1a: CTC the doat
|-damage|p1a: CTC the doat|5/324
|-damage|p2a: Kabutops|162/281|[from] item: Life Orb
|cant|p1a: CTC the doat|flinch
|
|-weather|RainDance|[upkeep]
|upkeep
|turn|15
|choice|move secretsword|move waterfall
|
|move|p2a: Kabutops|Waterfall|p1a: CTC the doat
|-resisted|p1a: CTC the doat
|-damage|p1a: CTC the doat|0 fnt
|-damage|p2a: Kabutops|134/281|[from] item: Life Orb
|faint|p1a: CTC the doat
|
|win|babiri kion
|raw|smile toad ∑(°)'s rating: 1381 &rarr; <strong>1357</strong><br />(-24 for losing)
|raw|babiri kion's rating: 1302 &rarr; <strong>1327</strong><br />(+25 for winning)