|j|☆onionbunion
|j|☆Jjang8779
|t:|1743551412
|gametype|singles
|player|p1|onionbunion|gentleman-gen1rb|1491
|player|p2|Jjang8779|266|1337
|teamsize|p1|6
|teamsize|p2|6
|gen|5
|tier|[Gen 5] OU
|rated|
|rule|Species Clause: Limit one of each Pokémon
|rule|OHKO Clause: OHKO moves are banned
|rule|Moody Clause: Moody is banned
|rule|Evasion Items Clause: Evasion items are banned
|rule|Evasion Moves Clause: Evasion moves are banned
|rule|Endless Battle Clause: Forcing endless battles is banned
|rule|HP Percentage Mod: HP is shown in percentages
|rule|Evasion Abilities Clause: Evasion abilities are banned
|rule|Sleep Moves Clause: Sleep-inducing moves are banned
|rule|Swagger Clause: Swagger is banned
|rule|Baton Pass Stat Clause: No Baton Passer may have a way to boost its stats
|clearpoke
|poke|p1|Tyranitar, F|item
|poke|p1|Excadrill, M|item
|poke|p1|Rotom-Wash|item
|poke|p1|Landorus-Therian, M|item
|poke|p1|Latios, M|item
|poke|p1|Alakazam, F|item
|poke|p2|Politoed, M|item
|poke|p2|Tentacruel, M|item
|poke|p2|Breloom, M|item
|poke|p2|Jirachi|item
|poke|p2|Garchomp, F|item
|poke|p2|Gyarados, F|item
|teampreview
|inactive|Battle timer is ON: inactive players will automatically lose when time's up. (requested by Jjang8779)
|inactive|onionbunion has 120 seconds left.
|inactive|Jjang8779 has 120 seconds left.
|
|t:|1743551480
|start
|switch|p1a: Rotom|Rotom-Wash|100/100
|switch|p2a: Jirachi|Jirachi|100/100
|turn|1
|
|t:|1743551486
|move|p1a: Rotom|Will-O-Wisp|p2a: Jirachi
|-status|p2a: Jirachi|brn
|move|p2a: Jirachi|Stealth Rock|p1a: Rotom
|-sidestart|p1: onionbunion|move: Stealth Rock
|
|-damage|p2a: Jirachi|88/100 brn|[from] brn
|upkeep
|turn|2
|
|t:|1743551493
|move|p1a: Rotom|Volt Switch|p2a: Jirachi
|-damage|p2a: Jirachi|73/100 brn
|
|t:|1743551509
|switch|p1a: Landorus|Landorus-Therian, M|100/100|[from] Volt Switch
|-damage|p1a: Landorus|88/100|[from] Stealth Rock
|-ability|p1a: Landorus|Intimidate|boost
|-unboost|p2a: Jirachi|atk|1
|move|p2a: Jirachi|U-turn|p1a: Landorus
|-resisted|p1a: Landorus
|-damage|p1a: Landorus|86/100
|
|t:|1743551526
|switch|p2a: Politoed|Politoed, M|100/100|[from] U-turn
|-weather|RainDance|[from] ability: Drizzle|[of] p2a: Politoed
|
|-weather|RainDance|[upkeep]
|-heal|p1a: Landorus|92/100|[from] item: Leftovers
|upkeep
|turn|3
|j| jinwoo1234
|inactive|onionbunion has 120 seconds left.
|inactive|onionbunion has 90 seconds left.
|
|t:|1743551594
|move|p2a: Politoed|Hydro Pump|p1a: Landorus
|-supereffective|p1a: Landorus
|-damage|p1a: Landorus|0 fnt
|faint|p1a: Landorus
|
|-weather|RainDance|[upkeep]
|upkeep
|
|t:|1743551603
|switch|p1a: Latios|Latios, M|100/100
|-damage|p1a: Latios|88/100|[from] Stealth Rock
|turn|4
|
|t:|1743551618
|move|p1a: Latios|Draco Meteor|p2a: Politoed
|-damage|p2a: Politoed|0 fnt
|-unboost|p1a: Latios|spa|2
|faint|p2a: Politoed
|
|-weather|RainDance|[upkeep]
|upkeep
|inactive|Jjang8779 has 120 seconds left.
|inactive|Jjang8779 has 90 seconds left.
|
|t:|1743551677
|switch|p2a: Garchomp|Garchomp, F|100/100
|turn|5
|inactive|onionbunion has 90 seconds left.
|
|t:|1743551716
|switch|p1a: Excadrill|Excadrill, M|100/100
|-damage|p1a: Excadrill|97/100|[from] Stealth Rock
|move|p2a: Garchomp|Outrage|p1a: Excadrill
|-resisted|p1a: Excadrill
|-crit|p1a: Excadrill
|-damage|p1a: Excadrill|2/100
|
|-weather|RainDance|[upkeep]
|upkeep
|turn|6
|
|t:|1743551725
|move|p2a: Garchomp|Outrage|p1a: Excadrill|[from] lockedmove
|-resisted|p1a: Excadrill
|-damage|p1a: Excadrill|0 fnt
|faint|p1a: Excadrill
|
|-weather|RainDance|[upkeep]
|upkeep
|
|t:|1743551729
|switch|p1a: Tyranitar|Tyranitar, F|100/100
|-damage|p1a: Tyranitar|88/100|[from] Stealth Rock
|-weather|Sandstorm|[from] ability: Sand Stream|[of] p1a: Tyranitar
|turn|7
|inactive|onionbunion has 90 seconds left.
|
|t:|1743551736
|move|p2a: Garchomp|Outrage|p1a: Tyranitar|[from] lockedmove
|-damage|p1a: Tyranitar|37/100
|-start|p2a: Garchomp|confusion|[fatigue]
|move|p1a: Tyranitar|Crunch|p2a: Garchomp
|-damage|p2a: Garchomp|65/100
|-damage|p1a: Tyranitar|25/100|[from] ability: Rough Skin|[of] p2a: Garchomp
|
|-weather|Sandstorm|[upkeep]
|upkeep
|turn|8
|inactive|onionbunion has 90 seconds left.
|-enditem|p1a: Tyranitar|Custap Berry|[eat]
|-activate|p1a: Tyranitar|item: Custap Berry|[consumed]
|
|t:|1743551747
|switch|p2a: Breloom|Breloom, M|100/100
|move|p1a: Tyranitar|Crunch|p2a: Breloom
|-resisted|p2a: Breloom
|-damage|p2a: Breloom|76/100
|
|-weather|Sandstorm|[upkeep]
|-damage|p2a: Breloom|70/100|[from] Sandstorm
|-status|p2a: Breloom|tox|[from] item: Toxic Orb
|upkeep
|turn|9
|inactive|onionbunion has 90 seconds left.
|inactive|Jjang8779 has 120 seconds left.
|
|t:|1743551764
|switch|p1a: Latios|Latios, M|88/100
|-damage|p1a: Latios|76/100|[from] Stealth Rock
|move|p2a: Breloom|Seed Bomb|p1a: Latios
|-resisted|p1a: Latios
|-damage|p1a: Latios|47/100
|
|-weather|Sandstorm|[upkeep]
|-damage|p1a: Latios|41/100|[from] Sandstorm
|-damage|p2a: Breloom|63/100 tox|[from] Sandstorm
|-heal|p2a: Breloom|76/100 tox|[from] ability: Poison Heal
|upkeep
|turn|10
|
|t:|1743551769
|move|p2a: Breloom|Protect|p2a: Breloom
|-singleturn|p2a: Breloom|Protect
|move|p1a: Latios|Draco Meteor|p2a: Breloom
|-activate|p2a: Breloom|move: Protect
|
|-weather|Sandstorm|[upkeep]
|-damage|p1a: Latios|35/100|[from] Sandstorm
|-damage|p2a: Breloom|70/100 tox|[from] Sandstorm
|-heal|p2a: Breloom|82/100 tox|[from] ability: Poison Heal
|upkeep
|turn|11
|
|t:|1743551776
|switch|p2a: Tentacruel|Tentacruel, M|100/100
|move|p1a: Latios|Draco Meteor|p2a: Tentacruel
|-damage|p2a: Tentacruel|10/100
|-unboost|p1a: Latios|spa|2
|
|-weather|Sandstorm|[upkeep]
|-damage|p1a: Latios|29/100|[from] Sandstorm
|-damage|p2a: Tentacruel|4/100|[from] Sandstorm
|-heal|p2a: Tentacruel|10/100|[from] item: Black Sludge
|upkeep
|turn|12
|
|t:|1743551783
|move|p1a: Latios|Draco Meteor|p2a: Tentacruel
|-damage|p2a: Tentacruel|0 fnt
|-unboost|p1a: Latios|spa|2
|faint|p2a: Tentacruel
|
|-weather|Sandstorm|[upkeep]
|-damage|p1a: Latios|23/100|[from] Sandstorm
|upkeep
|
|t:|1743551791
|switch|p2a: Garchomp|Garchomp, F|65/100
|turn|13
|
|t:|1743551797
|switch|p1a: Tyranitar|Tyranitar, F|25/100
|-damage|p1a: Tyranitar|12/100|[from] Stealth Rock
|move|p2a: Garchomp|Outrage|p1a: Tyranitar
|-damage|p1a: Tyranitar|0 fnt
|faint|p1a: Tyranitar
|
|-weather|Sandstorm|[upkeep]
|upkeep
|
|t:|1743551800
|switch|p1a: Rotom|Rotom-Wash|100/100
|-damage|p1a: Rotom|88/100|[from] Stealth Rock
|turn|14
|
|t:|1743551803
|move|p2a: Garchomp|Outrage|p1a: Rotom|[from] lockedmove
|-damage|p1a: Rotom|39/100
|move|p1a: Rotom|Will-O-Wisp|p2a: Garchomp
|-status|p2a: Garchomp|brn
|
|-weather|Sandstorm|[upkeep]
|-damage|p1a: Rotom|32/100|[from] Sandstorm
|-heal|p1a: Rotom|39/100|[from] item: Leftovers
|-damage|p2a: Garchomp|53/100 brn|[from] brn
|upkeep
|turn|15
|
|t:|1743551812
|move|p2a: Garchomp|Outrage|p1a: Rotom|[from] lockedmove
|-damage|p1a: Rotom|12/100
|-start|p2a: Garchomp|confusion|[fatigue]
|move|p1a: Rotom|Hydro Pump|p2a: Garchomp
|-damage|p2a: Garchomp|7/100 brn
|
|-weather|Sandstorm|[upkeep]
|-damage|p1a: Rotom|6/100|[from] Sandstorm
|-heal|p1a: Rotom|12/100|[from] item: Leftovers
|-damage|p2a: Garchomp|0 fnt|[from] brn
|faint|p2a: Garchomp
|upkeep
|
|t:|1743551818
|switch|p2a: Breloom|Breloom, M|82/100 tox
|turn|16
|
|t:|1743551830
|move|p1a: Rotom|Pain Split|p2a: Breloom
|-sethp|p2a: Breloom|47/100 tox|[from] move: Pain Split|[silent]
|-sethp|p1a: Rotom|49/100|[from] move: Pain Split
|move|p2a: Breloom|Substitute|p2a: Breloom
|-start|p2a: Breloom|Substitute
|-damage|p2a: Breloom|22/100 tox
|
|-weather|Sandstorm|[upkeep]
|-damage|p1a: Rotom|43/100|[from] Sandstorm
|-damage|p2a: Breloom|15/100 tox|[from] Sandstorm
|-heal|p1a: Rotom|49/100|[from] item: Leftovers
|-heal|p2a: Breloom|28/100 tox|[from] ability: Poison Heal
|upkeep
|turn|17
|
|t:|1743551846
|move|p2a: Breloom|Protect|p2a: Breloom
|-singleturn|p2a: Breloom|Protect
|move|p1a: Rotom|Hydro Pump|p2a: Breloom
|-activate|p2a: Breloom|move: Protect
|
|-weather|Sandstorm|[upkeep]
|-damage|p1a: Rotom|43/100|[from] Sandstorm
|-damage|p2a: Breloom|22/100 tox|[from] Sandstorm
|-heal|p1a: Rotom|49/100|[from] item: Leftovers
|-heal|p2a: Breloom|34/100 tox|[from] ability: Poison Heal
|upkeep
|turn|18
|
|t:|1743551852
|move|p1a: Rotom|Hydro Pump|p2a: Breloom
|-resisted|p2a: Breloom
|-end|p2a: Breloom|Substitute
|move|p2a: Breloom|Seed Bomb|p1a: Rotom
|-supereffective|p1a: Rotom
|-damage|p1a: Rotom|0 fnt
|faint|p1a: Rotom
|
|-weather|Sandstorm|[upkeep]
|-damage|p2a: Breloom|28/100 tox|[from] Sandstorm
|-heal|p2a: Breloom|40/100 tox|[from] ability: Poison Heal
|upkeep
|
|t:|1743551858
|switch|p1a: Alakazam|Alakazam, F|100/100
|turn|19
|
|t:|1743551865
|move|p1a: Alakazam|Psyshock|p2a: Breloom
|-supereffective|p2a: Breloom
|-damage|p2a: Breloom|0 fnt
|faint|p2a: Breloom
|
|-weather|Sandstorm|[upkeep]
|upkeep
|
|t:|1743551871
|switch|p2a: Jirachi|Jirachi|73/100 brn
|turn|20
|
|t:|1743551878
|move|p1a: Alakazam|Hidden Power|p2a: Jirachi
|-supereffective|p2a: Jirachi
|-damage|p2a: Jirachi|36/100 brn
|move|p2a: Jirachi|U-turn|p1a: Alakazam
|-supereffective|p1a: Alakazam
|-damage|p1a: Alakazam|66/100
|
|t:|1743551881
|switch|p2a: Gyarados|Gyarados, F|100/100|[from] U-turn
|
|-weather|Sandstorm|[upkeep]
|-damage|p2a: Gyarados|94/100|[from] Sandstorm
|upkeep
|turn|21
|
|t:|1743551887
|move|p2a: Gyarados|Outrage|p1a: Alakazam
|-damage|p1a: Alakazam|0 fnt
|faint|p1a: Alakazam
|-ability|p2a: Gyarados|Moxie|boost
|-boost|p2a: Gyarados|atk|1
|
|-weather|Sandstorm|[upkeep]
|-damage|p2a: Gyarados|88/100|[from] Sandstorm
|upkeep
|
|t:|1743551894
|switch|p1a: Latios|Latios, M|23/100
|-damage|p1a: Latios|11/100|[from] Stealth Rock
|turn|22
|
|t:|1743551896
|move|p2a: Gyarados|Outrage|p1a: Latios|[from] lockedmove
|-supereffective|p1a: Latios
|-damage|p1a: Latios|0 fnt
|faint|p1a: Latios
|-ability|p2a: Gyarados|Moxie|boost
|-boost|p2a: Gyarados|atk|1
|-start|p2a: Gyarados|confusion|[fatigue]
|
|win|Jjang8779
|raw|onionbunion's rating: 1491 &rarr; <strong>1463</strong><br />(-28 for losing)
|raw|Jjang8779's rating: 1337 &rarr; <strong>1365</strong><br />(+28 for winning)
|l|☆onionbunion
|player|p1|
|l|☆Jjang8779
|player|p2|
|j|☆Jjang8779
|player|p2|Jjang8779|266|
