|j|☆baishii
|j|☆Hussumon2
|t:|1708202234
|gametype|singles
|player|p1|baishii|steven|1511
|player|p2|Hussumon2|palmer|1363
|teamsize|p1|6
|teamsize|p2|6
|gen|5
|tier|[Gen 5] OU
|rated|
|rule|Species Clause: Limit one of each Pokémon
|rule|OHKO Clause: OHKO moves are banned
|rule|Moody Clause: Moody is banned
|rule|Evasion Items Clause: Evasion items are banned
|rule|Evasion Moves Clause: Evasion moves are banned
|rule|Endless Battle Clause: Forcing endless battles is banned
|rule|HP Percentage Mod: HP is shown in percentages
|rule|Evasion Abilities Clause: Evasion abilities are banned
|rule|Sleep Moves Clause: Sleep-inducing moves are banned
|rule|Swagger Clause: Swagger is banned
|rule|Baton Pass Stat Clause: No Baton Passer may have a way to boost its stats
|clearpoke
|poke|p1|Bronzong|item
|poke|p1|Dusclops, M|item
|poke|p1|Reuniclus, M|item
|poke|p1|Marowak, F|item
|poke|p1|Conkeldurr, M|item
|poke|p1|Crawdaunt, M|item
|poke|p2|Hydreigon, F|item
|poke|p2|Latios, M|item
|poke|p2|Blissey, F|item
|poke|p2|Rotom-Wash|item
|poke|p2|Donphan, F|item
|poke|p2|Breloom, F|item
|teampreview
|inactive|Battle timer is ON: inactive players will automatically lose when time's up. (requested by baishii)
|
|t:|1708202261
|start
|switch|p1a: Bronzong|Bronzong|100/100
|switch|p2a: Hydreigon|Hydreigon, F|100/100
|turn|1
|
|t:|1708202269
|move|p2a: Hydreigon|Fire Blast|p1a: Bronzong
|-supereffective|p1a: Bronzong
|-enditem|p1a: Bronzong|Occa Berry|[eat]
|-enditem|p1a: Bronzong|Occa Berry|[weaken]
|-damage|p1a: Bronzong|56/100
|-damage|p2a: Hydreigon|91/100|[from] item: Life Orb
|move|p1a: Bronzong|Trick Room|p1a: Bronzong
|-fieldstart|move: Trick Room|[of] p1a: Bronzong
|
|upkeep
|turn|2
|
|t:|1708202277
|move|p1a: Bronzong|Stealth Rock|p2a: Hydreigon
|-sidestart|p2: Hussumon2|move: Stealth Rock
|move|p2a: Hydreigon|Fire Blast|p1a: Bronzong
|-supereffective|p1a: Bronzong
|-damage|p1a: Bronzong|0 fnt
|faint|p1a: Bronzong
|-damage|p2a: Hydreigon|81/100|[from] item: Life Orb
|
|upkeep
|
|t:|1708202285
|switch|p1a: Conkeldurr|Conkeldurr, M, shiny|100/100
|turn|3
|
|t:|1708202295
|switch|p2a: Donphan|Donphan, F|100/100
|-damage|p2a: Donphan|94/100|[from] Stealth Rock
|move|p1a: Conkeldurr|Ice Punch|p2a: Donphan
|-supereffective|p2a: Donphan
|-damage|p2a: Donphan|41/100
|
|-heal|p2a: Donphan|47/100|[from] item: Leftovers
|upkeep
|turn|4
|
|t:|1708202303
|move|p2a: Donphan|Ice Shard|p1a: Conkeldurr
|-damage|p1a: Conkeldurr|91/100
|move|p1a: Conkeldurr|Ice Punch|p2a: Donphan
|-supereffective|p2a: Donphan
|-damage|p2a: Donphan|0 fnt
|faint|p2a: Donphan
|
|upkeep
|
|t:|1708202307
|switch|p2a: Breloom|Breloom, F|100/100
|-damage|p2a: Breloom|94/100|[from] Stealth Rock
|turn|5
|
|t:|1708202332
|move|p2a: Breloom|Protect|p2a: Breloom
|-singleturn|p2a: Breloom|Protect
|move|p1a: Conkeldurr|Ice Punch|p2a: Breloom
|-activate|p2a: Breloom|move: Protect
|
|-fieldend|move: Trick Room
|-status|p2a: Breloom|tox|[from] item: Toxic Orb
|upkeep
|turn|6
|
|t:|1708202339
|move|p2a: Breloom|Substitute|p2a: Breloom
|-start|p2a: Breloom|Substitute
|-damage|p2a: Breloom|69/100 tox
|move|p1a: Conkeldurr|Drain Punch|p2a: Breloom
|-end|p2a: Breloom|Substitute
|-heal|p1a: Conkeldurr|100/100|[from] drain|[of] p2a: Breloom
|-damage|p1a: Conkeldurr|91/100|[from] item: Life Orb
|
|-heal|p2a: Breloom|82/100 tox|[from] ability: Poison Heal
|upkeep
|turn|7
|
|t:|1708202348
|switch|p2a: Rotom|Rotom-Wash|100/100
|-damage|p2a: Rotom|88/100|[from] Stealth Rock
|move|p1a: Conkeldurr|Ice Punch|p2a: Rotom
|-resisted|p2a: Rotom
|-damage|p2a: Rotom|67/100
|
|-heal|p2a: Rotom|73/100|[from] item: Leftovers
|upkeep
|turn|8
|
|t:|1708202357
|move|p2a: Rotom|Will-O-Wisp|p1a: Conkeldurr|[miss]
|-miss|p2a: Rotom|p1a: Conkeldurr
|move|p1a: Conkeldurr|Drain Punch|p2a: Rotom
|-damage|p2a: Rotom|24/100
|-heal|p1a: Conkeldurr|100/100|[from] drain|[of] p2a: Rotom
|-damage|p1a: Conkeldurr|91/100|[from] item: Life Orb
|
|-heal|p2a: Rotom|30/100|[from] item: Leftovers
|upkeep
|turn|9
|
|t:|1708202366
|switch|p1a: Dusclops|Dusclops, M, shiny|100/100
|-ability|p1a: Dusclops|Pressure
|move|p2a: Rotom|Will-O-Wisp|p1a: Dusclops
|-status|p1a: Dusclops|brn
|
|-heal|p2a: Rotom|37/100|[from] item: Leftovers
|-damage|p1a: Dusclops|88/100 brn|[from] brn
|upkeep
|turn|10
|
|t:|1708202378
|move|p2a: Rotom|Pain Split|p1a: Dusclops
|-sethp|p1a: Dusclops|64/100 brn|[from] move: Pain Split|[silent]
|-sethp|p2a: Rotom|59/100|[from] move: Pain Split
|move|p1a: Dusclops|Trick Room|p1a: Dusclops
|-fieldstart|move: Trick Room|[of] p1a: Dusclops
|
|-heal|p2a: Rotom|66/100|[from] item: Leftovers
|-damage|p1a: Dusclops|51/100 brn|[from] brn
|upkeep
|turn|11
|inactive|baishii has 120 seconds left.
|
|t:|1708202430
|switch|p1a: Reuniclus|Reuniclus, M, shiny|100/100
|switch|p2a: Blissey|Blissey, F|100/100
|-damage|p2a: Blissey|88/100|[from] Stealth Rock
|
|-heal|p2a: Blissey|94/100|[from] item: Leftovers
|upkeep
|turn|12
|
|t:|1708202456
|move|p1a: Reuniclus|Focus Blast|p2a: Blissey
|-supereffective|p2a: Blissey
|-damage|p2a: Blissey|54/100
|-unboost|p2a: Blissey|spd|1
|move|p2a: Blissey|Seismic Toss|p1a: Reuniclus
|-damage|p1a: Reuniclus|77/100
|
|-heal|p2a: Blissey|61/100|[from] item: Leftovers
|upkeep
|turn|13
|inactive|Hussumon2 has 120 seconds left.
|
|t:|1708202472
|switch|p2a: Latios|Latios, M|100/100
|-damage|p2a: Latios|88/100|[from] Stealth Rock
|move|p1a: Reuniclus|Focus Blast|p2a: Latios
|-resisted|p2a: Latios
|-damage|p2a: Latios|56/100
|
|upkeep
|turn|14
|
|t:|1708202482
|move|p1a: Reuniclus|Focus Blast|p2a: Latios
|-resisted|p2a: Latios
|-damage|p2a: Latios|27/100
|move|p2a: Latios|Draco Meteor|p1a: Reuniclus
|-damage|p1a: Reuniclus|7/100
|-unboost|p2a: Latios|spa|2
|
|-fieldend|move: Trick Room
|upkeep
|turn|15
|inactive|baishii has 120 seconds left.
|
|t:|1708202491
|move|p2a: Latios|Draco Meteor|p1a: Reuniclus
|-damage|p1a: Reuniclus|0 fnt
|-unboost|p2a: Latios|spa|2
|faint|p1a: Reuniclus
|
|upkeep
|inactive|baishii has 120 seconds left.
|
|t:|1708202498
|switch|p1a: Dusclops|Dusclops, M, shiny|51/100 brn
|-ability|p1a: Dusclops|Pressure
|turn|16
|
|t:|1708202501
|move|p2a: Latios|Draco Meteor|p1a: Dusclops
|-damage|p1a: Dusclops|40/100 brn
|-unboost|p2a: Latios|spa|2
|move|p1a: Dusclops|Trick Room|p1a: Dusclops
|-fieldstart|move: Trick Room|[of] p1a: Dusclops
|
|-damage|p1a: Dusclops|27/100 brn|[from] brn
|upkeep
|turn|17
|
|t:|1708202509
|switch|p1a: Conkeldurr|Conkeldurr, M, shiny|91/100
|move|p2a: Latios|Draco Meteor|p1a: Conkeldurr
|-damage|p1a: Conkeldurr|68/100
|
|upkeep
|turn|18
|
|t:|1708202516
|move|p1a: Conkeldurr|Drain Punch|p2a: Latios
|-resisted|p2a: Latios
|-damage|p2a: Latios|0 fnt
|-heal|p1a: Conkeldurr|78/100|[from] drain|[of] p2a: Latios
|faint|p2a: Latios
|-damage|p1a: Conkeldurr|68/100|[from] item: Life Orb
|
|upkeep
|
|t:|1708202521
|switch|p2a: Rotom|Rotom-Wash|66/100
|-damage|p2a: Rotom|53/100|[from] Stealth Rock
|turn|19
|
|t:|1708202525
|move|p1a: Conkeldurr|Drain Punch|p2a: Rotom
|-damage|p2a: Rotom|9/100
|-heal|p1a: Conkeldurr|84/100|[from] drain|[of] p2a: Rotom
|-damage|p1a: Conkeldurr|74/100|[from] item: Life Orb
|move|p2a: Rotom|Will-O-Wisp|p1a: Conkeldurr
|-status|p1a: Conkeldurr|brn
|
|-heal|p2a: Rotom|16/100|[from] item: Leftovers
|-damage|p1a: Conkeldurr|62/100 brn|[from] brn
|upkeep
|turn|20
|
|t:|1708202536
|move|p1a: Conkeldurr|Drain Punch|p2a: Rotom
|-damage|p2a: Rotom|0 fnt
|-heal|p1a: Conkeldurr|68/100 brn|[from] drain|[of] p2a: Rotom
|faint|p2a: Rotom
|-damage|p1a: Conkeldurr|58/100 brn|[from] item: Life Orb
|
|-damage|p1a: Conkeldurr|45/100 brn|[from] brn
|-fieldend|move: Trick Room
|upkeep
|
|t:|1708202541
|switch|p2a: Breloom|Breloom, F|82/100 tox
|-damage|p2a: Breloom|75/100 tox|[from] Stealth Rock
|turn|21
|
|t:|1708202548
|move|p2a: Breloom|Protect|p2a: Breloom
|-singleturn|p2a: Breloom|Protect
|move|p1a: Conkeldurr|Ice Punch|p2a: Breloom
|-activate|p2a: Breloom|move: Protect
|
|-heal|p2a: Breloom|88/100 tox|[from] ability: Poison Heal
|-damage|p1a: Conkeldurr|33/100 brn|[from] brn
|upkeep
|turn|22
|j| SKT T1 Motherfaker
|
|t:|1708202555
|move|p2a: Breloom|Substitute|p2a: Breloom
|-start|p2a: Breloom|Substitute
|-damage|p2a: Breloom|63/100 tox
|move|p1a: Conkeldurr|Ice Punch|p2a: Breloom
|-supereffective|p2a: Breloom
|-end|p2a: Breloom|Substitute
|
|-heal|p2a: Breloom|75/100 tox|[from] ability: Poison Heal
|-damage|p1a: Conkeldurr|21/100 brn|[from] brn
|upkeep
|turn|23
|
|t:|1708202563
|move|p2a: Breloom|Protect|p2a: Breloom
|-singleturn|p2a: Breloom|Protect
|move|p1a: Conkeldurr|Ice Punch|p2a: Breloom
|-activate|p2a: Breloom|move: Protect
|
|-heal|p2a: Breloom|88/100 tox|[from] ability: Poison Heal
|-damage|p1a: Conkeldurr|8/100 brn|[from] brn
|upkeep
|turn|24
|
|t:|1708202571
|move|p2a: Breloom|Substitute|p2a: Breloom
|-start|p2a: Breloom|Substitute
|-damage|p2a: Breloom|63/100 tox
|move|p1a: Conkeldurr|Ice Punch|p2a: Breloom
|-supereffective|p2a: Breloom
|-end|p2a: Breloom|Substitute
|
|-heal|p2a: Breloom|75/100 tox|[from] ability: Poison Heal
|-damage|p1a: Conkeldurr|0 fnt|[from] brn
|faint|p1a: Conkeldurr
|upkeep
|
|t:|1708202580
|switch|p1a: Dusclops|Dusclops, M, shiny|27/100 brn
|-ability|p1a: Dusclops|Pressure
|turn|25
|
|t:|1708202585
|move|p2a: Breloom|Seed Bomb|p1a: Dusclops
|-damage|p1a: Dusclops|2/100 brn
|move|p1a: Dusclops|Trick Room|p1a: Dusclops
|-fieldstart|move: Trick Room|[of] p1a: Dusclops
|
|-heal|p2a: Breloom|88/100 tox|[from] ability: Poison Heal
|-damage|p1a: Dusclops|0 fnt|[from] brn
|faint|p1a: Dusclops
|upkeep
|
|t:|1708202593
|switch|p1a: Crawdaunt|Crawdaunt, M, shiny|100/100
|turn|26
|
|t:|1708202597
|move|p2a: Breloom|Protect|p2a: Breloom
|-singleturn|p2a: Breloom|Protect
|move|p1a: Crawdaunt|Waterfall|p2a: Breloom
|-activate|p2a: Breloom|move: Protect
|
|-heal|p2a: Breloom|100/100 tox|[from] ability: Poison Heal
|upkeep
|turn|27
|
|t:|1708202605
|move|p1a: Crawdaunt|Aerial Ace|p2a: Breloom
|-supereffective|p2a: Breloom
|-damage|p2a: Breloom|0 fnt
|faint|p2a: Breloom
|-damage|p1a: Crawdaunt|90/100|[from] item: Life Orb
|
|upkeep
|
|t:|1708202611
|switch|p2a: Blissey|Blissey, F|61/100
|-damage|p2a: Blissey|48/100|[from] Stealth Rock
|turn|28
|
|t:|1708202617
|move|p1a: Crawdaunt|Waterfall|p2a: Blissey
|-damage|p2a: Blissey|0 fnt
|faint|p2a: Blissey
|-damage|p1a: Crawdaunt|80/100|[from] item: Life Orb
|
|upkeep
|
|t:|1708202620
|switch|p2a: Hydreigon|Hydreigon, F|81/100
|-damage|p2a: Hydreigon|68/100|[from] Stealth Rock
|turn|29
|
|t:|1708202628
|move|p1a: Crawdaunt|Superpower|p2a: Hydreigon
|-supereffective|p2a: Hydreigon
|-damage|p2a: Hydreigon|0 fnt
|-unboost|p1a: Crawdaunt|atk|1
|-unboost|p1a: Crawdaunt|def|1
|faint|p2a: Hydreigon
|-damage|p1a: Crawdaunt|70/100|[from] item: Life Orb
|
|win|baishii
|raw|baishii's rating: 1511 &rarr; <strong>1523</strong><br />(+12 for winning)
|raw|Hussumon2's rating: 1363 &rarr; <strong>1351</strong><br />(-12 for losing)
|l|☆Hussumon2
|player|p2|
|l|☆baishii
|player|p1|
