|j|☆bwcbestbytest
|j|☆Artere Happy
|t:|1715600660
|gametype|singles
|player|p1|bwcbestbytest|lucas|1586
|player|p2|Artere Happy|medium|1327
|teamsize|p1|6
|teamsize|p2|6
|gen|5
|tier|[Gen 5] OU
|rated|
|rule|Species Clause: Limit one of each Pokémon
|rule|OHKO Clause: OHKO moves are banned
|rule|Moody Clause: Moody is banned
|rule|Evasion Items Clause: Evasion items are banned
|rule|Evasion Moves Clause: Evasion moves are banned
|rule|Endless Battle Clause: Forcing endless battles is banned
|rule|HP Percentage Mod: HP is shown in percentages
|rule|Evasion Abilities Clause: Evasion abilities are banned
|rule|Sleep Moves Clause: Sleep-inducing moves are banned
|rule|Swagger Clause: Swagger is banned
|rule|Baton Pass Stat Clause: No Baton Passer may have a way to boost its stats
|clearpoke
|poke|p1|Politoed, M|item
|poke|p1|Ferrothorn, F|item
|poke|p1|Alakazam, M|item
|poke|p1|Tentacruel, F|item
|poke|p1|Keldeo|item
|poke|p1|Landorus-Therian, M|item
|poke|p2|Politoed, M|item
|poke|p2|Tentacruel, M|item
|poke|p2|Ferrothorn, M|item
|poke|p2|Tornadus, M|item
|poke|p2|Keldeo|item
|poke|p2|Latios, M|item
|teampreview
|inactive|Battle timer is ON: inactive players will automatically lose when time's up. (requested by Artere Happy)
|c|☆bwcbestbytest|Gl
|c|☆Artere Happy|u2
|
|t:|1715600679
|start
|switch|p1a: Landorus|Landorus-Therian, M|100/100
|switch|p2a: Latios|Latios, M|100/100
|-ability|p1a: Landorus|Intimidate|boost
|-unboost|p2a: Latios|atk|1
|turn|1
|
|t:|1715600687
|switch|p2a: Ferrothorn|Ferrothorn, M|100/100
|move|p1a: Landorus|Stealth Rock|p2a: Ferrothorn
|-sidestart|p2: Artere Happy|move: Stealth Rock
|
|upkeep
|turn|2
|
|t:|1715600694
|move|p1a: Landorus|Imprison|p1a: Landorus
|-start|p1a: Landorus|move: Imprison
|cant|p2a: Ferrothorn|move: Imprison|Stealth Rock
|
|upkeep
|turn|3
|
|t:|1715600698
|move|p1a: Landorus|Earthquake|p2a: Ferrothorn
|-damage|p2a: Ferrothorn|58/100
|move|p2a: Ferrothorn|Knock Off|p1a: Landorus
|-damage|p1a: Landorus|95/100
|-enditem|p1a: Landorus|Focus Sash|[from] move: Knock Off|[of] p2a: Ferrothorn
|
|-heal|p2a: Ferrothorn|64/100|[from] item: Leftovers
|upkeep
|turn|4
|
|t:|1715600707
|switch|p2a: Latios|Latios, M|100/100
|-damage|p2a: Latios|88/100|[from] Stealth Rock
|move|p1a: Landorus|Earthquake|p2a: Latios
|-immune|p2a: Latios|[from] ability: Levitate
|
|upkeep
|turn|5
|
|t:|1715600716
|switch|p1a: Politoed|Politoed, M|100/100
|-weather|RainDance|[from] ability: Drizzle|[of] p1a: Politoed
|move|p2a: Latios|Dragon Pulse|p1a: Politoed
|-damage|p1a: Politoed|35/100
|
|-weather|RainDance|[upkeep]
|-heal|p1a: Politoed|42/100|[from] item: Leftovers
|upkeep
|turn|6
|
|t:|1715600731
|switch|p2a: Keldeo|Keldeo|100/100
|-damage|p2a: Keldeo|94/100|[from] Stealth Rock
|switch|p1a: Ferrothorn|Ferrothorn, F|100/100
|
|-weather|RainDance|[upkeep]
|upkeep
|turn|7
|
|t:|1715600745
|move|p2a: Keldeo|Secret Sword|p1a: Ferrothorn
|-supereffective|p1a: Ferrothorn
|-damage|p1a: Ferrothorn|39/100
|move|p1a: Ferrothorn|Power Whip|p2a: Keldeo
|-supereffective|p2a: Keldeo
|-damage|p2a: Keldeo|5/100
|
|-weather|RainDance|[upkeep]
|-heal|p1a: Ferrothorn|45/100|[from] item: Leftovers
|upkeep
|turn|8
|
|t:|1715600753
|switch|p1a: Tentacruel|Tentacruel, F|100/100
|move|p2a: Keldeo|Secret Sword|p1a: Tentacruel
|-resisted|p1a: Tentacruel
|-damage|p1a: Tentacruel|73/100
|
|-weather|RainDance|[upkeep]
|-heal|p1a: Tentacruel|79/100|[from] ability: Rain Dish
|-heal|p1a: Tentacruel|85/100|[from] item: Black Sludge
|upkeep
|turn|9
|
|t:|1715600766
|switch|p2a: Ferrothorn|Ferrothorn, M|64/100
|-damage|p2a: Ferrothorn|58/100|[from] Stealth Rock
|switch|p1a: Ferrothorn|Ferrothorn, F|45/100
|
|-weather|RainDance|[upkeep]
|-heal|p2a: Ferrothorn|64/100|[from] item: Leftovers
|-heal|p1a: Ferrothorn|51/100|[from] item: Leftovers
|upkeep
|turn|10
|
|t:|1715600780
|move|p2a: Ferrothorn|Stealth Rock|p1a: Ferrothorn
|-sidestart|p1: bwcbestbytest|move: Stealth Rock
|move|p1a: Ferrothorn|Knock Off|p2a: Ferrothorn
|-resisted|p2a: Ferrothorn
|-damage|p2a: Ferrothorn|62/100
|-damage|p1a: Ferrothorn|39/100|[from] ability: Iron Barbs|[of] p2a: Ferrothorn
|-enditem|p2a: Ferrothorn|Leftovers|[from] move: Knock Off|[of] p1a: Ferrothorn
|
|-weather|RainDance|[upkeep]
|-heal|p1a: Ferrothorn|45/100|[from] item: Leftovers
|upkeep
|turn|11
|
|t:|1715600788
|move|p2a: Ferrothorn|Knock Off|p1a: Ferrothorn
|-resisted|p1a: Ferrothorn
|-damage|p1a: Ferrothorn|43/100
|-damage|p2a: Ferrothorn|50/100|[from] ability: Iron Barbs|[of] p1a: Ferrothorn
|-enditem|p1a: Ferrothorn|Leftovers|[from] move: Knock Off|[of] p2a: Ferrothorn
|move|p1a: Ferrothorn|Spikes|p2a: Ferrothorn
|-sidestart|p2: Artere Happy|Spikes
|
|-weather|RainDance|[upkeep]
|upkeep
|turn|12
|
|t:|1715600791
|switch|p1a: Landorus|Landorus-Therian, M|95/100
|-damage|p1a: Landorus|83/100|[from] Stealth Rock
|-ability|p1a: Landorus|Intimidate|boost
|-unboost|p2a: Ferrothorn|atk|1
|move|p2a: Ferrothorn|Spikes|p1a: Landorus
|-sidestart|p1: bwcbestbytest|Spikes
|
|-weather|RainDance|[upkeep]
|upkeep
|turn|13
|
|t:|1715600797
|switch|p2a: Tornadus|Tornadus, M|100/100
|-damage|p2a: Tornadus|76/100|[from] Stealth Rock
|move|p1a: Landorus|Explosion|p2a: Tornadus
|-damage|p2a: Tornadus|0 fnt
|faint|p1a: Landorus
|faint|p2a: Tornadus
|
|-weather|RainDance|[upkeep]
|upkeep
|
|t:|1715600803
|switch|p2a: Tentacruel|Tentacruel, M|100/100
|switch|p1a: Alakazam|Alakazam, M|100/100
|-damage|p2a: Tentacruel|88/100|[from] Stealth Rock
|-damage|p2a: Tentacruel|76/100|[from] Spikes
|turn|14
|
|t:|1715600807
|move|p2a: Tentacruel|Protect|p2a: Tentacruel
|-singleturn|p2a: Tentacruel|Protect
|move|p1a: Alakazam|Psychic|p2a: Tentacruel
|-activate|p2a: Tentacruel|move: Protect
|
|-weather|RainDance|[upkeep]
|-heal|p2a: Tentacruel|82/100|[from] ability: Rain Dish
|-heal|p2a: Tentacruel|88/100|[from] item: Black Sludge
|upkeep
|turn|15
|
|t:|1715600811
|switch|p2a: Politoed|Politoed, M, shiny|100/100
|-damage|p2a: Politoed|88/100|[from] Stealth Rock
|-damage|p2a: Politoed|75/100|[from] Spikes
|move|p1a: Alakazam|Psychic|p2a: Politoed
|-damage|p2a: Politoed|35/100
|
|-weather|RainDance|[upkeep]
|-heal|p2a: Politoed|41/100|[from] item: Leftovers
|upkeep
|turn|16
|
|t:|1715600820
|switch|p1a: Ferrothorn|Ferrothorn, F|43/100
|-damage|p1a: Ferrothorn|37/100|[from] Stealth Rock
|-damage|p1a: Ferrothorn|25/100|[from] Spikes
|move|p2a: Politoed|Scald|p1a: Ferrothorn
|-resisted|p1a: Ferrothorn
|-damage|p1a: Ferrothorn|10/100
|
|-weather|RainDance|[upkeep]
|-heal|p2a: Politoed|47/100|[from] item: Leftovers
|upkeep
|turn|17
|
|t:|1715600828
|move|p2a: Politoed|Scald|p1a: Ferrothorn
|-resisted|p1a: Ferrothorn
|-damage|p1a: Ferrothorn|0 fnt
|faint|p1a: Ferrothorn
|
|-weather|RainDance|[upkeep]
|-heal|p2a: Politoed|54/100|[from] item: Leftovers
|upkeep
|
|t:|1715600831
|switch|p1a: Tentacruel|Tentacruel, F|85/100
|-damage|p1a: Tentacruel|73/100|[from] Stealth Rock
|-damage|p1a: Tentacruel|61/100|[from] Spikes
|turn|18
|
|t:|1715600839
|switch|p1a: Alakazam|Alakazam, M|100/100
|switch|p2a: Ferrothorn|Ferrothorn, M|50/100
|-damage|p2a: Ferrothorn|44/100|[from] Stealth Rock
|-damage|p2a: Ferrothorn|31/100|[from] Spikes
|
|-weather|RainDance|[upkeep]
|upkeep
|turn|19
|
|t:|1715600845
|move|p1a: Alakazam|Focus Blast|p2a: Ferrothorn
|-supereffective|p2a: Ferrothorn
|-damage|p2a: Ferrothorn|0 fnt
|faint|p2a: Ferrothorn
|
|-weather|RainDance|[upkeep]
|upkeep
|
|t:|1715600860
|switch|p2a: Latios|Latios, M|88/100
|-damage|p2a: Latios|76/100|[from] Stealth Rock
|turn|20
|inactive|bwcbestbytest has 120 seconds left.
|
|t:|1715600907
|switch|p1a: Politoed|Politoed, M|42/100
|-damage|p1a: Politoed|29/100|[from] Stealth Rock
|-damage|p1a: Politoed|17/100|[from] Spikes
|move|p2a: Latios|Dragon Pulse|p1a: Politoed
|-crit|p1a: Politoed
|-damage|p1a: Politoed|0 fnt
|faint|p1a: Politoed
|
|-weather|RainDance|[upkeep]
|upkeep
|
|t:|1715600909
|switch|p1a: Keldeo|Keldeo|100/100
|-damage|p1a: Keldeo|94/100|[from] Stealth Rock
|-damage|p1a: Keldeo|82/100|[from] Spikes
|turn|21
|
|t:|1715600918
|switch|p2a: Tentacruel|Tentacruel, M|88/100
|-damage|p2a: Tentacruel|75/100|[from] Stealth Rock
|-damage|p2a: Tentacruel|63/100|[from] Spikes
|move|p1a: Keldeo|Hydro Pump|p2a: Tentacruel
|-resisted|p2a: Tentacruel
|-damage|p2a: Tentacruel|29/100
|
|-weather|RainDance|[upkeep]
|-heal|p2a: Tentacruel|35/100|[from] ability: Rain Dish
|-heal|p2a: Tentacruel|41/100|[from] item: Black Sludge
|upkeep
|turn|22
|
|t:|1715600927
|switch|p1a: Alakazam|Alakazam, M|100/100
|move|p2a: Tentacruel|Rapid Spin|p1a: Alakazam
|-damage|p1a: Alakazam|95/100
|-sideend|p2: Artere Happy|Spikes|[from] move: Rapid Spin|[of] p2a: Tentacruel
|-sideend|p2: Artere Happy|Stealth Rock|[from] move: Rapid Spin|[of] p2a: Tentacruel
|
|-weather|RainDance|[upkeep]
|-heal|p2a: Tentacruel|47/100|[from] ability: Rain Dish
|-heal|p2a: Tentacruel|53/100|[from] item: Black Sludge
|upkeep
|turn|23
|
|t:|1715600931
|move|p2a: Tentacruel|Protect|p2a: Tentacruel
|-singleturn|p2a: Tentacruel|Protect
|move|p1a: Alakazam|Psychic|p2a: Tentacruel
|-activate|p2a: Tentacruel|move: Protect
|
|-weather|RainDance|[upkeep]
|-heal|p2a: Tentacruel|59/100|[from] ability: Rain Dish
|-heal|p2a: Tentacruel|65/100|[from] item: Black Sludge
|upkeep
|turn|24
|
|t:|1715600936
|switch|p2a: Politoed|Politoed, M, shiny|54/100
|move|p1a: Alakazam|Psychic|p2a: Politoed
|-damage|p2a: Politoed|15/100
|
|-weather|RainDance|[upkeep]
|-heal|p2a: Politoed|21/100|[from] item: Leftovers
|upkeep
|turn|25
|
|t:|1715600940
|move|p1a: Alakazam|Psychic|p2a: Politoed
|-damage|p2a: Politoed|0 fnt
|faint|p2a: Politoed
|
|-weather|RainDance|[upkeep]
|upkeep
|
|t:|1715600943
|switch|p2a: Keldeo|Keldeo|5/100
|turn|26
|
|t:|1715600954
|switch|p1a: Keldeo|Keldeo|82/100
|-damage|p1a: Keldeo|76/100|[from] Stealth Rock
|-damage|p1a: Keldeo|63/100|[from] Spikes
|move|p2a: Keldeo|Hydro Pump|p1a: Keldeo
|-resisted|p1a: Keldeo
|-damage|p1a: Keldeo|7/100
|
|-weather|RainDance|[upkeep]
|upkeep
|turn|27
|
|t:|1715600963
|switch|p2a: Tentacruel|Tentacruel, M|65/100
|move|p1a: Keldeo|Hydro Pump|p2a: Tentacruel
|-resisted|p2a: Tentacruel
|-damage|p2a: Tentacruel|26/100
|
|-weather|RainDance|[upkeep]
|-heal|p2a: Tentacruel|32/100|[from] ability: Rain Dish
|-heal|p2a: Tentacruel|38/100|[from] item: Black Sludge
|upkeep
|turn|28
|
|t:|1715600971
|switch|p1a: Tentacruel|Tentacruel, F|61/100
|-damage|p1a: Tentacruel|48/100|[from] Stealth Rock
|-damage|p1a: Tentacruel|36/100|[from] Spikes
|move|p2a: Tentacruel|Protect||[still]
|-fail|p2a: Tentacruel
|
|-weather|RainDance|[upkeep]
|-heal|p1a: Tentacruel|42/100|[from] ability: Rain Dish
|-heal|p2a: Tentacruel|44/100|[from] ability: Rain Dish
|-heal|p1a: Tentacruel|48/100|[from] item: Black Sludge
|-heal|p2a: Tentacruel|50/100|[from] item: Black Sludge
|upkeep
|turn|29
|
|t:|1715600980
|move|p1a: Tentacruel|Rapid Spin|p2a: Tentacruel
|-damage|p2a: Tentacruel|46/100
|-sideend|p1: bwcbestbytest|Spikes|[from] move: Rapid Spin|[of] p1a: Tentacruel
|-sideend|p1: bwcbestbytest|Stealth Rock|[from] move: Rapid Spin|[of] p1a: Tentacruel
|move|p2a: Tentacruel|Toxic Spikes|p1a: Tentacruel
|-sidestart|p1: bwcbestbytest|move: Toxic Spikes
|
|-weather|RainDance|[upkeep]
|-heal|p1a: Tentacruel|54/100|[from] ability: Rain Dish
|-heal|p2a: Tentacruel|52/100|[from] ability: Rain Dish
|-heal|p1a: Tentacruel|60/100|[from] item: Black Sludge
|-heal|p2a: Tentacruel|58/100|[from] item: Black Sludge
|upkeep
|turn|30
|
|t:|1715600983
|move|p1a: Tentacruel|Scald|p2a: Tentacruel
|-resisted|p2a: Tentacruel
|-damage|p2a: Tentacruel|44/100
|move|p2a: Tentacruel|Scald|p1a: Tentacruel
|-resisted|p1a: Tentacruel
|-damage|p1a: Tentacruel|47/100
|
|-weather|RainDance|[upkeep]
|-heal|p1a: Tentacruel|53/100|[from] ability: Rain Dish
|-heal|p2a: Tentacruel|50/100|[from] ability: Rain Dish
|-heal|p1a: Tentacruel|59/100|[from] item: Black Sludge
|-heal|p2a: Tentacruel|56/100|[from] item: Black Sludge
|upkeep
|turn|31
|
|t:|1715600986
|switch|p2a: Latios|Latios, M|76/100
|move|p1a: Tentacruel|Scald|p2a: Latios
|-resisted|p2a: Latios
|-damage|p2a: Latios|57/100
|-status|p2a: Latios|brn
|
|-weather|RainDance|[upkeep]
|-heal|p1a: Tentacruel|65/100|[from] ability: Rain Dish
|-heal|p1a: Tentacruel|71/100|[from] item: Black Sludge
|-damage|p2a: Latios|45/100 brn|[from] brn
|upkeep
|turn|32
|
|t:|1715600993
|move|p1a: Tentacruel|Protect|p1a: Tentacruel
|-singleturn|p1a: Tentacruel|Protect
|move|p2a: Latios|Draco Meteor|p1a: Tentacruel
|-activate|p1a: Tentacruel|move: Protect
|
|-weather|RainDance|[upkeep]
|-heal|p1a: Tentacruel|77/100|[from] ability: Rain Dish
|-heal|p1a: Tentacruel|83/100|[from] item: Black Sludge
|-damage|p2a: Latios|32/100 brn|[from] brn
|upkeep
|turn|33
|
|t:|1715600999
|switch|p1a: Keldeo|Keldeo|7/100
|-status|p1a: Keldeo|psn
|move|p2a: Latios|Draco Meteor|p1a: Keldeo
|-damage|p1a: Keldeo|0 fnt
|-unboost|p2a: Latios|spa|2
|faint|p1a: Keldeo
|
|-weather|RainDance|[upkeep]
|-damage|p2a: Latios|20/100 brn|[from] brn
|upkeep
|
|t:|1715601013
|switch|p1a: Alakazam|Alakazam, M|95/100
|-status|p1a: Alakazam|psn
|turn|34
|
|t:|1715601020
|switch|p2a: Tentacruel|Tentacruel, M|56/100
|move|p1a: Alakazam|Psychic|p2a: Tentacruel
|-supereffective|p2a: Tentacruel
|-damage|p2a: Tentacruel|0 fnt
|faint|p2a: Tentacruel
|
|-weather|RainDance|[upkeep]
|upkeep
|
|t:|1715601030
|switch|p2a: Keldeo|Keldeo|5/100
|turn|35
|c|☆bwcbestbytest|Gg close one
|c|☆bwcbestbytest|Barring crit
|inactive|Artere Happy has 120 seconds left.
|
|t:|1715601069
|switch|p1a: Tentacruel|Tentacruel, F|83/100
|-sideend|p1: bwcbestbytest|move: Toxic Spikes|[of] p1a: Tentacruel
|move|p2a: Keldeo|Hydro Pump|p1a: Tentacruel
|-resisted|p1a: Tentacruel
|-damage|p1a: Tentacruel|45/100
|
|-weather|RainDance|[upkeep]
|-heal|p1a: Tentacruel|51/100|[from] ability: Rain Dish
|-heal|p1a: Tentacruel|57/100|[from] item: Black Sludge
|upkeep
|turn|36
|inactive|Artere Happy has 120 seconds left.
|
|t:|1715601077
|move|p1a: Tentacruel|Protect|p1a: Tentacruel
|-singleturn|p1a: Tentacruel|Protect
|move|p2a: Keldeo|Hydro Pump|p1a: Tentacruel
|-activate|p1a: Tentacruel|move: Protect
|
|-weather|RainDance|[upkeep]
|-heal|p1a: Tentacruel|63/100|[from] ability: Rain Dish
|-heal|p1a: Tentacruel|69/100|[from] item: Black Sludge
|upkeep
|turn|37
|-message|Artere Happy forfeited.
|
|win|bwcbestbytest
|raw|bwcbestbytest's rating: 1586 &rarr; <strong>1593</strong><br />(+7 for winning)
|raw|Artere Happy's rating: 1327 &rarr; <strong>1320</strong><br />(-7 for losing)
|l|☆Artere Happy
|player|p2|
