|j|☆benjies
|j|☆radaty
|t:|1721082038
|gametype|singles
|player|p1|benjies|101|1429
|player|p2|radaty|2|1462
|teamsize|p1|6
|teamsize|p2|6
|gen|5
|tier|[Gen 5] OU
|rated|
|rule|Species Clause: Limit one of each Pokémon
|rule|OHKO Clause: OHKO moves are banned
|rule|Moody Clause: Moody is banned
|rule|Evasion Items Clause: Evasion items are banned
|rule|Evasion Moves Clause: Evasion moves are banned
|rule|Endless Battle Clause: Forcing endless battles is banned
|rule|HP Percentage Mod: HP is shown in percentages
|rule|Evasion Abilities Clause: Evasion abilities are banned
|rule|Sleep Moves Clause: Sleep-inducing moves are banned
|rule|Swagger Clause: Swagger is banned
|rule|Baton Pass Stat Clause: No Baton Passer may have a way to boost its stats
|clearpoke
|poke|p1|Tyranitar, M|item
|poke|p1|Landorus-Therian, M|item
|poke|p1|Excadrill, F|item
|poke|p1|Garchomp, M|item
|poke|p1|Celebi|item
|poke|p1|Rotom-Wash|item
|poke|p2|Starmie|item
|poke|p2|Dragonite, M|item
|poke|p2|Volcarona, F|item
|poke|p2|Excadrill, F|item
|poke|p2|Rotom-Wash|item
|poke|p2|Scizor, F|item
|teampreview
|inactive|Battle timer is ON: inactive players will automatically lose when time's up. (requested by radaty)
|j| Vladel
|
|t:|1721082066
|start
|switch|p1a: Tyranitar|Tyranitar, M|100/100
|switch|p2a: Excadrill|Excadrill, F|100/100
|-ability|p2a: Excadrill|Mold Breaker
|-weather|Sandstorm|[from] ability: Sand Stream|[of] p1a: Tyranitar
|turn|1
|
|t:|1721082069
|switch|p1a: Landorus|Landorus-Therian, M|100/100
|-ability|p1a: Landorus|Intimidate|boost
|-unboost|p2a: Excadrill|atk|1
|move|p2a: Excadrill|Toxic|p1a: Landorus
|-status|p1a: Landorus|tox
|
|-weather|Sandstorm|[upkeep]
|-damage|p1a: Landorus|95/100 tox|[from] psn
|upkeep
|turn|2
|
|t:|1721082090
|switch|p2a: Rotom|Rotom-Wash|100/100
|move|p1a: Landorus|Smack Down|p2a: Rotom
|-damage|p2a: Rotom|84/100
|-start|p2a: Rotom|Smack Down
|
|-weather|Sandstorm|[upkeep]
|-damage|p2a: Rotom|78/100|[from] Sandstorm
|-heal|p1a: Landorus|100/100 tox|[from] item: Leftovers
|-heal|p2a: Rotom|84/100|[from] item: Leftovers
|-damage|p1a: Landorus|89/100 tox|[from] psn
|upkeep
|turn|3
|
|t:|1721082101
|switch|p2a: Starmie|Starmie|100/100
|move|p1a: Landorus|Earthquake|p2a: Starmie
|-damage|p2a: Starmie|10/100
|
|-weather|Sandstorm|[upkeep]
|-damage|p2a: Starmie|4/100|[from] Sandstorm
|-heal|p2a: Starmie|10/100|[from] item: Leftovers
|-heal|p1a: Landorus|95/100 tox|[from] item: Leftovers
|-damage|p1a: Landorus|77/100 tox|[from] psn
|upkeep
|turn|4
|
|t:|1721082111
|switch|p1a: Celebi|Celebi|100/100
|move|p2a: Starmie|Ice Beam|p1a: Celebi
|-supereffective|p1a: Celebi
|-damage|p1a: Celebi|65/100
|
|-weather|Sandstorm|[upkeep]
|-damage|p2a: Starmie|4/100|[from] Sandstorm
|-damage|p1a: Celebi|59/100|[from] Sandstorm
|-heal|p2a: Starmie|10/100|[from] item: Leftovers
|-heal|p1a: Celebi|65/100|[from] item: Leftovers
|upkeep
|turn|5
|
|t:|1721082115
|move|p2a: Starmie|Ice Beam|p1a: Celebi
|-supereffective|p1a: Celebi
|-damage|p1a: Celebi|29/100
|move|p1a: Celebi|Recover|p1a: Celebi
|-heal|p1a: Celebi|79/100
|
|-weather|Sandstorm|[upkeep]
|-damage|p2a: Starmie|4/100|[from] Sandstorm
|-damage|p1a: Celebi|73/100|[from] Sandstorm
|-heal|p2a: Starmie|10/100|[from] item: Leftovers
|-heal|p1a: Celebi|79/100|[from] item: Leftovers
|upkeep
|turn|6
|
|t:|1721082121
|move|p2a: Starmie|Ice Beam|p1a: Celebi
|-supereffective|p1a: Celebi
|-damage|p1a: Celebi|47/100
|move|p1a: Celebi|Stealth Rock|p2a: Starmie
|-sidestart|p2: radaty|move: Stealth Rock
|
|-weather|Sandstorm|[upkeep]
|-damage|p2a: Starmie|4/100|[from] Sandstorm
|-damage|p1a: Celebi|40/100|[from] Sandstorm
|-heal|p2a: Starmie|10/100|[from] item: Leftovers
|-heal|p1a: Celebi|47/100|[from] item: Leftovers
|upkeep
|turn|7
|
|t:|1721082125
|move|p2a: Starmie|Rapid Spin|p1a: Celebi
|-damage|p1a: Celebi|44/100
|-sideend|p2: radaty|Stealth Rock|[from] move: Rapid Spin|[of] p2a: Starmie
|move|p1a: Celebi|Recover|p1a: Celebi
|-heal|p1a: Celebi|94/100
|
|-weather|Sandstorm|[upkeep]
|-damage|p2a: Starmie|4/100|[from] Sandstorm
|-damage|p1a: Celebi|88/100|[from] Sandstorm
|-heal|p2a: Starmie|10/100|[from] item: Leftovers
|-heal|p1a: Celebi|94/100|[from] item: Leftovers
|upkeep
|turn|8
|
|t:|1721082129
|switch|p2a: Scizor|Scizor, F|100/100
|move|p1a: Celebi|Psychic|p2a: Scizor
|-resisted|p2a: Scizor
|-damage|p2a: Scizor|84/100
|
|-weather|Sandstorm|[upkeep]
|-damage|p1a: Celebi|88/100|[from] Sandstorm
|-heal|p1a: Celebi|94/100|[from] item: Leftovers
|upkeep
|turn|9
|
|t:|1721082138
|switch|p1a: Landorus|Landorus-Therian, M|77/100 tox
|-ability|p1a: Landorus|Intimidate|boost
|-unboost|p2a: Scizor|atk|1
|move|p2a: Scizor|U-turn|p1a: Landorus
|-resisted|p1a: Landorus
|-damage|p1a: Landorus|52/100 tox
|
|t:|1721082146
|switch|p2a: Rotom|Rotom-Wash|84/100|[from] U-turn
|
|-weather|Sandstorm|[upkeep]
|-damage|p2a: Rotom|78/100|[from] Sandstorm
|-heal|p1a: Landorus|58/100 tox|[from] item: Leftovers
|-heal|p2a: Rotom|84/100|[from] item: Leftovers
|-damage|p1a: Landorus|52/100 tox|[from] psn
|upkeep
|turn|10
|
|t:|1721082158
|switch|p1a: Celebi|Celebi|94/100
|move|p2a: Rotom|Volt Switch|p1a: Celebi
|-resisted|p1a: Celebi
|-crit|p1a: Celebi
|-damage|p1a: Celebi|77/100
|
|t:|1721082161
|switch|p2a: Scizor|Scizor, F|84/100|[from] Volt Switch
|
|-weather|Sandstorm|[upkeep]
|-damage|p1a: Celebi|71/100|[from] Sandstorm
|-heal|p1a: Celebi|77/100|[from] item: Leftovers
|upkeep
|turn|11
|
|t:|1721082167
|switch|p1a: Excadrill|Excadrill, F|100/100
|move|p2a: Scizor|U-turn|p1a: Excadrill
|-resisted|p1a: Excadrill
|-damage|p1a: Excadrill|62/100
|
|t:|1721082170
|switch|p2a: Rotom|Rotom-Wash|84/100|[from] U-turn
|
|-weather|Sandstorm|[upkeep]
|-damage|p2a: Rotom|78/100|[from] Sandstorm
|-heal|p1a: Excadrill|68/100|[from] item: Leftovers
|-heal|p2a: Rotom|84/100|[from] item: Leftovers
|upkeep
|turn|12
|
|t:|1721082180
|move|p1a: Excadrill|Iron Head|p2a: Rotom
|-resisted|p2a: Rotom
|-crit|p2a: Rotom
|-damage|p2a: Rotom|62/100
|cant|p2a: Rotom|flinch
|
|-weather|Sandstorm|[upkeep]
|-damage|p2a: Rotom|56/100|[from] Sandstorm
|-heal|p1a: Excadrill|74/100|[from] item: Leftovers
|-heal|p2a: Rotom|62/100|[from] item: Leftovers
|upkeep
|turn|13
|
|t:|1721082186
|switch|p1a: Celebi|Celebi|77/100
|move|p2a: Rotom|Volt Switch|p1a: Celebi
|-resisted|p1a: Celebi
|-damage|p1a: Celebi|69/100
|
|t:|1721082189
|switch|p2a: Scizor|Scizor, F|84/100|[from] Volt Switch
|
|-weather|Sandstorm|[upkeep]
|-damage|p1a: Celebi|62/100|[from] Sandstorm
|-heal|p1a: Celebi|69/100|[from] item: Leftovers
|upkeep
|turn|14
|
|t:|1721082195
|switch|p1a: Landorus|Landorus-Therian, M|52/100 tox
|-ability|p1a: Landorus|Intimidate|boost
|-unboost|p2a: Scizor|atk|1
|move|p2a: Scizor|U-turn|p1a: Landorus
|-resisted|p1a: Landorus
|-damage|p1a: Landorus|29/100 tox
|
|t:|1721082198
|switch|p2a: Starmie|Starmie|10/100|[from] U-turn
|
|-weather|Sandstorm|[upkeep]
|-damage|p2a: Starmie|4/100|[from] Sandstorm
|-heal|p2a: Starmie|10/100|[from] item: Leftovers
|-heal|p1a: Landorus|35/100 tox|[from] item: Leftovers
|-damage|p1a: Landorus|29/100 tox|[from] psn
|upkeep
|turn|15
|
|t:|1721082203
|move|p2a: Starmie|Ice Beam|p1a: Landorus
|-supereffective|p1a: Landorus
|-damage|p1a: Landorus|0 fnt
|faint|p1a: Landorus
|
|-weather|Sandstorm|[upkeep]
|-damage|p2a: Starmie|4/100|[from] Sandstorm
|-heal|p2a: Starmie|10/100|[from] item: Leftovers
|upkeep
|inactive|benjies has 120 seconds left.
|
|t:|1721082235
|switch|p1a: Rotom|Rotom-Wash|100/100
|turn|16
|
|t:|1721082238
|move|p2a: Starmie|Thunderbolt|p1a: Rotom
|-damage|p1a: Rotom|74/100
|move|p1a: Rotom|Volt Switch|p2a: Starmie
|-supereffective|p2a: Starmie
|-damage|p2a: Starmie|0 fnt
|faint|p2a: Starmie
|
|t:|1721082242
|switch|p1a: Excadrill|Excadrill, F|74/100|[from] Volt Switch
|
|-weather|Sandstorm|[upkeep]
|-heal|p1a: Excadrill|81/100|[from] item: Leftovers
|upkeep
|
|t:|1721082246
|switch|p2a: Rotom|Rotom-Wash|62/100
|turn|17
|
|t:|1721082257
|move|p1a: Excadrill|Iron Head|p2a: Rotom
|-resisted|p2a: Rotom
|-damage|p2a: Rotom|51/100
|cant|p2a: Rotom|flinch
|
|-weather|Sandstorm|[upkeep]
|-damage|p2a: Rotom|45/100|[from] Sandstorm
|-heal|p1a: Excadrill|87/100|[from] item: Leftovers
|-heal|p2a: Rotom|51/100|[from] item: Leftovers
|upkeep
|turn|18
|
|t:|1721082266
|move|p1a: Excadrill|Iron Head|p2a: Rotom
|-resisted|p2a: Rotom
|-damage|p2a: Rotom|39/100
|move|p2a: Rotom|Hydro Pump|p1a: Excadrill
|-supereffective|p1a: Excadrill
|-damage|p1a: Excadrill|0 fnt
|faint|p1a: Excadrill
|
|-weather|Sandstorm|[upkeep]
|-damage|p2a: Rotom|33/100|[from] Sandstorm
|-heal|p2a: Rotom|39/100|[from] item: Leftovers
|upkeep
|
|t:|1721082279
|switch|p1a: Garchomp|Garchomp, M|100/100
|turn|19
|
|t:|1721082281
|move|p1a: Garchomp|Dual Chop|p2a: Rotom
|-damage|p2a: Rotom|20/100
|-damage|p2a: Rotom|1/100
|-hitcount|p2a: Rotom|2
|move|p2a: Rotom|Pain Split|p1a: Garchomp
|-sethp|p1a: Garchomp|51/100|[from] move: Pain Split|[silent]
|-sethp|p2a: Rotom|60/100|[from] move: Pain Split
|
|-weather|Sandstorm|[upkeep]
|-damage|p2a: Rotom|54/100|[from] Sandstorm
|-heal|p2a: Rotom|60/100|[from] item: Leftovers
|upkeep
|turn|20
|
|t:|1721082293
|move|p1a: Garchomp|Dual Chop|p2a: Rotom
|-damage|p2a: Rotom|41/100
|-damage|p2a: Rotom|23/100
|-hitcount|p2a: Rotom|2
|move|p2a: Rotom|Will-O-Wisp|p1a: Garchomp
|-status|p1a: Garchomp|brn
|
|-weather|Sandstorm|[upkeep]
|-damage|p2a: Rotom|17/100|[from] Sandstorm
|-heal|p2a: Rotom|23/100|[from] item: Leftovers
|-damage|p1a: Garchomp|38/100 brn|[from] brn
|upkeep
|turn|21
|
|t:|1721082300
|switch|p2a: Excadrill|Excadrill, F|100/100
|-ability|p2a: Excadrill|Mold Breaker
|move|p1a: Garchomp|Dual Chop|p2a: Excadrill
|-resisted|p2a: Excadrill
|-damage|p2a: Excadrill|93/100
|-resisted|p2a: Excadrill
|-damage|p2a: Excadrill|86/100
|-hitcount|p2a: Excadrill|2
|
|-weather|Sandstorm|[upkeep]
|-heal|p2a: Excadrill|92/100|[from] item: Leftovers
|-damage|p1a: Garchomp|26/100 brn|[from] brn
|upkeep
|turn|22
|-message|benjies forfeited.
|
|win|radaty
|raw|benjies's rating: 1395 &rarr; <strong>1379</strong><br />(-16 for losing)
|raw|radaty's rating: 1462 &rarr; <strong>1478</strong><br />(+16 for winning)
|l|☆benjies
|player|p1|
