|j|☆Rheumatoid
|j|☆Yelou
|player|p1|Rheumatoid|skyla|1548
|player|p2|Yelou|kahili|1529
|teamsize|p1|6
|teamsize|p2|6
|gametype|singles
|gen|5
|tier|[Gen 5] OU
|rated|
|clearpoke
|poke|p1|Thundurus-Therian, M|item
|poke|p1|Keldeo|item
|poke|p1|Politoed, M|item
|poke|p1|Tentacruel, F|item
|poke|p1|Ferrothorn, M|item
|poke|p1|Jirachi|item
|poke|p2|Tyranitar, M|item
|poke|p2|Keldeo|item
|poke|p2|Alakazam, F|item
|poke|p2|Latios, M|item
|poke|p2|Gliscor, F|item
|poke|p2|Ferrothorn, F|item
|rule|Species Clause: Limit one of each Pokémon
|rule|OHKO Clause: OHKO moves are banned
|rule|Moody Clause: Moody is banned
|rule|Evasion Moves Clause: Evasion moves are banned
|rule|Endless Battle Clause: Forcing endless battles is banned
|rule|HP Percentage Mod: HP is shown in percentages
|rule|Evasion Abilities Clause: Evasion abilities are banned
|rule|Baton Pass Clause: Limit one Baton Passer, can't pass Spe and other stats simultaneously
|rule|Sleep Clause: Sleep-inducing moves are banned
|rule|Swagger Clause: Swagger is banned
|teampreview
|
|start
|switch|p1a: Jirachi|Jirachi|100/100
|switch|p2a: Latios|Latios, M|100/100
|turn|1
|
|switch|p2a: Gliscor|Gliscor, F|100/100
|switch|p1a: Tentacruel|Tentacruel, F|100/100
|
|-status|p2a: Gliscor|tox|[from] item: Toxic Orb
|upkeep
|turn|2
|j| Hducchd
|
|switch|p1a: Ferrothorn|Ferrothorn, M|100/100
|move|p2a: Gliscor|Swords Dance|p2a: Gliscor
|-boost|p2a: Gliscor|atk|2
|
|upkeep
|turn|3
|l| Hducchd
|
|move|p2a: Gliscor|Earthquake|p1a: Ferrothorn
|-damage|p1a: Ferrothorn|47/100
|move|p1a: Ferrothorn|Stealth Rock|p2a: Gliscor
|-sidestart|p2: Yelou|move: Stealth Rock
|
|-heal|p1a: Ferrothorn|53/100|[from] item: Leftovers
|upkeep
|turn|4
|
|switch|p1a: Thundurus|Thundurus-Therian, M|100/100
|move|p2a: Gliscor|Swords Dance|p2a: Gliscor
|-boost|p2a: Gliscor|atk|2
|
|upkeep
|turn|5
|
|move|p1a: Thundurus|Hidden Power|p2a: Gliscor
|-supereffective|p2a: Gliscor
|-damage|p2a: Gliscor|22/100 tox
|move|p2a: Gliscor|Facade|p1a: Thundurus
|-damage|p1a: Thundurus|0 fnt
|faint|p1a: Thundurus
|
|-heal|p2a: Gliscor|35/100 tox|[from] ability: Poison Heal
|upkeep
|
|switch|p1a: Keldeo|Keldeo|100/100
|turn|6
|
|switch|p2a: Latios|Latios, M|100/100
|-damage|p2a: Latios|88/100|[from] Stealth Rock
|move|p1a: Keldeo|Surf|p2a: Latios
|-resisted|p2a: Latios
|-crit|p2a: Latios
|-damage|p2a: Latios|35/100
|
|upkeep
|turn|7
|
|switch|p1a: Ferrothorn|Ferrothorn, M|53/100
|move|p2a: Latios|Trick|p1a: Ferrothorn
|-activate|p2a: Latios|move: Trick|[of] p1a: Ferrothorn
|-item|p1a: Ferrothorn|Choice Specs|[from] move: Trick
|-item|p2a: Latios|Leftovers|[from] move: Trick
|
|-heal|p2a: Latios|41/100|[from] item: Leftovers
|upkeep
|turn|8
|
|move|p2a: Latios|Roost|p2a: Latios
|-heal|p2a: Latios|91/100
|-singleturn|p2a: Latios|move: Roost
|move|p1a: Ferrothorn|Spikes|p2a: Latios
|-sidestart|p2: Yelou|Spikes
|
|-heal|p2a: Latios|97/100|[from] item: Leftovers
|upkeep
|turn|9
|
|switch|p2a: Gliscor|Gliscor, F|35/100 tox
|-damage|p2a: Gliscor|22/100 tox|[from] Stealth Rock
|switch|p1a: Tentacruel|Tentacruel, F|100/100
|
|-heal|p2a: Gliscor|35/100 tox|[from] ability: Poison Heal
|upkeep
|turn|10
|
|switch|p2a: Ferrothorn|Ferrothorn, F|100/100
|-damage|p2a: Ferrothorn|88/100|[from] Spikes
|-damage|p2a: Ferrothorn|82/100|[from] Stealth Rock
|move|p1a: Tentacruel|Scald|p2a: Ferrothorn
|-resisted|p2a: Ferrothorn
|-damage|p2a: Ferrothorn|73/100
|
|-heal|p2a: Ferrothorn|79/100|[from] item: Leftovers
|upkeep
|turn|11
|
|move|p1a: Tentacruel|Toxic Spikes|p2a: Ferrothorn
|-sidestart|p2: Yelou|move: Toxic Spikes
|move|p2a: Ferrothorn|Knock Off|p1a: Tentacruel
|-damage|p1a: Tentacruel|95/100
|-enditem|p1a: Tentacruel|Black Sludge|[from] move: Knock Off|[of] p2a: Ferrothorn
|
|-heal|p2a: Ferrothorn|85/100|[from] item: Leftovers
|upkeep
|turn|12
|
|switch|p1a: Jirachi|Jirachi|100/100
|switch|p2a: Latios|Latios, M|97/100
|-damage|p2a: Latios|85/100|[from] Stealth Rock
|
|-heal|p2a: Latios|91/100|[from] item: Leftovers
|upkeep
|turn|13
|
|move|p2a: Latios|Surf|p1a: Jirachi
|-damage|p1a: Jirachi|71/100
|move|p1a: Jirachi|Substitute|p1a: Jirachi
|-start|p1a: Jirachi|Substitute
|-damage|p1a: Jirachi|46/100
|
|-heal|p2a: Latios|97/100|[from] item: Leftovers
|-heal|p1a: Jirachi|52/100|[from] item: Leftovers
|upkeep
|turn|14
|
|switch|p2a: Gliscor|Gliscor, F|35/100 tox
|-damage|p2a: Gliscor|22/100 tox|[from] Stealth Rock
|move|p1a: Jirachi|Calm Mind|p1a: Jirachi
|-boost|p1a: Jirachi|spa|1
|-boost|p1a: Jirachi|spd|1
|
|-heal|p1a: Jirachi|58/100|[from] item: Leftovers
|-heal|p2a: Gliscor|35/100 tox|[from] ability: Poison Heal
|upkeep
|turn|15
|
|move|p1a: Jirachi|Psyshock|p2a: Gliscor
|-damage|p2a: Gliscor|2/100 tox
|move|p2a: Gliscor|Earthquake|p1a: Jirachi
|-supereffective|p1a: Jirachi
|-end|p1a: Jirachi|Substitute
|
|-heal|p1a: Jirachi|64/100|[from] item: Leftovers
|-heal|p2a: Gliscor|15/100 tox|[from] ability: Poison Heal
|upkeep
|turn|16
|
|switch|p2a: Tyranitar|Tyranitar, M|100/100
|-damage|p2a: Tyranitar|88/100|[from] Spikes
|-damage|p2a: Tyranitar|76/100|[from] Stealth Rock
|-status|p2a: Tyranitar|psn
|-weather|Sandstorm|[from] ability: Sand Stream|[of] p2a: Tyranitar
|move|p1a: Jirachi|Psyshock|p2a: Tyranitar
|-immune|p2a: Tyranitar
|
|-weather|Sandstorm|[upkeep]
|-heal|p1a: Jirachi|71/100|[from] item: Leftovers
|-damage|p2a: Tyranitar|64/100 psn|[from] psn
|upkeep
|turn|17
|
|switch|p1a: Keldeo|Keldeo|100/100
|move|p2a: Tyranitar|Crunch|p1a: Keldeo
|-resisted|p1a: Keldeo
|-damage|p1a: Keldeo|74/100
|-ability|p1a: Keldeo|Justified|boost
|-boost|p1a: Keldeo|atk|1
|
|-weather|Sandstorm|[upkeep]
|-damage|p1a: Keldeo|67/100|[from] Sandstorm
|-damage|p2a: Tyranitar|51/100 psn|[from] psn
|upkeep
|turn|18
|c|☆Yelou|q pesao
|
|switch|p2a: Gliscor|Gliscor, F|15/100 tox
|-damage|p2a: Gliscor|2/100 tox|[from] Stealth Rock
|move|p1a: Keldeo|Secret Sword|p2a: Gliscor
|-resisted|p2a: Gliscor
|-damage|p2a: Gliscor|0 fnt
|faint|p2a: Gliscor
|
|-weather|Sandstorm|[upkeep]
|-damage|p1a: Keldeo|61/100|[from] Sandstorm
|upkeep
|
|switch|p2a: Alakazam|Alakazam, F|100/100
|-status|p2a: Alakazam|psn
|turn|19
|
|switch|p1a: Politoed|Politoed, M|100/100
|-weather|RainDance|[from] ability: Drizzle|[of] p1a: Politoed
|move|p2a: Alakazam|Thunder Wave|p1a: Politoed
|-status|p1a: Politoed|par
|
|-weather|RainDance|[upkeep]
|upkeep
|turn|20
|
|move|p2a: Alakazam|Psychic|p1a: Politoed
|-damage|p1a: Politoed|61/100 par
|move|p1a: Politoed|Scald|p2a: Alakazam
|-damage|p2a: Alakazam|43/100 psn
|
|-weather|RainDance|[upkeep]
|-heal|p1a: Politoed|67/100 par|[from] item: Leftovers
|upkeep
|turn|21
|
|switch|p2a: Latios|Latios, M|97/100
|-damage|p2a: Latios|85/100|[from] Stealth Rock
|cant|p1a: Politoed|par
|
|-weather|RainDance|[upkeep]
|-heal|p2a: Latios|91/100|[from] item: Leftovers
|-heal|p1a: Politoed|74/100 par|[from] item: Leftovers
|upkeep
|turn|22
|
|move|p2a: Latios|Surf|p1a: Politoed
|-resisted|p1a: Politoed
|-damage|p1a: Politoed|53/100 par
|move|p1a: Politoed|Toxic|p2a: Latios
|-status|p2a: Latios|tox
|
|-weather|RainDance|[upkeep]
|-heal|p2a: Latios|97/100 tox|[from] item: Leftovers
|-heal|p1a: Politoed|59/100 par|[from] item: Leftovers
|-damage|p2a: Latios|91/100 tox|[from] psn
|upkeep
|turn|23
|
|switch|p1a: Tentacruel|Tentacruel, F|95/100
|move|p2a: Latios|Surf|p1a: Tentacruel
|-resisted|p1a: Tentacruel
|-damage|p1a: Tentacruel|75/100
|
|-weather|RainDance|[upkeep]
|-heal|p1a: Tentacruel|81/100|[from] ability: Rain Dish
|-heal|p2a: Latios|97/100 tox|[from] item: Leftovers
|-damage|p2a: Latios|85/100 tox|[from] psn
|upkeep
|turn|24
|
|move|p2a: Latios|Draco Meteor|p1a: Tentacruel
|-damage|p1a: Tentacruel|21/100
|-unboost|p2a: Latios|spa|2
|move|p1a: Tentacruel|Toxic Spikes|p2a: Latios
|-sidestart|p2: Yelou|move: Toxic Spikes
|
|-weather|RainDance|[upkeep]
|-heal|p1a: Tentacruel|27/100|[from] ability: Rain Dish
|-heal|p2a: Latios|91/100 tox|[from] item: Leftovers
|-damage|p2a: Latios|73/100 tox|[from] psn
|upkeep
|turn|25
|
|switch|p2a: Tyranitar|Tyranitar, M|51/100 psn
|-damage|p2a: Tyranitar|39/100 psn|[from] Stealth Rock
|-damage|p2a: Tyranitar|27/100 psn|[from] Spikes
|-weather|Sandstorm|[from] ability: Sand Stream|[of] p2a: Tyranitar
|move|p1a: Tentacruel|Protect||[still]
|-fail|p1a: Tentacruel
|
|-weather|Sandstorm|[upkeep]
|-damage|p1a: Tentacruel|21/100|[from] Sandstorm
|-damage|p2a: Tyranitar|14/100 psn|[from] psn
|upkeep
|turn|26
|c|☆Yelou|q pesao eres bro
|
|move|p2a: Tyranitar|Pursuit|p1a: Tentacruel
|-damage|p1a: Tentacruel|0 fnt
|faint|p1a: Tentacruel
|
|-weather|Sandstorm|[upkeep]
|-damage|p2a: Tyranitar|2/100 psn|[from] psn
|upkeep
|
|switch|p1a: Keldeo|Keldeo|61/100
|turn|27
|
|move|p1a: Keldeo|Secret Sword|p2a: Tyranitar
|-supereffective|p2a: Tyranitar
|-damage|p2a: Tyranitar|0 fnt
|faint|p2a: Tyranitar
|
|-weather|Sandstorm|[upkeep]
|-damage|p1a: Keldeo|55/100|[from] Sandstorm
|upkeep
|
|switch|p2a: Latios|Latios, M|73/100 tox
|-damage|p2a: Latios|60/100 tox|[from] Stealth Rock
|turn|28
|inactive|Battle timer is ON: inactive players will automatically lose when time's up. (requested by Rheumatoid)
|
|switch|p1a: Ferrothorn|Ferrothorn, M|53/100
|move|p2a: Latios|Roost|p2a: Latios
|-heal|p2a: Latios|100/100 tox
|-singleturn|p2a: Latios|move: Roost
|
|-weather|Sandstorm|[upkeep]
|-damage|p2a: Latios|95/100 tox|[from] Sandstorm
|-heal|p2a: Latios|100/100 tox|[from] item: Leftovers
|-damage|p2a: Latios|95/100 tox|[from] psn
|upkeep
|turn|29
|
|switch|p2a: Ferrothorn|Ferrothorn, F|85/100
|-damage|p2a: Ferrothorn|79/100|[from] Stealth Rock
|-damage|p2a: Ferrothorn|66/100|[from] Spikes
|switch|p1a: Jirachi|Jirachi|71/100
|
|-weather|Sandstorm|[upkeep]
|-heal|p1a: Jirachi|77/100|[from] item: Leftovers
|-heal|p2a: Ferrothorn|73/100|[from] item: Leftovers
|upkeep
|turn|30
|
|move|p1a: Jirachi|Substitute|p1a: Jirachi
|-start|p1a: Jirachi|Substitute
|-damage|p1a: Jirachi|52/100
|move|p2a: Ferrothorn|Knock Off|p1a: Jirachi
|-activate|p1a: Jirachi|Substitute|[damage]
|
|-weather|Sandstorm|[upkeep]
|-heal|p1a: Jirachi|58/100|[from] item: Leftovers
|-heal|p2a: Ferrothorn|79/100|[from] item: Leftovers
|upkeep
|turn|31
|
|move|p1a: Jirachi|Calm Mind|p1a: Jirachi
|-boost|p1a: Jirachi|spa|1
|-boost|p1a: Jirachi|spd|1
|move|p2a: Ferrothorn|Knock Off|p1a: Jirachi
|-activate|p1a: Jirachi|Substitute|[damage]
|
|-weather|Sandstorm|[upkeep]
|-heal|p1a: Jirachi|64/100|[from] item: Leftovers
|-heal|p2a: Ferrothorn|85/100|[from] item: Leftovers
|upkeep
|turn|32
|
|move|p1a: Jirachi|Thunder|p2a: Ferrothorn|[miss]
|-miss|p1a: Jirachi|p2a: Ferrothorn
|move|p2a: Ferrothorn|Gyro Ball|p1a: Jirachi
|-resisted|p1a: Jirachi
|-end|p1a: Jirachi|Substitute
|
|-weather|Sandstorm|[upkeep]
|-heal|p1a: Jirachi|70/100|[from] item: Leftovers
|-heal|p2a: Ferrothorn|91/100|[from] item: Leftovers
|upkeep
|turn|33
|
|move|p1a: Jirachi|Substitute|p1a: Jirachi
|-start|p1a: Jirachi|Substitute
|-damage|p1a: Jirachi|45/100
|move|p2a: Ferrothorn|Gyro Ball|p1a: Jirachi
|-resisted|p1a: Jirachi
|-activate|p1a: Jirachi|Substitute|[damage]
|
|-weather|Sandstorm|[upkeep]
|-heal|p1a: Jirachi|51/100|[from] item: Leftovers
|-heal|p2a: Ferrothorn|98/100|[from] item: Leftovers
|upkeep
|turn|34
|
|move|p1a: Jirachi|Calm Mind|p1a: Jirachi
|-boost|p1a: Jirachi|spa|1
|-boost|p1a: Jirachi|spd|1
|move|p2a: Ferrothorn|Gyro Ball|p1a: Jirachi
|-resisted|p1a: Jirachi
|-end|p1a: Jirachi|Substitute
|
|-weather|Sandstorm|[upkeep]
|-heal|p1a: Jirachi|58/100|[from] item: Leftovers
|-heal|p2a: Ferrothorn|100/100|[from] item: Leftovers
|upkeep
|turn|35
|
|move|p1a: Jirachi|Substitute|p1a: Jirachi
|-start|p1a: Jirachi|Substitute
|-damage|p1a: Jirachi|33/100
|move|p2a: Ferrothorn|Gyro Ball|p1a: Jirachi
|-resisted|p1a: Jirachi
|-activate|p1a: Jirachi|Substitute|[damage]
|
|-weather|Sandstorm|[upkeep]
|-heal|p1a: Jirachi|39/100|[from] item: Leftovers
|upkeep
|turn|36
|
|move|p1a: Jirachi|Thunder|p2a: Ferrothorn
|-resisted|p2a: Ferrothorn
|-damage|p2a: Ferrothorn|81/100
|move|p2a: Ferrothorn|Gyro Ball|p1a: Jirachi
|-resisted|p1a: Jirachi
|-end|p1a: Jirachi|Substitute
|
|-weather|Sandstorm|[upkeep]
|-heal|p1a: Jirachi|45/100|[from] item: Leftovers
|-heal|p2a: Ferrothorn|87/100|[from] item: Leftovers
|upkeep
|turn|37
|
|move|p1a: Jirachi|Substitute|p1a: Jirachi
|-start|p1a: Jirachi|Substitute
|-damage|p1a: Jirachi|20/100
|move|p2a: Ferrothorn|Gyro Ball|p1a: Jirachi
|-resisted|p1a: Jirachi
|-activate|p1a: Jirachi|Substitute|[damage]
|
|-weather|Sandstorm|[upkeep]
|-heal|p1a: Jirachi|26/100|[from] item: Leftovers
|-heal|p2a: Ferrothorn|94/100|[from] item: Leftovers
|upkeep
|turn|38
|
|move|p1a: Jirachi|Thunder|p2a: Ferrothorn
|-resisted|p2a: Ferrothorn
|-damage|p2a: Ferrothorn|74/100
|-status|p2a: Ferrothorn|par
|move|p2a: Ferrothorn|Knock Off|p1a: Jirachi
|-activate|p1a: Jirachi|Substitute|[damage]
|
|-weather|Sandstorm|[upkeep]
|-heal|p1a: Jirachi|32/100|[from] item: Leftovers
|-heal|p2a: Ferrothorn|80/100 par|[from] item: Leftovers
|upkeep
|turn|39
|
|move|p1a: Jirachi|Calm Mind|p1a: Jirachi
|-boost|p1a: Jirachi|spa|1
|-boost|p1a: Jirachi|spd|1
|move|p2a: Ferrothorn|Gyro Ball|p1a: Jirachi
|-resisted|p1a: Jirachi
|-end|p1a: Jirachi|Substitute
|
|-weather|Sandstorm|[upkeep]
|-heal|p1a: Jirachi|39/100|[from] item: Leftovers
|-heal|p2a: Ferrothorn|87/100 par|[from] item: Leftovers
|upkeep
|turn|40
|
|move|p1a: Jirachi|Substitute|p1a: Jirachi
|-start|p1a: Jirachi|Substitute
|-damage|p1a: Jirachi|14/100
|move|p2a: Ferrothorn|Knock Off|p1a: Jirachi
|-activate|p1a: Jirachi|Substitute|[damage]
|
|-weather|Sandstorm|[upkeep]
|-heal|p1a: Jirachi|20/100|[from] item: Leftovers
|-heal|p2a: Ferrothorn|93/100 par|[from] item: Leftovers
|upkeep
|turn|41
|
|move|p1a: Jirachi|Psyshock|p2a: Ferrothorn
|-resisted|p2a: Ferrothorn
|-damage|p2a: Ferrothorn|70/100 par
|move|p2a: Ferrothorn|Knock Off|p1a: Jirachi
|-crit|p1a: Jirachi
|-activate|p1a: Jirachi|Substitute|[damage]
|
|-weather|Sandstorm|[upkeep]
|-heal|p1a: Jirachi|26/100|[from] item: Leftovers
|-heal|p2a: Ferrothorn|76/100 par|[from] item: Leftovers
|upkeep
|turn|42
|
|move|p1a: Jirachi|Psyshock|p2a: Ferrothorn
|-resisted|p2a: Ferrothorn
|-damage|p2a: Ferrothorn|52/100 par
|move|p2a: Ferrothorn|Knock Off|p1a: Jirachi
|-activate|p1a: Jirachi|Substitute|[damage]
|
|-weather|Sandstorm|[upkeep]
|-heal|p1a: Jirachi|32/100|[from] item: Leftovers
|-heal|p2a: Ferrothorn|59/100 par|[from] item: Leftovers
|upkeep
|turn|43
|
|move|p1a: Jirachi|Psyshock|p2a: Ferrothorn
|-resisted|p2a: Ferrothorn
|-damage|p2a: Ferrothorn|35/100 par
|move|p2a: Ferrothorn|Knock Off|p1a: Jirachi
|-activate|p1a: Jirachi|Substitute|[damage]
|
|-weather|Sandstorm|[upkeep]
|-heal|p1a: Jirachi|38/100|[from] item: Leftovers
|-heal|p2a: Ferrothorn|41/100 par|[from] item: Leftovers
|upkeep
|turn|44
|
|move|p1a: Jirachi|Psyshock|p2a: Ferrothorn
|-resisted|p2a: Ferrothorn
|-damage|p2a: Ferrothorn|18/100 par
|move|p2a: Ferrothorn|Knock Off|p1a: Jirachi
|-activate|p1a: Jirachi|Substitute|[damage]
|
|-weather|Sandstorm|[upkeep]
|-heal|p1a: Jirachi|45/100|[from] item: Leftovers
|-heal|p2a: Ferrothorn|25/100 par|[from] item: Leftovers
|upkeep
|turn|45
|c|☆Yelou|q pto pesao
|-message|Yelou forfeited.
|
|win|Rheumatoid
|l|☆Yelou
|raw|Rheumatoid's rating: 1548 &rarr; <strong>1567</strong><br />(+19 for winning)
|raw|Yelou's rating: 1530 &rarr; <strong>1511</strong><br />(-19 for losing)
|l|☆Rheumatoid
|j|☆Rheumatoid
|player|p1|Rheumatoid|skyla
