|j|☆Croaset
|j|☆Phxcalamity
|t:|1706729141
|gametype|singles
|player|p1|Croaset|elesa|1318
|player|p2|Phxcalamity|iris-gen5bw2|1434
|teamsize|p1|6
|teamsize|p2|6
|gen|5
|tier|[Gen 5] OU
|rated|
|rule|Species Clause: Limit one of each Pokémon
|rule|OHKO Clause: OHKO moves are banned
|rule|Moody Clause: Moody is banned
|rule|Evasion Items Clause: Evasion items are banned
|rule|Evasion Moves Clause: Evasion moves are banned
|rule|Endless Battle Clause: Forcing endless battles is banned
|rule|HP Percentage Mod: HP is shown in percentages
|rule|Evasion Abilities Clause: Evasion abilities are banned
|rule|Sleep Moves Clause: Sleep-inducing moves are banned
|rule|Swagger Clause: Swagger is banned
|rule|Baton Pass Stat Clause: No Baton Passer may have a way to boost its stats
|clearpoke
|poke|p1|Politoed, F|item
|poke|p1|Tentacruel, M|item
|poke|p1|Ferrothorn, M|item
|poke|p1|Tornadus, M|item
|poke|p1|Mamoswine, F|item
|poke|p1|Toxicroak, F|item
|poke|p2|Politoed, F|item
|poke|p2|Tentacruel, F|item
|poke|p2|Ferrothorn, F|item
|poke|p2|Latios, M|item
|poke|p2|Keldeo|item
|poke|p2|Scizor, M|item
|teampreview
|
|t:|1706729166
|start
|switch|p1a: Toxicroak|Toxicroak, F|100/100
|switch|p2a: Scizor|Scizor, M|100/100
|turn|1
|
|t:|1706729172
|move|p2a: Scizor|U-turn|p1a: Toxicroak
|-resisted|p1a: Toxicroak
|-damage|p1a: Toxicroak|88/100
|
|t:|1706729174
|switch|p2a: Tentacruel|Tentacruel, F|100/100|[from] U-turn
|move|p1a: Toxicroak|Substitute|p1a: Toxicroak
|-start|p1a: Toxicroak|Substitute
|-damage|p1a: Toxicroak|63/100
|
|-heal|p1a: Toxicroak|70/100|[from] item: Black Sludge
|upkeep
|turn|2
|inactive|Battle timer is ON: inactive players will automatically lose when time's up. (requested by Croaset)
|
|t:|1706729194
|move|p2a: Tentacruel|Rapid Spin|p1a: Toxicroak
|-activate|p1a: Toxicroak|Substitute|[damage]
|move|p1a: Toxicroak|Bulk Up|p1a: Toxicroak
|-boost|p1a: Toxicroak|atk|1
|-boost|p1a: Toxicroak|def|1
|
|-heal|p1a: Toxicroak|76/100|[from] item: Black Sludge
|upkeep
|turn|3
|
|t:|1706729211
|switch|p2a: Latios|Latios, M|100/100
|move|p1a: Toxicroak|Bulk Up|p1a: Toxicroak
|-boost|p1a: Toxicroak|atk|1
|-boost|p1a: Toxicroak|def|1
|
|-heal|p1a: Toxicroak|82/100|[from] item: Black Sludge
|upkeep
|turn|4
|
|t:|1706729216
|move|p2a: Latios|Dragon Pulse|p1a: Toxicroak
|-end|p1a: Toxicroak|Substitute
|move|p1a: Toxicroak|Toxic|p2a: Latios
|-status|p2a: Latios|tox
|
|-heal|p1a: Toxicroak|88/100|[from] item: Black Sludge
|-damage|p2a: Latios|94/100 tox|[from] psn
|upkeep
|turn|5
|
|t:|1706729221
|switch|p1a: Ferrothorn|Ferrothorn, M, shiny|100/100
|move|p2a: Latios|Dragon Pulse|p1a: Ferrothorn
|-resisted|p1a: Ferrothorn
|-damage|p1a: Ferrothorn|82/100
|
|-heal|p1a: Ferrothorn|88/100|[from] item: Leftovers
|-damage|p2a: Latios|82/100 tox|[from] psn
|upkeep
|turn|6
|j| SageOfOldGens
|
|t:|1706729236
|switch|p2a: Ferrothorn|Ferrothorn, F|100/100
|move|p1a: Ferrothorn|Stealth Rock|p2a: Ferrothorn
|-sidestart|p2: Phxcalamity|move: Stealth Rock
|
|-heal|p1a: Ferrothorn|94/100|[from] item: Leftovers
|upkeep
|turn|7
|
|t:|1706729240
|move|p2a: Ferrothorn|Stealth Rock|p1a: Ferrothorn
|-sidestart|p1: Croaset|move: Stealth Rock
|move|p1a: Ferrothorn|Knock Off|p2a: Ferrothorn
|-resisted|p2a: Ferrothorn
|-crit|p2a: Ferrothorn
|-damage|p2a: Ferrothorn|97/100
|-damage|p1a: Ferrothorn|82/100|[from] ability: Iron Barbs|[of] p2a: Ferrothorn
|-enditem|p2a: Ferrothorn|Leftovers|[from] move: Knock Off|[of] p1a: Ferrothorn
|
|-heal|p1a: Ferrothorn|88/100|[from] item: Leftovers
|upkeep
|turn|8
|
|t:|1706729247
|switch|p1a: Tentacruel|Tentacruel, M|100/100
|-damage|p1a: Tentacruel|88/100|[from] Stealth Rock
|move|p2a: Ferrothorn|Spikes|p1a: Tentacruel
|-sidestart|p1: Croaset|Spikes
|
|-heal|p1a: Tentacruel|94/100|[from] item: Black Sludge
|upkeep
|turn|9
|
|t:|1706729251
|move|p1a: Tentacruel|Rapid Spin|p2a: Ferrothorn
|-resisted|p2a: Ferrothorn
|-damage|p2a: Ferrothorn|96/100
|-damage|p1a: Tentacruel|82/100|[from] ability: Iron Barbs|[of] p2a: Ferrothorn
|-sideend|p1: Croaset|Spikes|[from] move: Rapid Spin|[of] p1a: Tentacruel
|-sideend|p1: Croaset|Stealth Rock|[from] move: Rapid Spin|[of] p1a: Tentacruel
|move|p2a: Ferrothorn|Leech Seed|p1a: Tentacruel
|-start|p1a: Tentacruel|move: Leech Seed
|
|-heal|p1a: Tentacruel|88/100|[from] item: Black Sludge
|-damage|p1a: Tentacruel|75/100|[from] Leech Seed|[of] p2a: Ferrothorn
|-heal|p2a: Ferrothorn|100/100|[silent]
|upkeep
|turn|10
|
|t:|1706729255
|switch|p1a: Toxicroak|Toxicroak, F|88/100
|move|p2a: Ferrothorn|Stealth Rock|p1a: Toxicroak
|-sidestart|p1: Croaset|move: Stealth Rock
|
|-heal|p1a: Toxicroak|95/100|[from] item: Black Sludge
|upkeep
|turn|11
|
|t:|1706729260
|move|p1a: Toxicroak|Substitute|p1a: Toxicroak
|-start|p1a: Toxicroak|Substitute
|-damage|p1a: Toxicroak|70/100
|move|p2a: Ferrothorn|Spikes|p1a: Toxicroak
|-sidestart|p1: Croaset|Spikes
|
|-heal|p1a: Toxicroak|76/100|[from] item: Black Sludge
|upkeep
|turn|12
|
|t:|1706729264
|switch|p2a: Latios|Latios, M|82/100 tox
|-damage|p2a: Latios|70/100 tox|[from] Stealth Rock
|move|p1a: Toxicroak|Bulk Up|p1a: Toxicroak
|-boost|p1a: Toxicroak|atk|1
|-boost|p1a: Toxicroak|def|1
|
|-heal|p1a: Toxicroak|82/100|[from] item: Black Sludge
|-damage|p2a: Latios|64/100 tox|[from] psn
|upkeep
|turn|13
|
|t:|1706729269
|move|p2a: Latios|Dragon Pulse|p1a: Toxicroak
|-end|p1a: Toxicroak|Substitute
|move|p1a: Toxicroak|Drain Punch|p2a: Latios
|-resisted|p2a: Latios
|-damage|p2a: Latios|40/100 tox
|-heal|p1a: Toxicroak|94/100|[from] drain|[of] p2a: Latios
|
|-heal|p1a: Toxicroak|99/100|[from] item: Black Sludge
|-damage|p2a: Latios|28/100 tox|[from] psn
|upkeep
|turn|14
|j| Podtastic1
|
|t:|1706729273
|switch|p1a: Ferrothorn|Ferrothorn, M, shiny|88/100
|-damage|p1a: Ferrothorn|82/100|[from] Stealth Rock
|-damage|p1a: Ferrothorn|69/100|[from] Spikes
|move|p2a: Latios|Recover|p2a: Latios
|-heal|p2a: Latios|78/100 tox
|
|-heal|p1a: Ferrothorn|75/100|[from] item: Leftovers
|-damage|p2a: Latios|60/100 tox|[from] psn
|upkeep
|turn|15
|
|t:|1706729284
|switch|p2a: Ferrothorn|Ferrothorn, F|100/100
|-damage|p2a: Ferrothorn|94/100|[from] Stealth Rock
|move|p1a: Ferrothorn|Knock Off|p2a: Ferrothorn
|-resisted|p2a: Ferrothorn
|-damage|p2a: Ferrothorn|93/100
|-damage|p1a: Ferrothorn|63/100|[from] ability: Iron Barbs|[of] p2a: Ferrothorn
|
|-heal|p1a: Ferrothorn|69/100|[from] item: Leftovers
|upkeep
|turn|16
|
|t:|1706729291
|switch|p1a: Tentacruel|Tentacruel, M|75/100
|-damage|p1a: Tentacruel|63/100|[from] Stealth Rock
|-damage|p1a: Tentacruel|51/100|[from] Spikes
|move|p2a: Ferrothorn|Spikes|p1a: Tentacruel
|-sidestart|p1: Croaset|Spikes
|
|-heal|p1a: Tentacruel|57/100|[from] item: Black Sludge
|upkeep
|turn|17
|
|t:|1706729294
|move|p1a: Tentacruel|Rapid Spin|p2a: Ferrothorn
|-resisted|p2a: Ferrothorn
|-damage|p2a: Ferrothorn|91/100
|-damage|p1a: Tentacruel|44/100|[from] ability: Iron Barbs|[of] p2a: Ferrothorn
|-sideend|p1: Croaset|Spikes|[from] move: Rapid Spin|[of] p1a: Tentacruel
|-sideend|p1: Croaset|Stealth Rock|[from] move: Rapid Spin|[of] p1a: Tentacruel
|move|p2a: Ferrothorn|Power Whip|p1a: Tentacruel
|-damage|p1a: Tentacruel|10/100
|
|-heal|p1a: Tentacruel|16/100|[from] item: Black Sludge
|upkeep
|turn|18
|
|t:|1706729301
|switch|p1a: Toxicroak|Toxicroak, F|99/100
|move|p2a: Ferrothorn|Power Whip|p1a: Toxicroak
|-resisted|p1a: Toxicroak
|-damage|p1a: Toxicroak|73/100
|
|-heal|p1a: Toxicroak|80/100|[from] item: Black Sludge
|upkeep
|turn|19
|
|t:|1706729304
|move|p1a: Toxicroak|Substitute|p1a: Toxicroak
|-start|p1a: Toxicroak|Substitute
|-damage|p1a: Toxicroak|55/100
|move|p2a: Ferrothorn|Stealth Rock|p1a: Toxicroak
|-sidestart|p1: Croaset|move: Stealth Rock
|
|-heal|p1a: Toxicroak|61/100|[from] item: Black Sludge
|upkeep
|turn|20
|
|t:|1706729309
|move|p1a: Toxicroak|Bulk Up|p1a: Toxicroak
|-boost|p1a: Toxicroak|atk|1
|-boost|p1a: Toxicroak|def|1
|move|p2a: Ferrothorn|Spikes|p1a: Toxicroak
|-sidestart|p1: Croaset|Spikes
|
|-heal|p1a: Toxicroak|67/100|[from] item: Black Sludge
|upkeep
|turn|21
|
|t:|1706729314
|switch|p2a: Latios|Latios, M|60/100 tox
|-damage|p2a: Latios|47/100 tox|[from] Stealth Rock
|move|p1a: Toxicroak|Bulk Up|p1a: Toxicroak
|-boost|p1a: Toxicroak|atk|1
|-boost|p1a: Toxicroak|def|1
|
|-heal|p1a: Toxicroak|73/100|[from] item: Black Sludge
|-damage|p2a: Latios|41/100 tox|[from] psn
|upkeep
|turn|22
|
|t:|1706729319
|move|p2a: Latios|Recover|p2a: Latios
|-heal|p2a: Latios|91/100 tox
|move|p1a: Toxicroak|Drain Punch|p2a: Latios
|-resisted|p2a: Latios
|-damage|p2a: Latios|60/100 tox
|-heal|p1a: Toxicroak|89/100|[from] drain|[of] p2a: Latios
|
|-heal|p1a: Toxicroak|95/100|[from] item: Black Sludge
|-damage|p2a: Latios|48/100 tox|[from] psn
|upkeep
|turn|23
|
|t:|1706729323
|move|p2a: Latios|Recover|p2a: Latios
|-heal|p2a: Latios|98/100 tox
|move|p1a: Toxicroak|Drain Punch|p2a: Latios
|-resisted|p2a: Latios
|-damage|p2a: Latios|66/100 tox
|-heal|p1a: Toxicroak|100/100|[from] drain|[of] p2a: Latios
|
|-damage|p2a: Latios|48/100 tox|[from] psn
|upkeep
|turn|24
|
|t:|1706729326
|move|p2a: Latios|Dragon Pulse|p1a: Toxicroak
|-end|p1a: Toxicroak|Substitute
|move|p1a: Toxicroak|Drain Punch|p2a: Latios
|-resisted|p2a: Latios
|-damage|p2a: Latios|16/100 tox
|
|-damage|p2a: Latios|0 fnt|[from] psn
|faint|p2a: Latios
|upkeep
|
|t:|1706729340
|switch|p2a: Scizor|Scizor, M|100/100
|-damage|p2a: Scizor|88/100|[from] Stealth Rock
|turn|25
|
|t:|1706729345
|move|p2a: Scizor|U-turn|p1a: Toxicroak
|-resisted|p1a: Toxicroak
|-damage|p1a: Toxicroak|95/100
|
|t:|1706729348
|switch|p2a: Tentacruel|Tentacruel, F|100/100|[from] U-turn
|-damage|p2a: Tentacruel|88/100|[from] Stealth Rock
|move|p1a: Toxicroak|Bulk Up|p1a: Toxicroak
|-boost|p1a: Toxicroak|atk|1
|-boost|p1a: Toxicroak|def|1
|
|-heal|p2a: Tentacruel|94/100|[from] item: Black Sludge
|-heal|p1a: Toxicroak|100/100|[from] item: Black Sludge
|upkeep
|turn|26
|
|t:|1706729351
|move|p2a: Tentacruel|Rapid Spin|p1a: Toxicroak
|-damage|p1a: Toxicroak|99/100
|-sideend|p2: Phxcalamity|Stealth Rock|[from] move: Rapid Spin|[of] p2a: Tentacruel
|move|p1a: Toxicroak|Substitute|p1a: Toxicroak
|-start|p1a: Toxicroak|Substitute
|-damage|p1a: Toxicroak|74/100
|
|-heal|p2a: Tentacruel|99/100|[from] item: Black Sludge
|-heal|p1a: Toxicroak|80/100|[from] item: Black Sludge
|upkeep
|turn|27
|
|t:|1706729355
|switch|p2a: Politoed|Politoed, F|100/100
|-weather|RainDance|[from] ability: Drizzle|[of] p2a: Politoed
|move|p1a: Toxicroak|Bulk Up|p1a: Toxicroak
|-boost|p1a: Toxicroak|atk|1
|-boost|p1a: Toxicroak|def|1
|
|-weather|RainDance|[upkeep]
|-heal|p1a: Toxicroak|93/100|[from] ability: Dry Skin
|-heal|p1a: Toxicroak|99/100|[from] item: Black Sludge
|upkeep
|turn|28
|
|t:|1706729358
|switch|p2a: Tentacruel|Tentacruel, F|99/100
|move|p1a: Toxicroak|Drain Punch|p2a: Tentacruel
|-resisted|p2a: Tentacruel
|-damage|p2a: Tentacruel|43/100
|-heal|p1a: Toxicroak|100/100|[from] drain|[of] p2a: Tentacruel
|
|-weather|RainDance|[upkeep]
|-heal|p2a: Tentacruel|49/100|[from] ability: Rain Dish
|-heal|p2a: Tentacruel|55/100|[from] item: Black Sludge
|upkeep
|turn|29
|
|t:|1706729363
|move|p2a: Tentacruel|Protect|p2a: Tentacruel
|-singleturn|p2a: Tentacruel|Protect
|move|p1a: Toxicroak|Bulk Up|p1a: Toxicroak
|-boost|p1a: Toxicroak|atk|1
|-boost|p1a: Toxicroak|def|1
|
|-weather|RainDance|[upkeep]
|-heal|p2a: Tentacruel|61/100|[from] ability: Rain Dish
|-heal|p2a: Tentacruel|68/100|[from] item: Black Sludge
|upkeep
|turn|30
|
|t:|1706729368
|move|p2a: Tentacruel|Rapid Spin|p1a: Toxicroak
|-activate|p1a: Toxicroak|Substitute|[damage]
|move|p1a: Toxicroak|Bulk Up|p1a: Toxicroak
|-boost|p1a: Toxicroak|atk|1
|-boost|p1a: Toxicroak|def|1
|
|-weather|RainDance|[upkeep]
|-heal|p2a: Tentacruel|74/100|[from] ability: Rain Dish
|-heal|p2a: Tentacruel|80/100|[from] item: Black Sludge
|upkeep
|turn|31
|
|t:|1706729377
|move|p2a: Tentacruel|Rapid Spin|p1a: Toxicroak
|-activate|p1a: Toxicroak|Substitute|[damage]
|move|p1a: Toxicroak|Bulk Up|p1a: Toxicroak
|-boost|p1a: Toxicroak|atk|0
|-boost|p1a: Toxicroak|def|0
|
|-weather|RainDance|[upkeep]
|-heal|p2a: Tentacruel|86/100|[from] ability: Rain Dish
|-heal|p2a: Tentacruel|92/100|[from] item: Black Sludge
|upkeep
|turn|32
|
|t:|1706729381
|move|p2a: Tentacruel|Rapid Spin|p1a: Toxicroak
|-activate|p1a: Toxicroak|Substitute|[damage]
|move|p1a: Toxicroak|Drain Punch|p2a: Tentacruel
|-resisted|p2a: Tentacruel
|-damage|p2a: Tentacruel|20/100
|
|-weather|RainDance|[upkeep]
|-heal|p2a: Tentacruel|26/100|[from] ability: Rain Dish
|-heal|p2a: Tentacruel|32/100|[from] item: Black Sludge
|upkeep
|turn|33
|
|t:|1706729390
|move|p2a: Tentacruel|Protect|p2a: Tentacruel
|-singleturn|p2a: Tentacruel|Protect
|move|p1a: Toxicroak|Drain Punch|p2a: Tentacruel
|-activate|p2a: Tentacruel|move: Protect
|
|-weather|RainDance|[upkeep]
|-heal|p2a: Tentacruel|38/100|[from] ability: Rain Dish
|-heal|p2a: Tentacruel|44/100|[from] item: Black Sludge
|upkeep
|turn|34
|
|t:|1706729395
|switch|p2a: Politoed|Politoed, F|100/100
|move|p1a: Toxicroak|Drain Punch|p2a: Politoed
|-damage|p2a: Politoed|21/100
|
|-weather|RainDance|[upkeep]
|-heal|p2a: Politoed|28/100|[from] item: Leftovers
|upkeep
|turn|35
|
|t:|1706729400
|move|p2a: Politoed|Protect|p2a: Politoed
|-singleturn|p2a: Politoed|Protect
|move|p1a: Toxicroak|Toxic|p2a: Politoed
|-activate|p2a: Politoed|move: Protect
|
|-weather|RainDance|[upkeep]
|-heal|p2a: Politoed|34/100|[from] item: Leftovers
|upkeep
|turn|36
|
|t:|1706729403
|move|p1a: Toxicroak|Drain Punch|p2a: Politoed
|-damage|p2a: Politoed|0 fnt
|faint|p2a: Politoed
|
|-weather|RainDance|[upkeep]
|upkeep
|-message|Phxcalamity forfeited.
|
|win|Croaset
|raw|Croaset's rating: 1318 &rarr; <strong>1346</strong><br />(+28 for winning)
|raw|Phxcalamity's rating: 1455 &rarr; <strong>1427</strong><br />(-28 for losing)
|l|☆Phxcalamity
|player|p2|
