|j|☆IKYWT
|j|☆tokiiiiiiii
|player|p1|IKYWT|155
|player|p2|tokiiiiiiii|123
|teamsize|p1|6
|teamsize|p2|6
|gametype|singles
|gen|5
|tier|[Gen 5] OU
|rated|
|rule|Sleep Clause Mod: Limit one foe put to sleep
|rule|Species Clause: Limit one of each Pokémon
|rule|OHKO Clause: OHKO moves are banned
|rule|Moody Clause: Moody is banned
|rule|Evasion Moves Clause: Evasion moves are banned
|rule|Endless Battle Clause: Forcing endless battles is banned
|rule|HP Percentage Mod: HP is shown in percentages
|rule|Evasion Abilities Clause: Evasion abilities are banned
|rule|Baton Pass Clause: Limit one Baton Passer, can't pass Spe and other stats simultaneously
|rule|Swagger Clause: Swagger is banned
|clearpoke
|poke|p1|Politoed, M|item
|poke|p1|Ferrothorn, M|item
|poke|p1|Tentacruel, F|item
|poke|p1|Jirachi|item
|poke|p1|Tornadus, M|item
|poke|p1|Kyurem|item
|poke|p2|Jirachi|item
|poke|p2|Donphan, F|item
|poke|p2|Haxorus, F|item
|poke|p2|Porygon2|item
|poke|p2|Ninetales, M|item
|poke|p2|Volcarona, M|item
|teampreview
|c|☆tokiiiiiiii|gl hf
|c|☆IKYWT|u2
|
|start
|switch|p1a: Ferrothorn|Ferrothorn, M|100/100
|switch|p2a: PC-98|Jirachi|100/100
|turn|1
|
|move|p2a: PC-98|Calm Mind|p2a: PC-98
|-boost|p2a: PC-98|spa|1
|-boost|p2a: PC-98|spd|1
|move|p1a: Ferrothorn|Stealth Rock|p2a: PC-98
|-sidestart|p2: tokiiiiiiii|move: Stealth Rock
|
|upkeep
|turn|2
|
|switch|p1a: Politoed|Politoed, M|100/100
|-weather|RainDance|[from] ability: Drizzle|[of] p1a: Politoed
|move|p2a: PC-98|Calm Mind|p2a: PC-98
|-boost|p2a: PC-98|spa|1
|-boost|p2a: PC-98|spd|1
|
|-weather|RainDance|[upkeep]
|upkeep
|turn|3
|
|move|p1a: Politoed|Perish Song|p1a: Politoed
|-start|p1a: Politoed|perish3|[silent]
|-start|p2a: PC-98|perish3|[silent]
|-fieldactivate|move: Perish Song
|move|p2a: PC-98|Thunder|p1a: Politoed
|-supereffective|p1a: Politoed
|-damage|p1a: Politoed|0 fnt
|faint|p1a: Politoed
|
|-weather|RainDance|[upkeep]
|-start|p2a: PC-98|perish3
|upkeep
|
|switch|p1a: Kyurem|Kyurem|100/100
|-ability|p1a: Kyurem|Pressure
|turn|4
|
|move|p1a: Kyurem|Substitute|p1a: Kyurem
|-start|p1a: Kyurem|Substitute
|-damage|p1a: Kyurem|75/100
|move|p2a: PC-98|Hidden Power|p1a: Kyurem
|-supereffective|p1a: Kyurem
|-end|p1a: Kyurem|Substitute
|
|-weather|RainDance|[upkeep]
|-heal|p1a: Kyurem|82/100|[from] item: Leftovers
|-start|p2a: PC-98|perish2
|upkeep
|turn|5
|
|switch|p2a: Free BASIC|Porygon2|100/100
|-damage|p2a: Free BASIC|88/100|[from] Stealth Rock
|-ability|p2a: Free BASIC|Pressure|[from] ability: Trace|[of] p1a: Kyurem
|-ability|p2a: Free BASIC|Pressure
|move|p1a: Kyurem|Substitute|p1a: Kyurem
|-start|p1a: Kyurem|Substitute
|-damage|p1a: Kyurem|57/100
|
|-weather|RainDance|[upkeep]
|-heal|p1a: Kyurem|63/100|[from] item: Leftovers
|upkeep
|turn|6
|
|move|p1a: Kyurem|Roost|p1a: Kyurem
|-heal|p1a: Kyurem|100/100
|move|p2a: Free BASIC|Ice Beam|p1a: Kyurem
|-activate|p1a: Kyurem|Substitute|[damage]
|
|-weather|RainDance|[upkeep]
|upkeep
|turn|7
|
|switch|p1a: Ferrothorn|Ferrothorn, M|100/100
|move|p2a: Free BASIC|Ice Beam|p1a: Ferrothorn
|-crit|p1a: Ferrothorn
|-damage|p1a: Ferrothorn|68/100
|
|-weather|RainDance|[upkeep]
|-heal|p1a: Ferrothorn|74/100|[from] item: Leftovers
|upkeep
|turn|8
|
|switch|p2a: Heartbreak|Ninetales, M|100/100
|-damage|p2a: Heartbreak|76/100|[from] Stealth Rock
|-weather|SunnyDay|[from] ability: Drought|[of] p2a: Heartbreak
|-item|p2a: Heartbreak|Air Balloon
|move|p1a: Ferrothorn|Spikes|p2a: Heartbreak
|-sidestart|p2: tokiiiiiiii|Spikes
|
|-weather|SunnyDay|[upkeep]
|-heal|p1a: Ferrothorn|80/100|[from] item: Leftovers
|upkeep
|turn|9
|
|switch|p2a: Q|Haxorus, F|100/100
|-damage|p2a: Q|88/100|[from] Spikes
|-damage|p2a: Q|76/100|[from] Stealth Rock
|-ability|p2a: Q|Mold Breaker
|switch|p1a: Tentacruel|Tentacruel, F|100/100
|
|-weather|SunnyDay|[upkeep]
|upkeep
|turn|10
|j| EricNottingham
|
|switch|p1a: Ferrothorn|Ferrothorn, M|80/100
|move|p2a: Q|Swords Dance|p2a: Q
|-boost|p2a: Q|atk|2
|
|-weather|SunnyDay|[upkeep]
|-heal|p1a: Ferrothorn|87/100|[from] item: Leftovers
|upkeep
|turn|11
|
|move|p2a: Q|Dragon Dance|p2a: Q
|-boost|p2a: Q|atk|1
|-boost|p2a: Q|spe|1
|move|p1a: Ferrothorn|Gyro Ball|p2a: Q
|-crit|p2a: Q
|-damage|p2a: Q|0 fnt
|faint|p2a: Q
|
|-weather|SunnyDay|[upkeep]
|-heal|p1a: Ferrothorn|93/100|[from] item: Leftovers
|upkeep
|l| EricNottingham
|
|switch|p2a: machine men|Donphan, F|100/100
|-damage|p2a: machine men|88/100|[from] Spikes
|-damage|p2a: machine men|82/100|[from] Stealth Rock
|turn|12
|
|move|p2a: machine men|Rapid Spin|p1a: Ferrothorn
|-resisted|p1a: Ferrothorn
|-damage|p1a: Ferrothorn|91/100
|-damage|p2a: machine men|69/100|[from] ability: Iron Barbs|[of] p1a: Ferrothorn
|-sideend|p2: tokiiiiiiii|Spikes|[from] move: Rapid Spin|[of] p2a: machine men
|-sideend|p2: tokiiiiiiii|Stealth Rock|[from] move: Rapid Spin|[of] p2a: machine men
|move|p1a: Ferrothorn|Stealth Rock|p2a: machine men
|-sidestart|p2: tokiiiiiiii|move: Stealth Rock
|
|-weather|SunnyDay|[upkeep]
|-heal|p2a: machine men|75/100|[from] item: Leftovers
|-heal|p1a: Ferrothorn|97/100|[from] item: Leftovers
|upkeep
|turn|13
|
|switch|p1a: Tentacruel|Tentacruel, F|100/100
|move|p2a: machine men|Stealth Rock|p1a: Tentacruel
|-sidestart|p1: IKYWT|move: Stealth Rock
|
|-weather|SunnyDay|[upkeep]
|-heal|p2a: machine men|82/100|[from] item: Leftovers
|upkeep
|turn|14
|
|switch|p2a: .flow|Volcarona, M|100/100
|-damage|p2a: .flow|51/100|[from] Stealth Rock
|move|p1a: Tentacruel|Rapid Spin|p2a: .flow
|-damage|p2a: .flow|48/100
|-status|p1a: Tentacruel|brn|[from] ability: Flame Body|[of] p2a: .flow
|-sideend|p1: IKYWT|Stealth Rock|[from] move: Rapid Spin|[of] p1a: Tentacruel
|
|-weather|SunnyDay|[upkeep]
|-damage|p1a: Tentacruel|88/100 brn|[from] brn
|upkeep
|turn|15
|c|☆tokiiiiiiii|sprry
|
|move|p1a: Tentacruel|Scald|p2a: .flow
|-supereffective|p2a: .flow
|-damage|p2a: .flow|28/100
|move|p2a: .flow|Quiver Dance|p2a: .flow
|-boost|p2a: .flow|spa|1
|-boost|p2a: .flow|spd|1
|-boost|p2a: .flow|spe|1
|
|-weather|SunnyDay|[upkeep]
|-heal|p1a: Tentacruel|94/100 brn|[from] item: Black Sludge
|-damage|p1a: Tentacruel|82/100 brn|[from] brn
|upkeep
|turn|16
|
|move|p2a: .flow|Quiver Dance|p2a: .flow
|-boost|p2a: .flow|spa|1
|-boost|p2a: .flow|spd|1
|-boost|p2a: .flow|spe|1
|move|p1a: Tentacruel|Scald|p2a: .flow
|-supereffective|p2a: .flow
|-damage|p2a: .flow|17/100
|
|-weather|SunnyDay|[upkeep]
|-heal|p1a: Tentacruel|88/100 brn|[from] item: Black Sludge
|-damage|p1a: Tentacruel|75/100 brn|[from] brn
|upkeep
|turn|17
|
|move|p2a: .flow|Quiver Dance|p2a: .flow
|-boost|p2a: .flow|spa|1
|-boost|p2a: .flow|spd|1
|-boost|p2a: .flow|spe|1
|move|p1a: Tentacruel|Scald|p2a: .flow
|-supereffective|p2a: .flow
|-damage|p2a: .flow|9/100
|
|-weather|SunnyDay|[upkeep]
|-heal|p1a: Tentacruel|81/100 brn|[from] item: Black Sludge
|-damage|p1a: Tentacruel|69/100 brn|[from] brn
|upkeep
|turn|18
|
|move|p2a: .flow|Rest|p2a: .flow
|-status|p2a: .flow|slp
|-heal|p2a: .flow|100/100 slp|[silent]
|-status|p2a: .flow|slp|[from] move: Rest
|-enditem|p2a: .flow|Chesto Berry|[eat]
|-curestatus|p2a: .flow|slp|[msg]
|move|p1a: Tentacruel|Scald|p2a: .flow
|-supereffective|p2a: .flow
|-damage|p2a: .flow|92/100
|
|-weather|SunnyDay|[upkeep]
|-heal|p1a: Tentacruel|75/100 brn|[from] item: Black Sludge
|-damage|p1a: Tentacruel|63/100 brn|[from] brn
|upkeep
|turn|19
|c|☆IKYWT|gg
|-message|IKYWT forfeited.
|
|win|tokiiiiiiii
|raw|IKYWT's rating: 1381 &rarr; <strong>1355</strong><br />(-26 for losing)
|raw|tokiiiiiiii's rating: 1274 &rarr; <strong>1307</strong><br />(+33 for winning)
|l|☆IKYWT
