|j|☆Conflict
|j|☆ImpedanceisFutile
|player|p1|Conflict|126
|player|p2|ImpedanceisFutile|42
|teamsize|p1|6
|teamsize|p2|6
|gametype|singles
|gen|5
|tier|[Gen 5] OU
|rated|
|rule|Sleep Clause Mod: Limit one foe put to sleep
|rule|Species Clause: Limit one of each Pokémon
|rule|OHKO Clause: OHKO moves are banned
|rule|Moody Clause: Moody is banned
|rule|Evasion Moves Clause: Evasion moves are banned
|rule|Endless Battle Clause: Forcing endless battles is banned
|rule|HP Percentage Mod: HP is shown in percentages
|rule|Evasion Abilities Clause: Evasion abilities are banned
|rule|Baton Pass Clause: Limit one Baton Passer, can't pass Spe and other stats simultaneously
|rule|Swagger Clause: Swagger is banned
|clearpoke
|poke|p1|Tyranitar, F|item
|poke|p1|Skarmory, M|item
|poke|p1|Amoonguss, M|item
|poke|p1|Keldeo|item
|poke|p1|Alakazam, M|item
|poke|p1|Garchomp, F|item
|poke|p2|Volcarona, F|item
|poke|p2|Forretress, F|item
|poke|p2|Garchomp, M|item
|poke|p2|Tangrowth, M|item
|poke|p2|Slowking, M|item
|poke|p2|Tyranitar, M|item
|teampreview
|inactive|Battle timer is ON: inactive players will automatically lose when time's up. (requested by Conflict)
|c|☆ImpedanceisFutile|hf
|
|start
|switch|p1a: Tyranitar|Tyranitar, F|100/100
|switch|p2a: Tangrowth|Tangrowth, M|100/100
|-weather|Sandstorm|[from] ability: Sand Stream|[of] p1a: Tyranitar
|turn|1
|
|move|p1a: Tyranitar|Stealth Rock|p2a: Tangrowth
|-sidestart|p2: ImpedanceisFutile|move: Stealth Rock
|move|p2a: Tangrowth|Sleep Powder|p1a: Tyranitar
|-status|p1a: Tyranitar|slp
|
|-weather|Sandstorm|[upkeep]
|-damage|p2a: Tangrowth|94/100|[from] Sandstorm
|upkeep
|turn|2
|
|cant|p1a: Tyranitar|slp
|move|p2a: Tangrowth|Knock Off|p1a: Tyranitar
|-resisted|p1a: Tyranitar
|-damage|p1a: Tyranitar|98/100 slp
|-enditem|p1a: Tyranitar|Chople Berry|[from] move: Knock Off|[of] p2a: Tangrowth
|
|-weather|Sandstorm|[upkeep]
|-damage|p2a: Tangrowth|88/100|[from] Sandstorm
|upkeep
|turn|3
|
|cant|p1a: Tyranitar|slp
|move|p2a: Tangrowth|Giga Drain|p1a: Tyranitar
|-supereffective|p1a: Tyranitar
|-damage|p1a: Tyranitar|66/100 slp
|-heal|p2a: Tangrowth|100/100|[from] drain|[of] p1a: Tyranitar
|
|-weather|Sandstorm|[upkeep]
|-damage|p2a: Tangrowth|94/100|[from] Sandstorm
|upkeep
|turn|4
|
|cant|p1a: Tyranitar|slp
|move|p2a: Tangrowth|Giga Drain|p1a: Tyranitar
|-supereffective|p1a: Tyranitar
|-damage|p1a: Tyranitar|31/100 slp
|-heal|p2a: Tangrowth|100/100|[from] drain|[of] p1a: Tyranitar
|
|-weather|Sandstorm|[upkeep]
|-damage|p2a: Tangrowth|94/100|[from] Sandstorm
|upkeep
|turn|5
|
|switch|p1a: Skarmory|Skarmory, M|100/100
|move|p2a: Tangrowth|Giga Drain|p1a: Skarmory
|-resisted|p1a: Skarmory
|-damage|p1a: Skarmory|94/100
|-heal|p2a: Tangrowth|97/100|[from] drain|[of] p1a: Skarmory
|
|-weather|Sandstorm|[upkeep]
|-damage|p2a: Tangrowth|91/100|[from] Sandstorm
|-heal|p1a: Skarmory|100/100|[from] item: Leftovers
|upkeep
|turn|6
|
|switch|p1a: Amoonguss|Amoonguss, M|100/100
|move|p2a: Tangrowth|Knock Off|p1a: Amoonguss
|-damage|p1a: Amoonguss|96/100
|-enditem|p1a: Amoonguss|Black Sludge|[from] move: Knock Off|[of] p2a: Tangrowth
|
|-weather|Sandstorm|[upkeep]
|-damage|p2a: Tangrowth|84/100|[from] Sandstorm
|-damage|p1a: Amoonguss|90/100|[from] Sandstorm
|upkeep
|turn|7
|
|move|p2a: Tangrowth|Hidden Power|p1a: Amoonguss
|-supereffective|p1a: Amoonguss
|-crit|p1a: Amoonguss
|-damage|p1a: Amoonguss|39/100
|move|p1a: Amoonguss|Spore|p2a: Tangrowth
|-status|p2a: Tangrowth|slp
|
|-weather|Sandstorm|[upkeep]
|-damage|p2a: Tangrowth|78/100 slp|[from] Sandstorm
|-damage|p1a: Amoonguss|33/100|[from] Sandstorm
|upkeep
|turn|8
|
|switch|p2a: Forretress|Forretress, F|100/100
|-damage|p2a: Forretress|88/100|[from] Stealth Rock
|switch|p1a: Keldeo|Keldeo|100/100
|
|-weather|Sandstorm|[upkeep]
|-damage|p1a: Keldeo|94/100|[from] Sandstorm
|-heal|p2a: Forretress|94/100|[from] item: Leftovers
|upkeep
|turn|9
|
|switch|p2a: Slowking|Slowking, M|100/100
|-damage|p2a: Slowking|88/100|[from] Stealth Rock
|move|p1a: Keldeo|Hydro Pump|p2a: Slowking
|-resisted|p2a: Slowking
|-damage|p2a: Slowking|68/100
|
|-weather|Sandstorm|[upkeep]
|-damage|p1a: Keldeo|88/100|[from] Sandstorm
|-damage|p2a: Slowking|61/100|[from] Sandstorm
|-heal|p2a: Slowking|68/100|[from] item: Leftovers
|upkeep
|turn|10
|
|switch|p1a: Tyranitar|Tyranitar, F|31/100 slp
|move|p2a: Slowking|Psyshock|p1a: Tyranitar
|-immune|p1a: Tyranitar
|
|-weather|Sandstorm|[upkeep]
|-damage|p2a: Slowking|61/100|[from] Sandstorm
|-heal|p2a: Slowking|68/100|[from] item: Leftovers
|upkeep
|turn|11
|
|switch|p1a: Amoonguss|Amoonguss, M|67/100
|move|p2a: Slowking|Scald|p1a: Amoonguss
|-resisted|p1a: Amoonguss
|-damage|p1a: Amoonguss|58/100
|-status|p1a: Amoonguss|brn
|
|-weather|Sandstorm|[upkeep]
|-damage|p1a: Amoonguss|52/100 brn|[from] Sandstorm
|-damage|p2a: Slowking|61/100|[from] Sandstorm
|-heal|p2a: Slowking|68/100|[from] item: Leftovers
|-damage|p1a: Amoonguss|39/100 brn|[from] brn
|upkeep
|turn|12
|
|switch|p2a: Tyranitar|Tyranitar, M|100/100
|-damage|p2a: Tyranitar|88/100|[from] Stealth Rock
|move|p1a: Amoonguss|Stun Spore|p2a: Tyranitar
|-status|p2a: Tyranitar|par
|
|-weather|Sandstorm|[upkeep]
|-damage|p1a: Amoonguss|33/100 brn|[from] Sandstorm
|-damage|p1a: Amoonguss|21/100 brn|[from] brn
|upkeep
|turn|13
|
|move|p1a: Amoonguss|Giga Drain|p2a: Tyranitar
|-supereffective|p2a: Tyranitar
|-damage|p2a: Tyranitar|69/100 par
|-heal|p1a: Amoonguss|30/100 brn|[from] drain|[of] p2a: Tyranitar
|cant|p2a: Tyranitar|par
|
|-weather|Sandstorm|[upkeep]
|-damage|p1a: Amoonguss|24/100 brn|[from] Sandstorm
|-damage|p1a: Amoonguss|12/100 brn|[from] brn
|upkeep
|turn|14
|
|-activate|p1a: Amoonguss|move: Pursuit
|move|p2a: Tyranitar|Pursuit|p1a: Amoonguss|[from]Pursuit
|-damage|p1a: Amoonguss|0 fnt
|faint|p1a: Amoonguss
|
|-weather|Sandstorm|[upkeep]
|upkeep
|
|switch|p1a: Keldeo|Keldeo|88/100
|turn|15
|
|switch|p2a: Slowking|Slowking, M|100/100
|-damage|p2a: Slowking|88/100|[from] Stealth Rock
|move|p1a: Keldeo|Hidden Power|p2a: Slowking
|-supereffective|p2a: Slowking
|-damage|p2a: Slowking|50/100
|
|-weather|Sandstorm|[upkeep]
|-damage|p1a: Keldeo|82/100|[from] Sandstorm
|-damage|p2a: Slowking|44/100|[from] Sandstorm
|-heal|p2a: Slowking|50/100|[from] item: Leftovers
|upkeep
|turn|16
|
|switch|p2a: Forretress|Forretress, F|94/100
|-damage|p2a: Forretress|82/100|[from] Stealth Rock
|move|p1a: Keldeo|Hidden Power|p2a: Forretress
|-resisted|p2a: Forretress
|-damage|p2a: Forretress|73/100
|
|-weather|Sandstorm|[upkeep]
|-damage|p1a: Keldeo|76/100|[from] Sandstorm
|-heal|p2a: Forretress|79/100|[from] item: Leftovers
|upkeep
|turn|17
|
|move|p1a: Keldeo|Hydro Pump|p2a: Forretress
|-damage|p2a: Forretress|0 fnt
|faint|p2a: Forretress
|
|-weather|Sandstorm|[upkeep]
|-damage|p1a: Keldeo|70/100|[from] Sandstorm
|upkeep
|
|switch|p2a: Slowking|Slowking, M|83/100
|-damage|p2a: Slowking|71/100|[from] Stealth Rock
|turn|18
|
|switch|p1a: Skarmory|Skarmory, M|100/100
|move|p2a: Slowking|Psyshock|p1a: Skarmory
|-resisted|p1a: Skarmory
|-damage|p1a: Skarmory|91/100
|
|-weather|Sandstorm|[upkeep]
|-damage|p2a: Slowking|65/100|[from] Sandstorm
|-heal|p1a: Skarmory|97/100|[from] item: Leftovers
|-heal|p2a: Slowking|71/100|[from] item: Leftovers
|upkeep
|turn|19
|
|move|p1a: Skarmory|Spikes|p2a: Slowking
|-sidestart|p2: ImpedanceisFutile|Spikes
|move|p2a: Slowking|Scald|p1a: Skarmory
|-crit|p1a: Skarmory
|-damage|p1a: Skarmory|45/100
|-status|p1a: Skarmory|brn
|
|-weather|Sandstorm|[upkeep]
|-damage|p2a: Slowking|65/100|[from] Sandstorm
|-heal|p1a: Skarmory|51/100 brn|[from] item: Leftovers
|-heal|p2a: Slowking|71/100|[from] item: Leftovers
|-damage|p1a: Skarmory|38/100 brn|[from] brn
|upkeep
|turn|20
|
|move|p1a: Skarmory|Roost|p1a: Skarmory
|-heal|p1a: Skarmory|88/100 brn
|move|p2a: Slowking|Calm Mind|p2a: Slowking
|-boost|p2a: Slowking|spa|1
|-boost|p2a: Slowking|spd|1
|
|-weather|Sandstorm|[upkeep]
|-damage|p2a: Slowking|65/100|[from] Sandstorm
|-heal|p1a: Skarmory|94/100 brn|[from] item: Leftovers
|-heal|p2a: Slowking|71/100|[from] item: Leftovers
|-damage|p1a: Skarmory|82/100 brn|[from] brn
|upkeep
|turn|21
|
|move|p2a: Slowking|Scald|p1a: Skarmory
|-damage|p1a: Skarmory|44/100 brn
|move|p1a: Skarmory|Whirlwind|p2a: Slowking
|drag|p2a: Tyranitar|Tyranitar, M|69/100 par
|-damage|p2a: Tyranitar|56/100 par|[from] Stealth Rock
|-damage|p2a: Tyranitar|44/100 par|[from] Spikes
|
|-weather|Sandstorm|[upkeep]
|-heal|p1a: Skarmory|50/100 brn|[from] item: Leftovers
|-damage|p1a: Skarmory|38/100 brn|[from] brn
|upkeep
|turn|22
|
|move|p1a: Skarmory|Spikes|p2a: Tyranitar
|-sidestart|p2: ImpedanceisFutile|Spikes
|cant|p2a: Tyranitar|par
|
|-weather|Sandstorm|[upkeep]
|-heal|p1a: Skarmory|44/100 brn|[from] item: Leftovers
|-damage|p1a: Skarmory|31/100 brn|[from] brn
|upkeep
|turn|23
|
|move|p1a: Skarmory|Spikes|p2a: Tyranitar
|-sidestart|p2: ImpedanceisFutile|Spikes
|move|p2a: Tyranitar|Stealth Rock|p1a: Skarmory
|-sidestart|p1: Conflict|move: Stealth Rock
|
|-weather|Sandstorm|[upkeep]
|-heal|p1a: Skarmory|37/100 brn|[from] item: Leftovers
|-damage|p1a: Skarmory|25/100 brn|[from] brn
|upkeep
|turn|24
|
|move|p1a: Skarmory|Roost|p1a: Skarmory
|-heal|p1a: Skarmory|75/100 brn
|move|p2a: Tyranitar|Superpower|p1a: Skarmory
|-supereffective|p1a: Skarmory
|-damage|p1a: Skarmory|21/100 brn
|-unboost|p2a: Tyranitar|atk|1
|-unboost|p2a: Tyranitar|def|1
|
|-weather|Sandstorm|[upkeep]
|-heal|p1a: Skarmory|27/100 brn|[from] item: Leftovers
|-damage|p1a: Skarmory|14/100 brn|[from] brn
|upkeep
|turn|25
|
|move|p1a: Skarmory|Roost|p1a: Skarmory
|-heal|p1a: Skarmory|65/100 brn
|move|p2a: Tyranitar|Superpower|p1a: Skarmory
|-supereffective|p1a: Skarmory
|-damage|p1a: Skarmory|26/100 brn
|-unboost|p2a: Tyranitar|atk|1
|-unboost|p2a: Tyranitar|def|1
|
|-weather|Sandstorm|[upkeep]
|-heal|p1a: Skarmory|32/100 brn|[from] item: Leftovers
|-damage|p1a: Skarmory|20/100 brn|[from] brn
|upkeep
|turn|26
|
|move|p1a: Skarmory|Roost|p1a: Skarmory
|-heal|p1a: Skarmory|70/100 brn
|move|p2a: Tyranitar|Superpower|p1a: Skarmory
|-supereffective|p1a: Skarmory
|-damage|p1a: Skarmory|43/100 brn
|-unboost|p2a: Tyranitar|atk|1
|-unboost|p2a: Tyranitar|def|1
|
|-weather|Sandstorm|[upkeep]
|-heal|p1a: Skarmory|49/100 brn|[from] item: Leftovers
|-damage|p1a: Skarmory|37/100 brn|[from] brn
|upkeep
|turn|27
|
|move|p1a: Skarmory|Roost|p1a: Skarmory
|-heal|p1a: Skarmory|87/100 brn
|move|p2a: Tyranitar|Superpower|p1a: Skarmory
|-supereffective|p1a: Skarmory
|-damage|p1a: Skarmory|66/100 brn
|-unboost|p2a: Tyranitar|atk|1
|-unboost|p2a: Tyranitar|def|1
|
|-weather|Sandstorm|[upkeep]
|-heal|p1a: Skarmory|72/100 brn|[from] item: Leftovers
|-damage|p1a: Skarmory|60/100 brn|[from] brn
|upkeep
|turn|28
|
|move|p1a: Skarmory|Roost|p1a: Skarmory
|-heal|p1a: Skarmory|100/100 brn
|move|p2a: Tyranitar|Crunch|p1a: Skarmory
|-resisted|p1a: Skarmory
|-damage|p1a: Skarmory|96/100 brn
|
|-weather|Sandstorm|[upkeep]
|-heal|p1a: Skarmory|100/100 brn|[from] item: Leftovers
|-damage|p1a: Skarmory|88/100 brn|[from] brn
|upkeep
|turn|29
|
|move|p2a: Tyranitar|Crunch|p1a: Skarmory
|-resisted|p1a: Skarmory
|-damage|p1a: Skarmory|84/100 brn
|move|p1a: Skarmory|Whirlwind|p2a: Tyranitar
|drag|p2a: Slowking|Slowking, M|100/100
|-damage|p2a: Slowking|88/100|[from] Stealth Rock
|-damage|p2a: Slowking|63/100|[from] Spikes
|
|-weather|Sandstorm|[upkeep]
|-damage|p2a: Slowking|57/100|[from] Sandstorm
|-heal|p1a: Skarmory|90/100 brn|[from] item: Leftovers
|-heal|p2a: Slowking|63/100|[from] item: Leftovers
|-damage|p1a: Skarmory|77/100 brn|[from] brn
|upkeep
|turn|30
|
|move|p1a: Skarmory|Taunt|p2a: Slowking
|-start|p2a: Slowking|move: Taunt
|move|p2a: Slowking|Scald|p1a: Skarmory
|-damage|p1a: Skarmory|52/100 brn
|
|-weather|Sandstorm|[upkeep]
|-damage|p2a: Slowking|57/100|[from] Sandstorm
|-heal|p1a: Skarmory|59/100 brn|[from] item: Leftovers
|-heal|p2a: Slowking|63/100|[from] item: Leftovers
|-damage|p1a: Skarmory|46/100 brn|[from] brn
|upkeep
|turn|31
|
|move|p1a: Skarmory|Roost|p1a: Skarmory
|-heal|p1a: Skarmory|96/100 brn
|move|p2a: Slowking|Scald|p1a: Skarmory
|-damage|p1a: Skarmory|70/100 brn
|
|-weather|Sandstorm|[upkeep]
|-damage|p2a: Slowking|57/100|[from] Sandstorm
|-heal|p1a: Skarmory|76/100 brn|[from] item: Leftovers
|-heal|p2a: Slowking|63/100|[from] item: Leftovers
|-damage|p1a: Skarmory|63/100 brn|[from] brn
|upkeep
|turn|32
|
|move|p2a: Slowking|Scald|p1a: Skarmory
|-crit|p1a: Skarmory
|-damage|p1a: Skarmory|7/100 brn
|move|p1a: Skarmory|Whirlwind|p2a: Slowking
|drag|p2a: Tangrowth|Tangrowth, M|100/100 slp
|-damage|p2a: Tangrowth|88/100 slp|[from] Stealth Rock
|-damage|p2a: Tangrowth|63/100 slp|[from] Spikes
|
|-weather|Sandstorm|[upkeep]
|-damage|p2a: Tangrowth|57/100 slp|[from] Sandstorm
|-heal|p1a: Skarmory|13/100 brn|[from] item: Leftovers
|-damage|p1a: Skarmory|1/100 brn|[from] brn
|upkeep
|turn|33
|
|move|p1a: Skarmory|Roost|p1a: Skarmory
|-heal|p1a: Skarmory|51/100 brn
|cant|p2a: Tangrowth|slp
|
|-weather|Sandstorm|[upkeep]
|-damage|p2a: Tangrowth|51/100 slp|[from] Sandstorm
|-heal|p1a: Skarmory|57/100 brn|[from] item: Leftovers
|-damage|p1a: Skarmory|45/100 brn|[from] brn
|upkeep
|turn|34
|
|move|p1a: Skarmory|Roost|p1a: Skarmory
|-heal|p1a: Skarmory|95/100 brn
|cant|p2a: Tangrowth|slp
|
|-weather|Sandstorm|[upkeep]
|-damage|p2a: Tangrowth|45/100 slp|[from] Sandstorm
|-heal|p1a: Skarmory|100/100 brn|[from] item: Leftovers
|-damage|p1a: Skarmory|88/100 brn|[from] brn
|upkeep
|turn|35
|
|cant|p2a: Tangrowth|slp
|move|p1a: Skarmory|Whirlwind|p2a: Tangrowth
|drag|p2a: Tyranitar|Tyranitar, M|44/100 par
|-damage|p2a: Tyranitar|19/100 par|[from] Spikes
|-damage|p2a: Tyranitar|6/100 par|[from] Stealth Rock
|
|-weather|Sandstorm|[upkeep]
|-heal|p1a: Skarmory|94/100 brn|[from] item: Leftovers
|-damage|p1a: Skarmory|82/100 brn|[from] brn
|upkeep
|turn|36
|
|move|p1a: Skarmory|Taunt|p2a: Tyranitar
|-start|p2a: Tyranitar|move: Taunt
|move|p2a: Tyranitar|Superpower|p1a: Skarmory
|-damage|p1a: Skarmory|53/100 brn
|-unboost|p2a: Tyranitar|atk|1
|-unboost|p2a: Tyranitar|def|1
|
|-weather|Sandstorm|[upkeep]
|-heal|p1a: Skarmory|59/100 brn|[from] item: Leftovers
|-damage|p1a: Skarmory|47/100 brn|[from] brn
|upkeep
|turn|37
|
|move|p1a: Skarmory|Roost|p1a: Skarmory
|-heal|p1a: Skarmory|97/100 brn
|move|p2a: Tyranitar|Superpower|p1a: Skarmory
|-supereffective|p1a: Skarmory
|-damage|p1a: Skarmory|62/100 brn
|-unboost|p2a: Tyranitar|atk|1
|-unboost|p2a: Tyranitar|def|1
|
|-weather|Sandstorm|[upkeep]
|-heal|p1a: Skarmory|68/100 brn|[from] item: Leftovers
|-damage|p1a: Skarmory|55/100 brn|[from] brn
|upkeep
|turn|38
|
|move|p1a: Skarmory|Roost|p1a: Skarmory
|-heal|p1a: Skarmory|100/100 brn
|move|p2a: Tyranitar|Superpower|p1a: Skarmory
|-supereffective|p1a: Skarmory
|-damage|p1a: Skarmory|74/100 brn
|-unboost|p2a: Tyranitar|atk|1
|-unboost|p2a: Tyranitar|def|1
|
|-weather|Sandstorm|[upkeep]
|-heal|p1a: Skarmory|80/100 brn|[from] item: Leftovers
|-damage|p1a: Skarmory|68/100 brn|[from] brn
|-end|p2a: Tyranitar|move: Taunt
|upkeep
|turn|39
|
|move|p1a: Skarmory|Roost|p1a: Skarmory
|-heal|p1a: Skarmory|100/100 brn
|move|p2a: Tyranitar|Crunch|p1a: Skarmory
|-resisted|p1a: Skarmory
|-damage|p1a: Skarmory|94/100 brn
|-unboost|p1a: Skarmory|def|1
|
|-weather|Sandstorm|[upkeep]
|-heal|p1a: Skarmory|100/100 brn|[from] item: Leftovers
|-damage|p1a: Skarmory|88/100 brn|[from] brn
|upkeep
|turn|40
|
|cant|p2a: Tyranitar|par
|move|p1a: Skarmory|Whirlwind|p2a: Tyranitar
|drag|p2a: Volcarona|Volcarona, F|100/100
|-damage|p2a: Volcarona|76/100|[from] Spikes
|-damage|p2a: Volcarona|26/100|[from] Stealth Rock
|
|-weather|Sandstorm|[upkeep]
|-damage|p2a: Volcarona|20/100|[from] Sandstorm
|-heal|p1a: Skarmory|94/100 brn|[from] item: Leftovers
|-damage|p1a: Skarmory|82/100 brn|[from] brn
|upkeep
|turn|41
|
|switch|p1a: Garchomp|Garchomp, F|100/100
|-damage|p1a: Garchomp|94/100|[from] Stealth Rock
|move|p2a: Volcarona|Fire Blast|p1a: Garchomp
|-resisted|p1a: Garchomp
|-damage|p1a: Garchomp|55/100
|
|-weather|Sandstorm|[upkeep]
|-damage|p2a: Volcarona|14/100|[from] Sandstorm
|upkeep
|turn|42
|
|move|p1a: Garchomp|Earthquake|p2a: Volcarona
|-damage|p2a: Volcarona|0 fnt
|faint|p2a: Volcarona
|
|-weather|Sandstorm|[upkeep]
|upkeep
|
|switch|p2a: Garchomp|Garchomp, M|100/100
|-damage|p2a: Garchomp|94/100|[from] Stealth Rock
|-damage|p2a: Garchomp|69/100|[from] Spikes
|turn|43
|
|switch|p1a: Tyranitar|Tyranitar, F|31/100 slp
|-damage|p1a: Tyranitar|18/100 slp|[from] Stealth Rock
|move|p2a: Garchomp|Outrage|p1a: Tyranitar
|-damage|p1a: Tyranitar|0 fnt
|faint|p1a: Tyranitar
|
|-weather|Sandstorm|[upkeep]
|upkeep
|
|switch|p1a: Skarmory|Skarmory, M|82/100 brn
|-damage|p1a: Skarmory|69/100 brn|[from] Stealth Rock
|turn|44
|
|move|p2a: Garchomp|Outrage|p1a: Skarmory|[from]lockedmove
|-resisted|p1a: Skarmory
|-damage|p1a: Skarmory|46/100 brn
|-start|p2a: Garchomp|confusion|[fatigue]
|move|p1a: Skarmory|Roost|p1a: Skarmory
|-heal|p1a: Skarmory|96/100 brn
|
|-weather|Sandstorm|[upkeep]
|-heal|p1a: Skarmory|100/100 brn|[from] item: Leftovers
|-damage|p1a: Skarmory|88/100 brn|[from] brn
|upkeep
|turn|45
|
|-activate|p2a: Garchomp|confusion
|move|p2a: Garchomp|Outrage|p1a: Skarmory
|-resisted|p1a: Skarmory
|-crit|p1a: Skarmory
|-damage|p1a: Skarmory|43/100 brn
|move|p1a: Skarmory|Whirlwind|p2a: Garchomp
|drag|p2a: Tangrowth|Tangrowth, M|78/100 slp
|-damage|p2a: Tangrowth|66/100 slp|[from] Stealth Rock
|-damage|p2a: Tangrowth|41/100 slp|[from] Spikes
|
|-weather|Sandstorm|[upkeep]
|-damage|p2a: Tangrowth|34/100 slp|[from] Sandstorm
|-heal|p1a: Skarmory|49/100 brn|[from] item: Leftovers
|-damage|p1a: Skarmory|36/100 brn|[from] brn
|upkeep
|turn|46
|
|move|p1a: Skarmory|Roost|p1a: Skarmory
|-heal|p1a: Skarmory|87/100 brn
|cant|p2a: Tangrowth|slp
|
|-weather|Sandstorm|[upkeep]
|-damage|p2a: Tangrowth|28/100 slp|[from] Sandstorm
|-heal|p1a: Skarmory|93/100 brn|[from] item: Leftovers
|-damage|p1a: Skarmory|80/100 brn|[from] brn
|upkeep
|turn|47
|
|cant|p2a: Tangrowth|slp
|move|p1a: Skarmory|Whirlwind|p2a: Tangrowth
|drag|p2a: Slowking|Slowking, M|96/100
|-damage|p2a: Slowking|84/100|[from] Stealth Rock
|-damage|p2a: Slowking|59/100|[from] Spikes
|
|-weather|Sandstorm|[upkeep]
|-damage|p2a: Slowking|53/100|[from] Sandstorm
|-heal|p1a: Skarmory|86/100 brn|[from] item: Leftovers
|-heal|p2a: Slowking|59/100|[from] item: Leftovers
|-damage|p1a: Skarmory|74/100 brn|[from] brn
|upkeep
|turn|48
|
|move|p2a: Slowking|Scald|p1a: Skarmory
|-damage|p1a: Skarmory|47/100 brn
|move|p1a: Skarmory|Whirlwind|p2a: Slowking
|drag|p2a: Tangrowth|Tangrowth, M|62/100 slp
|-damage|p2a: Tangrowth|37/100 slp|[from] Spikes
|-damage|p2a: Tangrowth|24/100 slp|[from] Stealth Rock
|
|-weather|Sandstorm|[upkeep]
|-damage|p2a: Tangrowth|18/100 slp|[from] Sandstorm
|-heal|p1a: Skarmory|53/100 brn|[from] item: Leftovers
|-damage|p1a: Skarmory|41/100 brn|[from] brn
|upkeep
|turn|49
|
|move|p1a: Skarmory|Roost|p1a: Skarmory
|-heal|p1a: Skarmory|91/100 brn
|cant|p2a: Tangrowth|slp
|
|-weather|Sandstorm|[upkeep]
|-damage|p2a: Tangrowth|12/100 slp|[from] Sandstorm
|-heal|p1a: Skarmory|97/100 brn|[from] item: Leftovers
|-damage|p1a: Skarmory|85/100 brn|[from] brn
|upkeep
|turn|50
|
|switch|p2a: Tyranitar|Tyranitar, M|6/100 par
|-damage|p2a: Tyranitar|0 fnt|[from] Spikes
|faint|p2a: Tyranitar
|move|p1a: Skarmory|Whirlwind|p2: Tyranitar|[notarget]
|-fail|p1a: Skarmory
|
|-weather|Sandstorm|[upkeep]
|-heal|p1a: Skarmory|91/100 brn|[from] item: Leftovers
|-damage|p1a: Skarmory|78/100 brn|[from] brn
|upkeep
|
|switch|p2a: Slowking|Slowking, M|92/100
|-damage|p2a: Slowking|80/100|[from] Stealth Rock
|-damage|p2a: Slowking|55/100|[from] Spikes
|turn|51
|
|move|p2a: Slowking|Scald|p1a: Skarmory
|-damage|p1a: Skarmory|53/100 brn
|move|p1a: Skarmory|Whirlwind|p2a: Slowking
|drag|p2a: Tangrowth|Tangrowth, M|45/100 slp
|-damage|p2a: Tangrowth|20/100 slp|[from] Spikes
|-damage|p2a: Tangrowth|8/100 slp|[from] Stealth Rock
|
|-weather|Sandstorm|[upkeep]
|-damage|p2a: Tangrowth|2/100 slp|[from] Sandstorm
|-heal|p1a: Skarmory|59/100 brn|[from] item: Leftovers
|-damage|p1a: Skarmory|47/100 brn|[from] brn
|upkeep
|turn|52
|
|switch|p2a: Slowking|Slowking, M|88/100
|-damage|p2a: Slowking|76/100|[from] Stealth Rock
|-damage|p2a: Slowking|51/100|[from] Spikes
|move|p1a: Skarmory|Roost|p1a: Skarmory
|-heal|p1a: Skarmory|97/100 brn
|
|-weather|Sandstorm|[upkeep]
|-damage|p2a: Slowking|45/100|[from] Sandstorm
|-heal|p1a: Skarmory|100/100 brn|[from] item: Leftovers
|-heal|p2a: Slowking|51/100|[from] item: Leftovers
|-damage|p1a: Skarmory|88/100 brn|[from] brn
|upkeep
|turn|53
|
|move|p2a: Slowking|Scald|p1a: Skarmory
|-damage|p1a: Skarmory|61/100 brn
|move|p1a: Skarmory|Whirlwind|p2a: Slowking
|drag|p2a: Tangrowth|Tangrowth, M|35/100 slp
|-damage|p2a: Tangrowth|23/100 slp|[from] Stealth Rock
|-damage|p2a: Tangrowth|0 fnt|[from] Spikes
|faint|p2a: Tangrowth
|
|-weather|Sandstorm|[upkeep]
|-heal|p1a: Skarmory|67/100 brn|[from] item: Leftovers
|-damage|p1a: Skarmory|54/100 brn|[from] brn
|upkeep
|
|switch|p2a: Slowking|Slowking, M|84/100
|-damage|p2a: Slowking|59/100|[from] Spikes
|-damage|p2a: Slowking|47/100|[from] Stealth Rock
|turn|54
|
|move|p2a: Slowking|Slack Off|p2a: Slowking
|-heal|p2a: Slowking|97/100
|move|p1a: Skarmory|Whirlwind|p2a: Slowking
|drag|p2a: Garchomp|Garchomp, M|69/100
|-damage|p2a: Garchomp|63/100|[from] Stealth Rock
|-damage|p2a: Garchomp|38/100|[from] Spikes
|
|-weather|Sandstorm|[upkeep]
|-heal|p1a: Skarmory|60/100 brn|[from] item: Leftovers
|-damage|p1a: Skarmory|48/100 brn|[from] brn
|upkeep
|turn|55
|
|move|p2a: Garchomp|Outrage|p1a: Skarmory
|-resisted|p1a: Skarmory
|-damage|p1a: Skarmory|23/100 brn
|move|p1a: Skarmory|Whirlwind|p2a: Garchomp
|drag|p2a: Slowking|Slowking, M|100/100
|-damage|p2a: Slowking|88/100|[from] Stealth Rock
|-damage|p2a: Slowking|63/100|[from] Spikes
|
|-weather|Sandstorm|[upkeep]
|-damage|p2a: Slowking|57/100|[from] Sandstorm
|-heal|p1a: Skarmory|30/100 brn|[from] item: Leftovers
|-heal|p2a: Slowking|63/100|[from] item: Leftovers
|-damage|p1a: Skarmory|17/100 brn|[from] brn
|upkeep
|turn|56
|
|move|p1a: Skarmory|Taunt|p2a: Slowking
|-start|p2a: Slowking|move: Taunt
|move|p2a: Slowking|Scald|p1a: Skarmory
|-damage|p1a: Skarmory|0 fnt
|faint|p1a: Skarmory
|
|-weather|Sandstorm|[upkeep]
|-damage|p2a: Slowking|57/100|[from] Sandstorm
|-heal|p2a: Slowking|63/100|[from] item: Leftovers
|upkeep
|
|switch|p1a: Alakazam|Alakazam, M|100/100
|turn|57
|
|move|p1a: Alakazam|Shadow Ball|p2a: Slowking
|-supereffective|p2a: Slowking
|-damage|p2a: Slowking|14/100
|-unboost|p2a: Slowking|spd|1
|move|p2a: Slowking|Scald|p1a: Alakazam
|-damage|p1a: Alakazam|58/100
|-status|p1a: Alakazam|brn
|
|-weather|Sandstorm|[upkeep]
|-damage|p2a: Slowking|8/100|[from] Sandstorm
|-heal|p2a: Slowking|14/100|[from] item: Leftovers
|upkeep
|turn|58
|
|move|p1a: Alakazam|Shadow Ball|p2a: Slowking
|-supereffective|p2a: Slowking
|-damage|p2a: Slowking|0 fnt
|faint|p2a: Slowking
|
|-weather|Sandstorm|[upkeep]
|upkeep
|
|switch|p2a: Garchomp|Garchomp, M|38/100
|-damage|p2a: Garchomp|13/100|[from] Spikes
|-damage|p2a: Garchomp|7/100|[from] Stealth Rock
|turn|59
|
|move|p2a: Garchomp|Outrage|p1a: Alakazam
|-damage|p1a: Alakazam|0 fnt
|faint|p1a: Alakazam
|
|-weather|Sandstorm|[upkeep]
|upkeep
|c|☆ImpedanceisFutile|gg
|
|switch|p1a: Keldeo|Keldeo|70/100
|-damage|p1a: Keldeo|63/100|[from] Stealth Rock
|turn|60
|
|move|p2a: Garchomp|Outrage|p1a: Keldeo|[from]lockedmove
|-damage|p1a: Keldeo|0 fnt
|faint|p1a: Keldeo
|
|-weather|Sandstorm|[upkeep]
|upkeep
|
|switch|p1a: Garchomp|Garchomp, F|55/100
|-damage|p1a: Garchomp|49/100|[from] Stealth Rock
|turn|61
|
|move|p1a: Garchomp|Earthquake|p2a: Garchomp
|-damage|p2a: Garchomp|0 fnt
|faint|p2a: Garchomp
|
|win|Conflict
|c|☆Conflict|gg
|raw|Conflict's rating: 1431 &rarr; <strong>1445</strong><br />(+14 for winning)
|raw|ImpedanceisFutile's rating: 1321 &rarr; <strong>1307</strong><br />(-14 for losing)
|l|☆ImpedanceisFutile
|l|☆Conflict
|j|☆ImpedanceisFutile
|c|☆ImpedanceisFutile|/log ImpedanceisFutile made this room hidden.
