|j|☆cdrgcde
|j|☆Salutethewolf
|t:|1745827455
|gametype|singles
|player|p1|cdrgcde|dawn|1356
|player|p2|Salutethewolf|hugh|1517
|teamsize|p1|6
|teamsize|p2|6
|gen|5
|tier|[Gen 5] OU
|rated|
|rule|Species Clause: Limit one of each Pokémon
|rule|OHKO Clause: OHKO moves are banned
|rule|Moody Clause: Moody is banned
|rule|Evasion Items Clause: Evasion items are banned
|rule|Evasion Moves Clause: Evasion moves are banned
|rule|Endless Battle Clause: Forcing endless battles is banned
|rule|HP Percentage Mod: HP is shown in percentages
|rule|Evasion Abilities Clause: Evasion abilities are banned
|rule|Sleep Moves Clause: Sleep-inducing moves are banned
|rule|Swagger Clause: Swagger is banned
|rule|Baton Pass Stat Clause: No Baton Passer may have a way to boost its stats
|clearpoke
|poke|p1|Tyranitar, F|item
|poke|p1|Skarmory, F|item
|poke|p1|Gastrodon-East, F|item
|poke|p1|Reuniclus, F|item
|poke|p1|Alakazam, F|item
|poke|p1|Gliscor, M|item
|poke|p2|Bronzong|item
|poke|p2|Porygon2|item
|poke|p2|Rhyperior, F|item
|poke|p2|Hariyama, M|item
|poke|p2|Reuniclus, M|item
|poke|p2|Alakazam, M|item
|teampreview
|inactive|Battle timer is ON: inactive players will automatically lose when time's up. (requested by Salutethewolf)
|inactive|cdrgcde also wants the timer to be on.
|
|t:|1745827475
|start
|switch|p1a: Gliscor|Gliscor, M|100/100
|switch|p2a: Bronzong|Bronzong|100/100
|turn|1
|
|t:|1745827487
|move|p1a: Gliscor|Knock Off|p2a: Bronzong
|-damage|p2a: Bronzong|98/100
|-enditem|p2a: Bronzong|Occa Berry|[from] move: Knock Off|[of] p1a: Gliscor
|move|p2a: Bronzong|Stealth Rock|p1a: Gliscor
|-sidestart|p1: cdrgcde|move: Stealth Rock
|
|-status|p1a: Gliscor|tox|[from] item: Toxic Orb
|upkeep
|turn|2
|
|t:|1745827495
|move|p1a: Gliscor|Stealth Rock|p2a: Bronzong
|-sidestart|p2: Salutethewolf|move: Stealth Rock
|move|p2a: Bronzong|Trick Room|p2a: Bronzong
|-fieldstart|move: Trick Room|[of] p2a: Bronzong
|
|upkeep
|turn|3
|
|t:|1745827504
|switch|p2a: Hariyama|Hariyama, M|100/100
|-damage|p2a: Hariyama|94/100|[from] Stealth Rock
|move|p1a: Gliscor|Protect||[still]
|-fail|p1a: Gliscor
|
|upkeep
|turn|4
|
|t:|1745827511
|move|p1a: Gliscor|Protect|p1a: Gliscor
|-singleturn|p1a: Gliscor|Protect
|move|p2a: Hariyama|Ice Punch|p1a: Gliscor
|-activate|p1a: Gliscor|move: Protect
|
|upkeep
|turn|5
|
|t:|1745827523
|switch|p1a: Reuniclus|Reuniclus, F|100/100
|move|p2a: Hariyama|Ice Punch|p1a: Reuniclus
|-damage|p1a: Reuniclus|67/100
|
|-heal|p1a: Reuniclus|73/100|[from] item: Leftovers
|upkeep
|turn|6
|
|t:|1745827538
|switch|p2a: Porygon2|Porygon2|100/100
|-damage|p2a: Porygon2|88/100|[from] Stealth Rock
|-ability|p2a: Porygon2|Download|boost
|-boost|p2a: Porygon2|spa|1
|move|p1a: Reuniclus|Recover|p1a: Reuniclus
|-heal|p1a: Reuniclus|100/100
|
|-fieldend|move: Trick Room
|upkeep
|turn|7
|
|t:|1745827553
|switch|p1a: Gastrodon|Gastrodon-East, F|100/100
|-damage|p1a: Gastrodon|94/100|[from] Stealth Rock
|move|p2a: Porygon2|Trick Room|p2a: Porygon2
|-fieldstart|move: Trick Room|[of] p2a: Porygon2
|
|-heal|p1a: Gastrodon|100/100|[from] item: Leftovers
|upkeep
|turn|8
|
|t:|1745827563
|move|p2a: Porygon2|Tri Attack|p1a: Gastrodon
|-damage|p1a: Gastrodon|46/100
|move|p1a: Gastrodon|Toxic|p2a: Porygon2
|-status|p2a: Porygon2|tox
|
|-heal|p1a: Gastrodon|52/100|[from] item: Leftovers
|-damage|p2a: Porygon2|82/100 tox|[from] psn
|upkeep
|turn|9
|
|t:|1745827581
|switch|p1a: Gliscor|Gliscor, M|100/100 tox
|-damage|p1a: Gliscor|88/100 tox|[from] Stealth Rock
|move|p2a: Porygon2|Tri Attack|p1a: Gliscor
|-damage|p1a: Gliscor|43/100 tox
|
|-damage|p2a: Porygon2|70/100 tox|[from] psn
|-heal|p1a: Gliscor|55/100 tox|[from] ability: Poison Heal
|upkeep
|turn|10
|
|t:|1745827593
|move|p1a: Gliscor|Protect|p1a: Gliscor
|-singleturn|p1a: Gliscor|Protect
|move|p2a: Porygon2|Ice Beam|p1a: Gliscor
|-activate|p1a: Gliscor|move: Protect
|
|-damage|p2a: Porygon2|51/100 tox|[from] psn
|-heal|p1a: Gliscor|68/100 tox|[from] ability: Poison Heal
|upkeep
|turn|11
|inactive|cdrgcde has 120 seconds left.
|
|t:|1745827624
|switch|p1a: Reuniclus|Reuniclus, F|100/100
|move|p2a: Porygon2|Ice Beam|p1a: Reuniclus
|-damage|p1a: Reuniclus|60/100
|
|-heal|p1a: Reuniclus|66/100|[from] item: Leftovers
|-damage|p2a: Porygon2|27/100 tox|[from] psn
|-fieldend|move: Trick Room
|upkeep
|turn|12
|
|t:|1745827634
|move|p1a: Reuniclus|Recover|p1a: Reuniclus
|-heal|p1a: Reuniclus|100/100
|move|p2a: Porygon2|Trick Room|p2a: Porygon2
|-fieldstart|move: Trick Room|[of] p2a: Porygon2
|
|-damage|p2a: Porygon2|0 fnt|[from] psn
|faint|p2a: Porygon2
|upkeep
|
|t:|1745827645
|switch|p2a: Reuniclus|Reuniclus, M|100/100
|turn|13
|
|t:|1745827655
|switch|p1a: Skarmory|Skarmory, F|100/100
|-damage|p1a: Skarmory|88/100|[from] Stealth Rock
|move|p2a: Reuniclus|Shadow Ball|p1a: Skarmory
|-resisted|p1a: Skarmory
|-damage|p1a: Skarmory|69/100
|
|-heal|p1a: Skarmory|75/100|[from] item: Leftovers
|upkeep
|turn|14
|
|t:|1745827665
|move|p2a: Reuniclus|Focus Blast|p1a: Skarmory|[miss]
|-miss|p2a: Reuniclus|p1a: Skarmory
|move|p1a: Skarmory|Spikes|p2a: Reuniclus
|-sidestart|p2: Salutethewolf|Spikes
|
|-heal|p1a: Skarmory|81/100|[from] item: Leftovers
|upkeep
|turn|15
|
|t:|1745827674
|move|p2a: Reuniclus|Focus Blast|p1a: Skarmory
|-crit|p1a: Skarmory
|-damage|p1a: Skarmory|0 fnt
|faint|p1a: Skarmory
|
|upkeep
|
|t:|1745827688
|switch|p1a: Gliscor|Gliscor, M|68/100 tox
|-damage|p1a: Gliscor|55/100 tox|[from] Stealth Rock
|turn|16
|
|t:|1745827695
|move|p1a: Gliscor|Protect|p1a: Gliscor
|-singleturn|p1a: Gliscor|Protect
|move|p2a: Reuniclus|Psychic|p1a: Gliscor
|-activate|p1a: Gliscor|move: Protect
|
|-heal|p1a: Gliscor|68/100 tox|[from] ability: Poison Heal
|-fieldend|move: Trick Room
|upkeep
|turn|17
|
|t:|1745827704
|move|p1a: Gliscor|Knock Off|p2a: Reuniclus
|-supereffective|p2a: Reuniclus
|-damage|p2a: Reuniclus|91/100
|-enditem|p2a: Reuniclus|Life Orb|[from] move: Knock Off|[of] p1a: Gliscor
|move|p2a: Reuniclus|Trick Room|p2a: Reuniclus
|-fieldstart|move: Trick Room|[of] p2a: Reuniclus
|
|-heal|p1a: Gliscor|80/100 tox|[from] ability: Poison Heal
|upkeep
|turn|18
|
|t:|1745827714
|move|p1a: Gliscor|Protect|p1a: Gliscor
|-singleturn|p1a: Gliscor|Protect
|move|p2a: Reuniclus|Psychic|p1a: Gliscor
|-activate|p1a: Gliscor|move: Protect
|
|-heal|p1a: Gliscor|93/100 tox|[from] ability: Poison Heal
|upkeep
|turn|19
|
|t:|1745827723
|move|p2a: Reuniclus|Psychic|p1a: Gliscor
|-damage|p1a: Gliscor|50/100 tox
|move|p1a: Gliscor|Earthquake|p2a: Reuniclus
|-damage|p2a: Reuniclus|58/100
|
|-heal|p1a: Gliscor|62/100 tox|[from] ability: Poison Heal
|upkeep
|turn|20
|
|t:|1745827735
|move|p1a: Gliscor|Protect|p1a: Gliscor
|-singleturn|p1a: Gliscor|Protect
|move|p2a: Reuniclus|Psychic|p1a: Gliscor
|-activate|p1a: Gliscor|move: Protect
|
|-heal|p1a: Gliscor|75/100 tox|[from] ability: Poison Heal
|upkeep
|turn|21
|
|t:|1745827743
|move|p2a: Reuniclus|Psychic|p1a: Gliscor
|-damage|p1a: Gliscor|35/100 tox
|move|p1a: Gliscor|Earthquake|p2a: Reuniclus
|-damage|p2a: Reuniclus|27/100
|
|-heal|p1a: Gliscor|48/100 tox|[from] ability: Poison Heal
|-fieldend|move: Trick Room
|upkeep
|turn|22
|
|t:|1745827755
|switch|p2a: Bronzong|Bronzong|98/100
|-damage|p2a: Bronzong|91/100|[from] Stealth Rock
|move|p1a: Gliscor|Earthquake|p2a: Bronzong
|-immune|p2a: Bronzong|[from] ability: Levitate
|
|-heal|p1a: Gliscor|60/100 tox|[from] ability: Poison Heal
|upkeep
|turn|23
|
|t:|1745827766
|move|p1a: Gliscor|Knock Off|p2a: Bronzong
|-damage|p2a: Bronzong|88/100
|move|p2a: Bronzong|Trick Room|p2a: Bronzong
|-fieldstart|move: Trick Room|[of] p2a: Bronzong
|
|-heal|p1a: Gliscor|73/100 tox|[from] ability: Poison Heal
|upkeep
|turn|24
|
|t:|1745827774
|move|p1a: Gliscor|Protect|p1a: Gliscor
|-singleturn|p1a: Gliscor|Protect
|move|p2a: Bronzong|Gyro Ball|p1a: Gliscor
|-activate|p1a: Gliscor|move: Protect
|
|-heal|p1a: Gliscor|85/100 tox|[from] ability: Poison Heal
|upkeep
|turn|25
|
|t:|1745827782
|move|p2a: Bronzong|Explosion|p1a: Gliscor
|-damage|p1a: Gliscor|43/100 tox
|faint|p2a: Bronzong
|move|p1a: Gliscor|Knock Off|p2: Bronzong|[notarget]
|-fail|p1a: Gliscor
|
|-heal|p1a: Gliscor|56/100 tox|[from] ability: Poison Heal
|upkeep
|
|t:|1745827791
|switch|p2a: Rhyperior|Rhyperior, F|100/100
|-damage|p2a: Rhyperior|94/100|[from] Stealth Rock
|-damage|p2a: Rhyperior|82/100|[from] Spikes
|turn|26
|
|t:|1745827797
|move|p1a: Gliscor|Protect|p1a: Gliscor
|-singleturn|p1a: Gliscor|Protect
|move|p2a: Rhyperior|Ice Punch|p1a: Gliscor
|-activate|p1a: Gliscor|move: Protect
|
|-heal|p1a: Gliscor|68/100 tox|[from] ability: Poison Heal
|upkeep
|turn|27
|
|t:|1745827812
|switch|p1a: Reuniclus|Reuniclus, F|100/100
|move|p2a: Rhyperior|Stone Edge|p1a: Reuniclus
|-damage|p1a: Reuniclus|48/100
|-damage|p2a: Rhyperior|72/100|[from] item: Life Orb
|
|-heal|p1a: Reuniclus|54/100|[from] item: Leftovers
|-fieldend|move: Trick Room
|upkeep
|turn|28
|
|t:|1745827822
|move|p1a: Reuniclus|Recover|p1a: Reuniclus
|-heal|p1a: Reuniclus|100/100
|move|p2a: Rhyperior|Earthquake|p1a: Reuniclus
|-damage|p1a: Reuniclus|49/100
|-damage|p2a: Rhyperior|62/100|[from] item: Life Orb
|
|-heal|p1a: Reuniclus|55/100|[from] item: Leftovers
|upkeep
|turn|29
|
|t:|1745827836
|move|p1a: Reuniclus|Recover|p1a: Reuniclus
|-heal|p1a: Reuniclus|100/100
|move|p2a: Rhyperior|Earthquake|p1a: Reuniclus
|-damage|p1a: Reuniclus|46/100
|-damage|p2a: Rhyperior|52/100|[from] item: Life Orb
|
|-heal|p1a: Reuniclus|52/100|[from] item: Leftovers
|upkeep
|turn|30
|
|t:|1745827846
|move|p1a: Reuniclus|Recover|p1a: Reuniclus
|-heal|p1a: Reuniclus|100/100
|move|p2a: Rhyperior|Earthquake|p1a: Reuniclus
|-damage|p1a: Reuniclus|46/100
|-damage|p2a: Rhyperior|42/100|[from] item: Life Orb
|
|-heal|p1a: Reuniclus|52/100|[from] item: Leftovers
|upkeep
|turn|31
|
|t:|1745827876
|move|p1a: Reuniclus|Recover|p1a: Reuniclus
|-heal|p1a: Reuniclus|100/100
|move|p2a: Rhyperior|Earthquake|p1a: Reuniclus
|-damage|p1a: Reuniclus|46/100
|-damage|p2a: Rhyperior|32/100|[from] item: Life Orb
|
|-heal|p1a: Reuniclus|52/100|[from] item: Leftovers
|upkeep
|turn|32
|
|t:|1745827887
|switch|p1a: Gliscor|Gliscor, M|68/100 tox
|-damage|p1a: Gliscor|56/100 tox|[from] Stealth Rock
|move|p2a: Rhyperior|Earthquake|p1a: Gliscor
|-immune|p1a: Gliscor
|
|-heal|p1a: Gliscor|68/100 tox|[from] ability: Poison Heal
|upkeep
|turn|33
|
|t:|1745827897
|move|p1a: Gliscor|Earthquake|p2a: Rhyperior
|-supereffective|p2a: Rhyperior
|-damage|p2a: Rhyperior|1/100
|move|p2a: Rhyperior|Ice Punch|p1a: Gliscor
|-supereffective|p1a: Gliscor
|-damage|p1a: Gliscor|0 fnt
|faint|p1a: Gliscor
|-damage|p2a: Rhyperior|0 fnt|[from] item: Life Orb
|faint|p2a: Rhyperior
|
|upkeep
|
|t:|1745827913
|switch|p1a: Alakazam|Alakazam, F|100/100
|switch|p2a: Alakazam|Alakazam, M|100/100
|turn|34
|
|t:|1745827919
|move|p1a: Alakazam|Signal Beam|p2a: Alakazam
|-supereffective|p2a: Alakazam
|-damage|p2a: Alakazam|16/100
|move|p2a: Alakazam|Shadow Ball|p1a: Alakazam
|-supereffective|p1a: Alakazam
|-damage|p1a: Alakazam|10/100
|-unboost|p1a: Alakazam|spd|1
|
|upkeep
|turn|35
|inactive|Salutethewolf has 120 seconds left.
|
|t:|1745827955
|move|p2a: Alakazam|Shadow Ball|p1a: Alakazam
|-supereffective|p1a: Alakazam
|-crit|p1a: Alakazam
|-damage|p1a: Alakazam|0 fnt
|faint|p1a: Alakazam
|
|upkeep
|
|t:|1745827957
|switch|p1a: Tyranitar|Tyranitar, F|100/100
|-damage|p1a: Tyranitar|88/100|[from] Stealth Rock
|-weather|Sandstorm|[from] ability: Sand Stream|[of] p1a: Tyranitar
|turn|36
|
|t:|1745827966
|move|p2a: Alakazam|Focus Blast|p1a: Tyranitar|[miss]
|-miss|p2a: Alakazam|p1a: Tyranitar
|move|p1a: Tyranitar|Pursuit|p2a: Alakazam
|-supereffective|p2a: Alakazam
|-damage|p2a: Alakazam|0 fnt
|faint|p2a: Alakazam
|
|-weather|Sandstorm|[upkeep]
|upkeep
|
|t:|1745827979
|switch|p2a: Hariyama|Hariyama, M|94/100
|-damage|p2a: Hariyama|88/100|[from] Stealth Rock
|-damage|p2a: Hariyama|76/100|[from] Spikes
|turn|37
|
|t:|1745827988
|switch|p1a: Gastrodon|Gastrodon-East, F|52/100
|-damage|p1a: Gastrodon|46/100|[from] Stealth Rock
|move|p2a: Hariyama|Close Combat|p1a: Gastrodon
|-damage|p1a: Gastrodon|0 fnt
|-unboost|p2a: Hariyama|def|1
|-unboost|p2a: Hariyama|spd|1
|faint|p1a: Gastrodon
|-damage|p2a: Hariyama|66/100|[from] item: Life Orb
|
|-weather|Sandstorm|[upkeep]
|-damage|p2a: Hariyama|60/100|[from] Sandstorm
|upkeep
|
|t:|1745827991
|switch|p1a: Reuniclus|Reuniclus, F|52/100
|turn|38
|inactive|Salutethewolf has 120 seconds left.
|
|t:|1745828005
|switch|p2a: Reuniclus|Reuniclus, M|27/100
|move|p1a: Reuniclus|Psyshock|p2a: Reuniclus
|-resisted|p2a: Reuniclus
|-damage|p2a: Reuniclus|10/100
|
|-weather|Sandstorm|[upkeep]
|-heal|p1a: Reuniclus|59/100|[from] item: Leftovers
|upkeep
|turn|39
|inactive|Salutethewolf has 120 seconds left.
|
|t:|1745828016
|move|p1a: Reuniclus|Psyshock|p2a: Reuniclus
|-resisted|p2a: Reuniclus
|-damage|p2a: Reuniclus|0 fnt
|faint|p2a: Reuniclus
|
|-weather|Sandstorm|[upkeep]
|-heal|p1a: Reuniclus|65/100|[from] item: Leftovers
|upkeep
|inactive|Salutethewolf has 120 seconds left.
|
|t:|1745828024
|switch|p2a: Hariyama|Hariyama, M|60/100
|-damage|p2a: Hariyama|54/100|[from] Stealth Rock
|-damage|p2a: Hariyama|41/100|[from] Spikes
|turn|40
|
|t:|1745828030
|move|p1a: Reuniclus|Psyshock|p2a: Hariyama
|-supereffective|p2a: Hariyama
|-damage|p2a: Hariyama|0 fnt
|faint|p2a: Hariyama
|
|win|cdrgcde
|raw|cdrgcde's rating: 1356 &rarr; <strong>1385</strong><br />(+29 for winning)
|raw|Salutethewolf's rating: 1517 &rarr; <strong>1488</strong><br />(-29 for losing)
