|j|☆the great gazump
|j|☆WeR#4Hay!
|t:|1741387580
|gametype|singles
|player|p1|the great gazump|swimmer-gen4|1388
|player|p2|WeR#4Hay!|169|1480
|teamsize|p1|6
|teamsize|p2|6
|gen|5
|tier|[Gen 5] OU
|rated|
|rule|Species Clause: Limit one of each Pokémon
|rule|OHKO Clause: OHKO moves are banned
|rule|Moody Clause: Moody is banned
|rule|Evasion Items Clause: Evasion items are banned
|rule|Evasion Moves Clause: Evasion moves are banned
|rule|Endless Battle Clause: Forcing endless battles is banned
|rule|HP Percentage Mod: HP is shown in percentages
|rule|Evasion Abilities Clause: Evasion abilities are banned
|rule|Sleep Moves Clause: Sleep-inducing moves are banned
|rule|Swagger Clause: Swagger is banned
|rule|Baton Pass Stat Clause: No Baton Passer may have a way to boost its stats
|clearpoke
|poke|p1|Tyranitar, F|item
|poke|p1|Landorus-Therian, M|item
|poke|p1|Ferrothorn, M|item
|poke|p1|Starmie|item
|poke|p1|Latias, F|item
|poke|p1|Garchomp, F|item
|poke|p2|Breloom, M|item
|poke|p2|Heatran, M|item
|poke|p2|Rotom-Wash|item
|poke|p2|Jirachi|item
|poke|p2|Latias, F|item
|poke|p2|Landorus-Therian, M|item
|teampreview
|inactive|Battle timer is ON: inactive players will automatically lose when time's up. (requested by the great gazump)
|inactive|WeR#4Hay! has 120 seconds left.
|
|t:|1741387626
|start
|switch|p1a: Latias|Latias, F|100/100
|switch|p2a: Aito Ohashi|Rotom-Wash|100/100
|turn|1
|
|t:|1741387631
|switch|p2a: Satoshi Nakano|Jirachi|100/100
|move|p1a: Latias|Draco Meteor|p2a: Satoshi Nakano
|-resisted|p2a: Satoshi Nakano
|-damage|p2a: Satoshi Nakano|70/100
|-unboost|p1a: Latias|spa|2
|
|upkeep
|turn|2
|
|t:|1741387636
|switch|p1a: Ferrothorn|Ferrothorn, M|100/100
|move|p2a: Satoshi Nakano|Stealth Rock|p1a: Ferrothorn
|-sidestart|p1: the great gazump|move: Stealth Rock
|
|upkeep
|turn|3
|
|t:|1741387641
|switch|p2a: Masaaki Iwane|Breloom, M|100/100
|move|p1a: Ferrothorn|Spikes|p2a: Masaaki Iwane
|-sidestart|p2: WeR#4Hay!|Spikes
|
|upkeep
|turn|4
|
|t:|1741387644
|switch|p1a: Landorus|Landorus-Therian, M|100/100
|-damage|p1a: Landorus|88/100|[from] Stealth Rock
|-ability|p1a: Landorus|Intimidate|boost
|-unboost|p2a: Masaaki Iwane|atk|1
|move|p2a: Masaaki Iwane|Superpower|p1a: Landorus
|-resisted|p1a: Landorus
|-damage|p1a: Landorus|56/100
|-unboost|p2a: Masaaki Iwane|atk|1
|-unboost|p2a: Masaaki Iwane|def|1
|
|-heal|p1a: Landorus|62/100|[from] item: Leftovers
|upkeep
|turn|5
|
|t:|1741387650
|switch|p2a: Aito Ohashi|Rotom-Wash|100/100
|move|p1a: Landorus|Smack Down|p2a: Aito Ohashi
|-damage|p2a: Aito Ohashi|87/100
|-start|p2a: Aito Ohashi|Smack Down
|
|-heal|p1a: Landorus|69/100|[from] item: Leftovers
|-heal|p2a: Aito Ohashi|94/100|[from] item: Leftovers
|upkeep
|turn|6
|
|t:|1741387656
|switch|p2a: Yusuke Oshida|Landorus-Therian, M|100/100
|-ability|p2a: Yusuke Oshida|Intimidate|boost
|-unboost|p1a: Landorus|atk|1
|move|p1a: Landorus|Earthquake|p2a: Yusuke Oshida
|-immune|p2a: Yusuke Oshida
|
|-heal|p1a: Landorus|75/100|[from] item: Leftovers
|upkeep
|turn|7
|
|t:|1741387660
|move|p2a: Yusuke Oshida|U-turn|p1a: Landorus
|-resisted|p1a: Landorus
|-damage|p1a: Landorus|63/100
|
|t:|1741387662
|switch|p2a: Aito Ohashi|Rotom-Wash|94/100|[from] U-turn
|move|p1a: Landorus|Hidden Power|p2a: Aito Ohashi
|-resisted|p2a: Aito Ohashi
|-damage|p2a: Aito Ohashi|86/100
|
|-heal|p1a: Landorus|70/100|[from] item: Leftovers
|-heal|p2a: Aito Ohashi|92/100|[from] item: Leftovers
|upkeep
|turn|8
|
|t:|1741387672
|switch|p1a: Latias|Latias, F|100/100
|-damage|p1a: Latias|88/100|[from] Stealth Rock
|move|p2a: Aito Ohashi|Volt Switch|p1a: Latias
|-resisted|p1a: Latias
|-damage|p1a: Latias|77/100
|
|t:|1741387696
|switch|p2a: Yusuke Oshida|Landorus-Therian, M|100/100|[from] Volt Switch
|-ability|p2a: Yusuke Oshida|Intimidate|boost
|-unboost|p1a: Latias|atk|1
|
|upkeep
|turn|9
|
|t:|1741387700
|move|p2a: Yusuke Oshida|U-turn|p1a: Latias
|-supereffective|p1a: Latias
|-damage|p1a: Latias|14/100
|
|t:|1741387702
|switch|p2a: Satoshi Nakano|Jirachi|70/100|[from] U-turn
|-damage|p2a: Satoshi Nakano|58/100|[from] Spikes
|move|p1a: Latias|Trick|p2a: Satoshi Nakano
|-activate|p1a: Latias|move: Trick|[of] p2a: Satoshi Nakano
|-item|p2a: Satoshi Nakano|Choice Specs|[from] move: Trick
|-item|p1a: Latias|Shuca Berry|[from] move: Trick
|
|upkeep
|turn|10
|
|t:|1741387709
|switch|p1a: Ferrothorn|Ferrothorn, M|100/100
|-damage|p1a: Ferrothorn|95/100|[from] Stealth Rock
|move|p2a: Satoshi Nakano|U-turn|p1a: Ferrothorn
|-damage|p1a: Ferrothorn|83/100
|-damage|p2a: Satoshi Nakano|46/100|[from] ability: Iron Barbs|[of] p1a: Ferrothorn
|
|t:|1741387711
|switch|p2a: Masaaki Iwane|Breloom, M|100/100|[from] U-turn
|-damage|p2a: Masaaki Iwane|88/100|[from] Spikes
|
|-heal|p1a: Ferrothorn|89/100|[from] item: Leftovers
|upkeep
|turn|11
|
|t:|1741387738
|move|p1a: Ferrothorn|Protect|p1a: Ferrothorn
|-singleturn|p1a: Ferrothorn|Protect
|move|p2a: Masaaki Iwane|Superpower|p1a: Ferrothorn
|-activate|p1a: Ferrothorn|move: Protect
|
|-heal|p1a: Ferrothorn|95/100|[from] item: Leftovers
|upkeep
|turn|12
|
|t:|1741387741
|switch|p1a: Landorus|Landorus-Therian, M|70/100
|-damage|p1a: Landorus|57/100|[from] Stealth Rock
|-ability|p1a: Landorus|Intimidate|boost
|-unboost|p2a: Masaaki Iwane|atk|1
|move|p2a: Masaaki Iwane|Superpower|p1a: Landorus
|-resisted|p1a: Landorus
|-damage|p1a: Landorus|25/100
|-unboost|p2a: Masaaki Iwane|atk|1
|-unboost|p2a: Masaaki Iwane|def|1
|
|-heal|p1a: Landorus|31/100|[from] item: Leftovers
|upkeep
|turn|13
|
|t:|1741387756
|switch|p2a: Hanako Ueda|Latias, F|100/100
|move|p1a: Landorus|Smack Down|p2a: Hanako Ueda
|-damage|p2a: Hanako Ueda|80/100
|-start|p2a: Hanako Ueda|Smack Down
|
|-heal|p1a: Landorus|38/100|[from] item: Leftovers
|upkeep
|turn|14
|
|t:|1741387762
|switch|p1a: Ferrothorn|Ferrothorn, M|95/100
|-damage|p1a: Ferrothorn|89/100|[from] Stealth Rock
|move|p2a: Hanako Ueda|Draco Meteor|p1a: Ferrothorn
|-resisted|p1a: Ferrothorn
|-damage|p1a: Ferrothorn|59/100
|-unboost|p2a: Hanako Ueda|spa|2
|
|-heal|p1a: Ferrothorn|65/100|[from] item: Leftovers
|upkeep
|turn|15
|
|t:|1741387782
|switch|p2a: Takeshi Maenami|Heatran, M|100/100
|-item|p2a: Takeshi Maenami|Air Balloon
|move|p1a: Ferrothorn|Spikes|p2a: Takeshi Maenami
|-sidestart|p2: WeR#4Hay!|Spikes
|
|-heal|p1a: Ferrothorn|71/100|[from] item: Leftovers
|upkeep
|turn|16
|
|t:|1741387797
|switch|p1a: Starmie|Starmie|100/100
|-damage|p1a: Starmie|88/100|[from] Stealth Rock
|-item|p1a: Starmie|Air Balloon
|move|p2a: Takeshi Maenami|Lava Plume|p1a: Starmie
|-resisted|p1a: Starmie
|-damage|p1a: Starmie|53/100
|-enditem|p1a: Starmie|Air Balloon
|
|upkeep
|turn|17
|
|t:|1741387814
|move|p1a: Starmie|Rapid Spin|p2a: Takeshi Maenami
|-resisted|p2a: Takeshi Maenami
|-damage|p2a: Takeshi Maenami|99/100
|-enditem|p2a: Takeshi Maenami|Air Balloon
|-sideend|p1: the great gazump|Stealth Rock|[from] move: Rapid Spin|[of] p1a: Starmie
|move|p2a: Takeshi Maenami|Lava Plume|p1a: Starmie
|-resisted|p1a: Starmie
|-damage|p1a: Starmie|18/100
|-status|p1a: Starmie|brn
|
|-damage|p1a: Starmie|5/100 brn|[from] brn
|upkeep
|turn|18
|
|t:|1741387837
|switch|p2a: Aito Ohashi|Rotom-Wash|92/100
|move|p1a: Starmie|Hydro Pump|p2a: Aito Ohashi
|-resisted|p2a: Aito Ohashi
|-damage|p2a: Aito Ohashi|67/100
|
|-heal|p2a: Aito Ohashi|73/100|[from] item: Leftovers
|-damage|p1a: Starmie|0 fnt|[from] brn
|faint|p1a: Starmie
|upkeep
|inactive|the great gazump has 120 seconds left.
|
|t:|1741387877
|switch|p1a: Latias|Latias, F|14/100
|turn|19
|inactive|WeR#4Hay! has 120 seconds left.
|
|t:|1741387910
|move|p1a: Latias|Draco Meteor|p2a: Aito Ohashi
|-crit|p2a: Aito Ohashi
|-damage|p2a: Aito Ohashi|0 fnt
|-unboost|p1a: Latias|spa|2
|faint|p2a: Aito Ohashi
|
|upkeep
|
|t:|1741387912
|switch|p2a: Satoshi Nakano|Jirachi|46/100
|-damage|p2a: Satoshi Nakano|29/100|[from] Spikes
|turn|20
|inactive|the great gazump has 120 seconds left.
|
|t:|1741387929
|move|p1a: Latias|Healing Wish|p1a: Latias
|faint|p1a: Latias
|move|p2a: Satoshi Nakano|Stealth Rock|p1: Latias
|-sidestart|p1: the great gazump|move: Stealth Rock
|
|upkeep
|
|t:|1741387933
|switch|p1a: Landorus|Landorus-Therian, M|38/100
|-heal|p1a: Landorus|100/100|[from] move: Healing Wish
|-damage|p1a: Landorus|88/100|[from] Stealth Rock
|-ability|p1a: Landorus|Intimidate|boost
|-unboost|p2a: Satoshi Nakano|atk|1
|turn|21
|inactive|the great gazump has 120 seconds left.
|
|t:|1741387945
|switch|p1a: Tyranitar|Tyranitar, F|100/100
|-damage|p1a: Tyranitar|88/100|[from] Stealth Rock
|-weather|Sandstorm|[from] ability: Sand Stream|[of] p1a: Tyranitar
|switch|p2a: Hanako Ueda|Latias, F|80/100
|
|-weather|Sandstorm|[upkeep]
|-damage|p2a: Hanako Ueda|74/100|[from] Sandstorm
|upkeep
|turn|22
|
|t:|1741387949
|move|p2a: Hanako Ueda|Surf|p1a: Tyranitar
|-supereffective|p1a: Tyranitar
|-damage|p1a: Tyranitar|50/100
|move|p1a: Tyranitar|Pursuit|p2a: Hanako Ueda
|-supereffective|p2a: Hanako Ueda
|-damage|p2a: Hanako Ueda|28/100
|
|-weather|Sandstorm|[upkeep]
|-damage|p2a: Hanako Ueda|22/100|[from] Sandstorm
|upkeep
|turn|23
|
|t:|1741387960
|move|p2a: Hanako Ueda|Surf|p1a: Tyranitar
|-supereffective|p1a: Tyranitar
|-damage|p1a: Tyranitar|15/100
|move|p1a: Tyranitar|Pursuit|p2a: Hanako Ueda
|-supereffective|p2a: Hanako Ueda
|-damage|p2a: Hanako Ueda|0 fnt
|faint|p2a: Hanako Ueda
|
|-weather|Sandstorm|[upkeep]
|upkeep
|
|t:|1741387969
|switch|p2a: Masaaki Iwane|Breloom, M|88/100
|-damage|p2a: Masaaki Iwane|72/100|[from] Spikes
|turn|24
|
|t:|1741387977
|move|p2a: Masaaki Iwane|Mach Punch|p1a: Tyranitar
|-supereffective|p1a: Tyranitar
|-enditem|p1a: Tyranitar|Chople Berry|[eat]
|-enditem|p1a: Tyranitar|Chople Berry|[weaken]
|-damage|p1a: Tyranitar|0 fnt
|faint|p1a: Tyranitar
|
|-weather|Sandstorm|[upkeep]
|-damage|p2a: Masaaki Iwane|66/100|[from] Sandstorm
|upkeep
|
|t:|1741387984
|switch|p1a: Landorus|Landorus-Therian, M|88/100
|-damage|p1a: Landorus|76/100|[from] Stealth Rock
|-ability|p1a: Landorus|Intimidate|boost
|-unboost|p2a: Masaaki Iwane|atk|1
|turn|25
|c|☆WeR#4Hay!|every time Tar survives at low health
|c|☆WeR#4Hay!|I get paranoid
|c|☆the great gazump|of custap
|c|☆the great gazump|yeah lol
|
|t:|1741388000
|switch|p2a: Satoshi Nakano|Jirachi|29/100
|-damage|p2a: Satoshi Nakano|12/100|[from] Spikes
|move|p1a: Landorus|Hidden Power|p2a: Satoshi Nakano
|-resisted|p2a: Satoshi Nakano
|-damage|p2a: Satoshi Nakano|7/100
|
|-weather|Sandstorm|[upkeep]
|-heal|p1a: Landorus|82/100|[from] item: Leftovers
|upkeep
|turn|26
|
|t:|1741388010
|move|p1a: Landorus|Earthquake|p2a: Satoshi Nakano
|-supereffective|p2a: Satoshi Nakano
|-crit|p2a: Satoshi Nakano
|-damage|p2a: Satoshi Nakano|0 fnt
|faint|p2a: Satoshi Nakano
|
|-weather|Sandstorm|[upkeep]
|-heal|p1a: Landorus|88/100|[from] item: Leftovers
|upkeep
|
|t:|1741388013
|switch|p2a: Yusuke Oshida|Landorus-Therian, M|100/100
|-ability|p2a: Yusuke Oshida|Intimidate|boost
|-unboost|p1a: Landorus|atk|1
|turn|27
|
|t:|1741388021
|move|p2a: Yusuke Oshida|U-turn|p1a: Landorus
|-resisted|p1a: Landorus
|-damage|p1a: Landorus|76/100
|
|t:|1741388025
|switch|p2a: Takeshi Maenami|Heatran, M|99/100|[from] U-turn
|-damage|p2a: Takeshi Maenami|83/100|[from] Spikes
|move|p1a: Landorus|Hidden Power|p2a: Takeshi Maenami
|-resisted|p2a: Takeshi Maenami
|-damage|p2a: Takeshi Maenami|78/100
|
|-weather|Sandstorm|[upkeep]
|-heal|p1a: Landorus|83/100|[from] item: Leftovers
|upkeep
|turn|28
|
|t:|1741388028
|switch|p2a: Yusuke Oshida|Landorus-Therian, M|100/100
|-ability|p2a: Yusuke Oshida|Intimidate|boost
|-unboost|p1a: Landorus|atk|1
|move|p1a: Landorus|Earthquake|p2a: Yusuke Oshida
|-immune|p2a: Yusuke Oshida
|
|-weather|Sandstorm|[upkeep]
|-heal|p1a: Landorus|89/100|[from] item: Leftovers
|upkeep
|turn|29
|
|t:|1741388034
|move|p2a: Yusuke Oshida|Hidden Power|p1a: Landorus
|-supereffective|p1a: Landorus
|-damage|p1a: Landorus|5/100
|move|p1a: Landorus|Hidden Power|p2a: Yusuke Oshida
|-supereffective|p2a: Yusuke Oshida
|-damage|p2a: Yusuke Oshida|14/100
|
|-weather|Sandstorm|[upkeep]
|-heal|p1a: Landorus|12/100|[from] item: Leftovers
|upkeep
|turn|30
|
|t:|1741388049
|switch|p1a: Ferrothorn|Ferrothorn, M|71/100
|-damage|p1a: Ferrothorn|65/100|[from] Stealth Rock
|move|p2a: Yusuke Oshida|Hidden Power|p1a: Ferrothorn
|-damage|p1a: Ferrothorn|55/100
|
|-weather|Sandstorm|[upkeep]
|-heal|p1a: Ferrothorn|61/100|[from] item: Leftovers
|upkeep
|turn|31
|
|t:|1741388060
|switch|p2a: Takeshi Maenami|Heatran, M|78/100
|-damage|p2a: Takeshi Maenami|62/100|[from] Spikes
|move|p1a: Ferrothorn|Leech Seed|p2a: Takeshi Maenami
|-start|p2a: Takeshi Maenami|move: Leech Seed
|
|-weather|Sandstorm|[upkeep]
|-heal|p1a: Ferrothorn|67/100|[from] item: Leftovers
|-damage|p2a: Takeshi Maenami|49/100|[from] Leech Seed|[of] p1a: Ferrothorn
|-heal|p1a: Ferrothorn|78/100|[silent]
|upkeep
|turn|32
|
|t:|1741388081
|move|p1a: Ferrothorn|Protect|p1a: Ferrothorn
|-singleturn|p1a: Ferrothorn|Protect
|move|p2a: Takeshi Maenami|Hidden Power|p1a: Ferrothorn
|-activate|p1a: Ferrothorn|move: Protect
|
|-weather|Sandstorm|[upkeep]
|-heal|p1a: Ferrothorn|84/100|[from] item: Leftovers
|-damage|p2a: Takeshi Maenami|37/100|[from] Leech Seed|[of] p1a: Ferrothorn
|-heal|p1a: Ferrothorn|95/100|[silent]
|upkeep
|turn|33
|
|t:|1741388084
|switch|p1a: Landorus|Landorus-Therian, M|12/100
|-damage|p1a: Landorus|0 fnt|[from] Stealth Rock
|faint|p1a: Landorus
|move|p2a: Takeshi Maenami|Lava Plume|p1: Landorus|[notarget]
|-fail|p2a: Takeshi Maenami
|
|-weather|Sandstorm|[upkeep]
|upkeep
|
|t:|1741388094
|switch|p1a: Garchomp|Garchomp, F|100/100
|-damage|p1a: Garchomp|94/100|[from] Stealth Rock
|turn|34
|
|t:|1741388105
|move|p1a: Garchomp|Earthquake|p2a: Takeshi Maenami
|-supereffective|p2a: Takeshi Maenami
|-damage|p2a: Takeshi Maenami|0 fnt
|faint|p2a: Takeshi Maenami
|
|-weather|Sandstorm|[upkeep]
|upkeep
|
|t:|1741388107
|switch|p2a: Yusuke Oshida|Landorus-Therian, M|14/100
|-ability|p2a: Yusuke Oshida|Intimidate|boost
|-unboost|p1a: Garchomp|atk|1
|turn|35
|
|t:|1741388111
|switch|p1a: Ferrothorn|Ferrothorn, M|95/100
|-damage|p1a: Ferrothorn|89/100|[from] Stealth Rock
|switch|p2a: Masaaki Iwane|Breloom, M|66/100
|-damage|p2a: Masaaki Iwane|49/100|[from] Spikes
|
|-weather|Sandstorm|[upkeep]
|-damage|p2a: Masaaki Iwane|43/100|[from] Sandstorm
|-heal|p1a: Ferrothorn|95/100|[from] item: Leftovers
|upkeep
|turn|36
|
|t:|1741388116
|move|p2a: Masaaki Iwane|Superpower|p1a: Ferrothorn
|-supereffective|p1a: Ferrothorn
|-damage|p1a: Ferrothorn|0 fnt
|-unboost|p2a: Masaaki Iwane|atk|1
|-unboost|p2a: Masaaki Iwane|def|1
|-damage|p2a: Masaaki Iwane|31/100|[from] ability: Iron Barbs|[of] p1a: Ferrothorn
|faint|p1a: Ferrothorn
|
|-weather|Sandstorm|[upkeep]
|-damage|p2a: Masaaki Iwane|25/100|[from] Sandstorm
|upkeep
|
|t:|1741388117
|switch|p1a: Garchomp|Garchomp, F|94/100
|-damage|p1a: Garchomp|88/100|[from] Stealth Rock
|turn|37
|c|☆WeR#4Hay!|gg
|c|☆the great gazump|gg
|
|t:|1741388123
|move|p1a: Garchomp|Outrage|p2a: Masaaki Iwane
|-damage|p2a: Masaaki Iwane|0 fnt
|faint|p2a: Masaaki Iwane
|
|-weather|Sandstorm|[upkeep]
|upkeep
|
|t:|1741388124
|switch|p2a: Yusuke Oshida|Landorus-Therian, M|14/100
|-ability|p2a: Yusuke Oshida|Intimidate|boost
|-unboost|p1a: Garchomp|atk|1
|turn|38
|
|t:|1741388127
|move|p1a: Garchomp|Outrage|p2a: Yusuke Oshida|[from] lockedmove
|-damage|p2a: Yusuke Oshida|0 fnt
|faint|p2a: Yusuke Oshida
|
|win|the great gazump
|raw|the great gazump's rating: 1388 &rarr; <strong>1413</strong><br />(+25 for winning)
|raw|WeR#4Hay!'s rating: 1480 &rarr; <strong>1455</strong><br />(-25 for losing)
