|j|☆Yokao893
|j|☆Chomp29
|t:|1708153181
|gametype|singles
|player|p1|Yokao893|hilbert|1480
|player|p2|Chomp29|brock|1635
|teamsize|p1|6
|teamsize|p2|6
|gen|5
|tier|[Gen 5] OU
|rated|
|rule|Species Clause: Limit one of each Pokémon
|rule|OHKO Clause: OHKO moves are banned
|rule|Moody Clause: Moody is banned
|rule|Evasion Items Clause: Evasion items are banned
|rule|Evasion Moves Clause: Evasion moves are banned
|rule|Endless Battle Clause: Forcing endless battles is banned
|rule|HP Percentage Mod: HP is shown in percentages
|rule|Evasion Abilities Clause: Evasion abilities are banned
|rule|Sleep Moves Clause: Sleep-inducing moves are banned
|rule|Swagger Clause: Swagger is banned
|rule|Baton Pass Stat Clause: No Baton Passer may have a way to boost its stats
|clearpoke
|poke|p1|Jirachi|item
|poke|p1|Kyurem-Black|item
|poke|p1|Latios, M|item
|poke|p1|Magnezone|item
|poke|p1|Dragonite, M|item
|poke|p1|Garchomp, M|item
|poke|p2|Jellicent, F|item
|poke|p2|Alakazam, F|item
|poke|p2|Heatran, M|item
|poke|p2|Latios, M|item
|poke|p2|Tyranitar, M|item
|poke|p2|Skarmory, M|item
|teampreview
|inactive|Battle timer is ON: inactive players will automatically lose when time's up. (requested by Yokao893)
|
|t:|1708153191
|start
|switch|p1a: Footdive!|Jirachi|100/100
|switch|p2a: Heatran|Heatran, M|100/100
|turn|1
|
|t:|1708153197
|move|p2a: Heatran|Lava Plume|p1a: Footdive!
|-supereffective|p1a: Footdive!
|-damage|p1a: Footdive!|53/100
|move|p1a: Footdive!|U-turn|p2a: Heatran
|-resisted|p2a: Heatran
|-damage|p2a: Heatran|97/100
|
|t:|1708153200
|switch|p1a: NomNom|Garchomp, M|100/100|[from] U-turn
|
|-heal|p2a: Heatran|100/100|[from] item: Leftovers
|upkeep
|turn|2
|
|t:|1708153204
|switch|p2a: Skarmory|Skarmory, M|100/100
|move|p1a: NomNom|Swords Dance|p1a: NomNom
|-boost|p1a: NomNom|atk|2
|
|upkeep
|turn|3
|
|t:|1708153210
|move|p1a: NomNom|Outrage|p2a: Skarmory
|-resisted|p2a: Skarmory
|-damage|p2a: Skarmory|37/100
|move|p2a: Skarmory|Stealth Rock|p1a: NomNom
|-sidestart|p1: Yokao893|move: Stealth Rock
|
|-heal|p2a: Skarmory|43/100|[from] item: Leftovers
|upkeep
|turn|4
|inactive|Chomp29 has 120 seconds left.
|
|t:|1708153243
|move|p1a: NomNom|Outrage|p2a: Skarmory|[from]lockedmove
|-resisted|p2a: Skarmory
|-damage|p2a: Skarmory|0 fnt
|faint|p2a: Skarmory
|-start|p1a: NomNom|confusion|[fatigue]
|
|upkeep
|inactive|Chomp29 has 120 seconds left.
|
|t:|1708153249
|switch|p2a: Latios|Latios, M|100/100
|turn|5
|
|t:|1708153257
|switch|p1a: Footdive!|Jirachi|53/100
|-damage|p1a: Footdive!|47/100|[from] Stealth Rock
|move|p2a: Latios|Draco Meteor|p1a: Footdive!
|-resisted|p1a: Footdive!
|-damage|p1a: Footdive!|22/100
|-unboost|p2a: Latios|spa|2
|
|-heal|p1a: Footdive!|28/100|[from] item: Leftovers
|upkeep
|turn|6
|
|t:|1708153264
|switch|p2a: Heatran|Heatran, M|100/100
|move|p1a: Footdive!|Stealth Rock|p2a: Heatran
|-sidestart|p2: Chomp29|move: Stealth Rock
|
|-heal|p1a: Footdive!|35/100|[from] item: Leftovers
|upkeep
|turn|7
|
|t:|1708153275
|switch|p1a: Magic Man!|Dragonite, M|100/100
|-damage|p1a: Magic Man!|76/100|[from] Stealth Rock
|move|p2a: Heatran|Lava Plume|p1a: Magic Man!
|-resisted|p1a: Magic Man!
|-damage|p1a: Magic Man!|57/100
|-status|p1a: Magic Man!|brn
|-enditem|p1a: Magic Man!|Lum Berry|[eat]
|-curestatus|p1a: Magic Man!|brn|[msg]
|
|upkeep
|turn|8
|
|t:|1708153288
|switch|p2a: Latios|Latios, M|100/100
|-damage|p2a: Latios|88/100|[from] Stealth Rock
|move|p1a: Magic Man!|Dragon Dance|p1a: Magic Man!
|-boost|p1a: Magic Man!|atk|1
|-boost|p1a: Magic Man!|spe|1
|
|upkeep
|turn|9
|
|t:|1708153292
|move|p1a: Magic Man!|Extreme Speed|p2a: Latios
|-damage|p2a: Latios|30/100
|move|p2a: Latios|Dragon Pulse|p1a: Magic Man!
|-supereffective|p1a: Magic Man!
|-damage|p1a: Magic Man!|0 fnt
|faint|p1a: Magic Man!
|
|upkeep
|j| SKT T1 Motherfaker
|
|t:|1708153299
|switch|p1a: Footdive!|Jirachi|35/100
|-damage|p1a: Footdive!|28/100|[from] Stealth Rock
|turn|10
|
|t:|1708153306
|switch|p2a: Jellicent|Jellicent, F|100/100
|-damage|p2a: Jellicent|88/100|[from] Stealth Rock
|-item|p2a: Jellicent|Air Balloon
|move|p1a: Footdive!|U-turn|p2a: Jellicent
|-resisted|p2a: Jellicent
|-damage|p2a: Jellicent|79/100
|-enditem|p2a: Jellicent|Air Balloon
|
|t:|1708153310
|switch|p1a: NomNom|Garchomp, M|100/100|[from] U-turn
|-damage|p1a: NomNom|94/100|[from] Stealth Rock
|
|upkeep
|turn|11
|
|t:|1708153313
|move|p1a: NomNom|Substitute|p1a: NomNom
|-start|p1a: NomNom|Substitute
|-damage|p1a: NomNom|69/100
|move|p2a: Jellicent|Scald|p1a: NomNom
|-end|p1a: NomNom|Substitute
|
|upkeep
|turn|12
|
|t:|1708153317
|move|p1a: NomNom|Swords Dance|p1a: NomNom
|-boost|p1a: NomNom|atk|2
|move|p2a: Jellicent|Scald|p1a: NomNom
|-damage|p1a: NomNom|43/100
|-status|p1a: NomNom|brn
|
|-damage|p1a: NomNom|30/100 brn|[from] brn
|upkeep
|turn|13
|
|t:|1708153320
|move|p1a: NomNom|Outrage|p2a: Jellicent
|-damage|p2a: Jellicent|5/100
|move|p2a: Jellicent|Recover|p2a: Jellicent
|-heal|p2a: Jellicent|55/100
|
|-damage|p1a: NomNom|18/100 brn|[from] brn
|upkeep
|-enditem|p1a: NomNom|Salac Berry|[eat]
|-boost|p1a: NomNom|spe|1|[from] item: Salac Berry
|turn|14
|
|t:|1708153323
|move|p1a: NomNom|Outrage|p2a: Jellicent|[from]lockedmove
|-damage|p2a: Jellicent|0 fnt
|faint|p2a: Jellicent
|
|-damage|p1a: NomNom|6/100 brn|[from] brn
|upkeep
|
|t:|1708153329
|switch|p2a: Heatran|Heatran, M|100/100
|-damage|p2a: Heatran|88/100|[from] Stealth Rock
|turn|15
|
|t:|1708153332
|move|p1a: NomNom|Outrage|p2a: Heatran|[from]lockedmove
|-resisted|p2a: Heatran
|-damage|p2a: Heatran|62/100
|-start|p1a: NomNom|confusion|[fatigue]
|move|p2a: Heatran|Substitute|p2a: Heatran
|-start|p2a: Heatran|Substitute
|-damage|p2a: Heatran|38/100
|
|-heal|p2a: Heatran|44/100|[from] item: Leftovers
|-damage|p1a: NomNom|0 fnt|[from] brn
|faint|p1a: NomNom
|upkeep
|
|t:|1708153340
|switch|p1a: Gorilla Grip|Magnezone|100/100
|-damage|p1a: Gorilla Grip|94/100|[from] Stealth Rock
|-item|p1a: Gorilla Grip|Air Balloon
|turn|16
|
|t:|1708153342
|move|p2a: Heatran|Protect|p2a: Heatran
|-singleturn|p2a: Heatran|Protect
|move|p1a: Gorilla Grip|Thunderbolt|p2a: Heatran
|-activate|p2a: Heatran|move: Protect
|
|-heal|p2a: Heatran|50/100|[from] item: Leftovers
|upkeep
|turn|17
|
|t:|1708153343
|move|p2a: Heatran|Lava Plume|p1a: Gorilla Grip
|-supereffective|p1a: Gorilla Grip
|-damage|p1a: Gorilla Grip|0 fnt
|-enditem|p1a: Gorilla Grip|Air Balloon
|faint|p1a: Gorilla Grip
|
|-heal|p2a: Heatran|56/100|[from] item: Leftovers
|upkeep
|
|t:|1708153347
|switch|p1a: B-61|Latios, M|100/100
|-damage|p1a: B-61|88/100|[from] Stealth Rock
|turn|18
|
|t:|1708153348
|move|p2a: Heatran|Protect|p2a: Heatran
|-singleturn|p2a: Heatran|Protect
|move|p1a: B-61|Surf|p2a: Heatran
|-activate|p2a: Heatran|move: Protect
|
|-heal|p2a: Heatran|62/100|[from] item: Leftovers
|upkeep
|turn|19
|-message|Yokao893 forfeited.
|
|win|Chomp29
|raw|Yokao893's rating: 1480 &rarr; <strong>1468</strong><br />(-12 for losing)
|raw|Chomp29's rating: 1635 &rarr; <strong>1647</strong><br />(+12 for winning)
|l|☆Yokao893
|player|p1|
|l|☆Chomp29
|player|p2|
