|j|☆baconeatinassassin
|j|☆Verno98
|player|p1|baconeatinassassin|iris-gen5bw2|1334
|player|p2|Verno98|hiker-gen4|1383
|teamsize|p1|6
|teamsize|p2|6
|gametype|singles
|gen|5
|tier|[Gen 5] OU
|rated|
|clearpoke
|poke|p1|Tyranitar, M|item
|poke|p1|Latios, M|item
|poke|p1|Reuniclus, M|item
|poke|p1|Ferrothorn, F|item
|poke|p1|Landorus-Therian, M|item
|poke|p1|Alakazam, M|item
|poke|p2|Kyurem-Black|item
|poke|p2|Magnezone|item
|poke|p2|Terrakion|item
|poke|p2|Latios, M|item
|poke|p2|Jellicent, F|item
|poke|p2|Scizor, F|item
|rule|Species Clause: Limit one of each Pokémon
|rule|OHKO Clause: OHKO moves are banned
|rule|Moody Clause: Moody is banned
|rule|Evasion Moves Clause: Evasion moves are banned
|rule|Endless Battle Clause: Forcing endless battles is banned
|rule|HP Percentage Mod: HP is shown in percentages
|rule|Evasion Abilities Clause: Evasion abilities are banned
|rule|Baton Pass Clause: Limit one Baton Passer, can't pass Spe and other stats simultaneously
|rule|Sleep Clause: Sleep-inducing moves are banned
|rule|Swagger Clause: Swagger is banned
|teampreview
|c|☆baconeatinassassin|hf
|
|start
|switch|p1a: Landorus|Landorus-Therian, M|100/100
|switch|p2a: Latios|Latios, M, shiny|100/100
|-ability|p1a: Landorus|Intimidate|boost
|-unboost|p2a: Latios|atk|1
|turn|1
|c|☆Verno98|gl, hf
|
|switch|p1a: Ferrothorn|Ferrothorn, F|100/100
|move|p2a: Latios|Surf|p1a: Ferrothorn
|-resisted|p1a: Ferrothorn
|-crit|p1a: Ferrothorn
|-damage|p1a: Ferrothorn|77/100
|
|-heal|p1a: Ferrothorn|83/100|[from] item: Leftovers
|upkeep
|turn|2
|
|move|p2a: Latios|Hidden Power|p1a: Ferrothorn
|-supereffective|p1a: Ferrothorn
|-damage|p1a: Ferrothorn|0 fnt
|faint|p1a: Ferrothorn
|
|upkeep
|
|switch|p1a: Tyranitar|Tyranitar, M|100/100
|-weather|Sandstorm|[from] ability: Sand Stream|[of] p1a: Tyranitar
|turn|3
|
|switch|p2a: Scizor|Scizor, F|100/100
|move|p1a: Tyranitar|Crunch|p2a: Scizor
|-resisted|p2a: Scizor
|-damage|p2a: Scizor|80/100
|
|-weather|Sandstorm|[upkeep]
|upkeep
|turn|4
|
|switch|p1a: Landorus|Landorus-Therian, M|100/100
|-ability|p1a: Landorus|Intimidate|boost
|-unboost|p2a: Scizor|atk|1
|move|p2a: Scizor|U-turn|p1a: Landorus
|-resisted|p1a: Landorus
|-damage|p1a: Landorus|87/100
|
|switch|p2a: Latios|Latios, M, shiny|100/100|[from]move: U-turn
|
|-weather|Sandstorm|[upkeep]
|-damage|p2a: Latios|95/100|[from] Sandstorm
|upkeep
|turn|5
|
|move|p1a: Landorus|U-turn|p2a: Latios
|-supereffective|p2a: Latios
|-crit|p2a: Latios
|-damage|p2a: Latios|0 fnt
|faint|p2a: Latios
|c|☆baconeatinassassin|sry
|
|switch|p1a: Reuniclus|Reuniclus, M|100/100|[from]move: U-turn
|
|-weather|Sandstorm|[upkeep]
|upkeep
|
|switch|p2a: Scizor|Scizor, F|80/100
|turn|6
|
|switch|p1a: Landorus|Landorus-Therian, M|87/100
|-ability|p1a: Landorus|Intimidate|boost
|-unboost|p2a: Scizor|atk|1
|move|p2a: Scizor|U-turn|p1a: Landorus
|-resisted|p1a: Landorus
|-damage|p1a: Landorus|73/100
|
|switch|p2a: Jellicent|Jellicent, F, shiny|100/100|[from]move: U-turn
|
|-weather|Sandstorm|[upkeep]
|-damage|p2a: Jellicent|94/100|[from] Sandstorm
|-heal|p2a: Jellicent|100/100|[from] item: Leftovers
|upkeep
|turn|7
|
|move|p1a: Landorus|U-turn|p2a: Jellicent
|-resisted|p2a: Jellicent
|-damage|p2a: Jellicent|90/100
|-start|p1a: Landorus|Disable|U-turn|[from] ability: Cursed Body|[of] p2a: Jellicent
|
|switch|p1a: Reuniclus|Reuniclus, M|100/100|[from]move: U-turn
|move|p2a: Jellicent|Will-O-Wisp|p1a: Reuniclus
|-status|p1a: Reuniclus|brn
|
|-weather|Sandstorm|[upkeep]
|-damage|p2a: Jellicent|84/100|[from] Sandstorm
|-heal|p2a: Jellicent|90/100|[from] item: Leftovers
|upkeep
|turn|8
|
|move|p2a: Jellicent|Hex|p1a: Reuniclus
|-supereffective|p1a: Reuniclus
|-damage|p1a: Reuniclus|45/100 brn
|move|p1a: Reuniclus|Psychic|p2a: Jellicent
|-damage|p2a: Jellicent|38/100
|
|-weather|Sandstorm|[upkeep]
|-damage|p2a: Jellicent|31/100|[from] Sandstorm
|-heal|p2a: Jellicent|38/100|[from] item: Leftovers
|upkeep
|turn|9
|j| i piss in pools
|
|switch|p1a: Landorus|Landorus-Therian, M|73/100
|-ability|p1a: Landorus|Intimidate|boost
|-unboost|p2a: Jellicent|atk|1
|move|p2a: Jellicent|Recover|p2a: Jellicent
|-heal|p2a: Jellicent|88/100
|
|-weather|Sandstorm|[upkeep]
|-damage|p2a: Jellicent|81/100|[from] Sandstorm
|-heal|p2a: Jellicent|88/100|[from] item: Leftovers
|upkeep
|turn|10
|
|move|p1a: Landorus|U-turn|p2a: Jellicent
|-resisted|p2a: Jellicent
|-damage|p2a: Jellicent|78/100
|
|switch|p1a: Tyranitar|Tyranitar, M|100/100|[from]move: U-turn
|move|p2a: Jellicent|Will-O-Wisp|p1a: Tyranitar
|-status|p1a: Tyranitar|brn
|
|-weather|Sandstorm|[upkeep]
|-damage|p2a: Jellicent|72/100|[from] Sandstorm
|-heal|p2a: Jellicent|78/100|[from] item: Leftovers
|-damage|p1a: Tyranitar|88/100 brn|[from] brn
|upkeep
|turn|11
|
|switch|p2a: Scizor|Scizor, F|80/100
|move|p1a: Tyranitar|Stealth Rock|p2a: Scizor
|-sidestart|p2: Verno98|move: Stealth Rock
|
|-weather|Sandstorm|[upkeep]
|-damage|p1a: Tyranitar|76/100 brn|[from] brn
|upkeep
|turn|12
|
|switch|p1a: Landorus|Landorus-Therian, M|73/100
|-ability|p1a: Landorus|Intimidate|boost
|-unboost|p2a: Scizor|atk|1
|move|p2a: Scizor|Bullet Punch|p1a: Landorus
|-damage|p1a: Landorus|48/100
|
|-weather|Sandstorm|[upkeep]
|upkeep
|turn|13
|
|move|p2a: Scizor|Bullet Punch|p1a: Landorus
|-damage|p1a: Landorus|24/100
|move|p1a: Landorus|Earthquake|p2a: Scizor
|-damage|p2a: Scizor|10/100
|
|-weather|Sandstorm|[upkeep]
|upkeep
|turn|14
|
|switch|p1a: Latios|Latios, M|100/100
|move|p2a: Scizor|Bullet Punch|p1a: Latios
|-damage|p1a: Latios|74/100
|
|-weather|Sandstorm|[upkeep]
|-damage|p1a: Latios|68/100|[from] Sandstorm
|-status|p1a: Latios|brn|[from] item: Flame Orb
|upkeep
|turn|15
|
|move|p2a: Scizor|Bullet Punch|p1a: Latios
|-damage|p1a: Latios|39/100 brn
|move|p1a: Latios|Surf|p2a: Scizor
|-damage|p2a: Scizor|0 fnt
|faint|p2a: Scizor
|
|-weather|Sandstorm|[upkeep]
|-damage|p1a: Latios|33/100 brn|[from] Sandstorm
|-damage|p1a: Latios|21/100 brn|[from] brn
|upkeep
|
|switch|p2a: Kyurem|Kyurem-Black, shiny|100/100
|-damage|p2a: Kyurem|76/100|[from] Stealth Rock
|-ability|p2a: Kyurem|Teravolt
|turn|16
|c|☆baconeatinassassin|why aren't you water absorb jelli?
|
|move|p2a: Kyurem|Dragon Claw|p1a: Latios
|-supereffective|p1a: Latios
|-damage|p1a: Latios|0 fnt
|faint|p1a: Latios
|
|-weather|Sandstorm|[upkeep]
|-damage|p2a: Kyurem|69/100|[from] Sandstorm
|upkeep
|
|switch|p1a: Tyranitar|Tyranitar, M|76/100 brn
|turn|17
|
|switch|p2a: Jellicent|Jellicent, F, shiny|78/100
|-damage|p2a: Jellicent|66/100|[from] Stealth Rock
|move|p1a: Tyranitar|Superpower|p2a: Jellicent
|-immune|p2a: Jellicent
|
|-weather|Sandstorm|[upkeep]
|-damage|p2a: Jellicent|59/100|[from] Sandstorm
|-heal|p2a: Jellicent|66/100|[from] item: Leftovers
|-damage|p1a: Tyranitar|63/100 brn|[from] brn
|upkeep
|turn|18
|c|☆Verno98|just to disable random moves, just to mess up with people
|
|move|p1a: Tyranitar|Crunch|p2a: Jellicent
|-supereffective|p2a: Jellicent
|-damage|p2a: Jellicent|40/100
|move|p2a: Jellicent|Scald|p1a: Tyranitar
|-supereffective|p1a: Tyranitar
|-damage|p1a: Tyranitar|42/100 brn
|
|-weather|Sandstorm|[upkeep]
|-damage|p2a: Jellicent|34/100|[from] Sandstorm
|-heal|p2a: Jellicent|40/100|[from] item: Leftovers
|-damage|p1a: Tyranitar|30/100 brn|[from] brn
|upkeep
|turn|19
|c|☆baconeatinassassin|you don't reliably wall keldeo though :/
|
|move|p1a: Tyranitar|Crunch|p2a: Jellicent
|-supereffective|p2a: Jellicent
|-damage|p2a: Jellicent|14/100
|move|p2a: Jellicent|Recover|p2a: Jellicent
|-heal|p2a: Jellicent|64/100
|
|-weather|Sandstorm|[upkeep]
|-damage|p2a: Jellicent|58/100|[from] Sandstorm
|-heal|p2a: Jellicent|64/100|[from] item: Leftovers
|-damage|p1a: Tyranitar|17/100 brn|[from] brn
|upkeep
|turn|20
|
|switch|p1a: Alakazam|Alakazam, M|100/100
|move|p2a: Jellicent|Scald|p1a: Alakazam
|-damage|p1a: Alakazam|61/100
|-status|p1a: Alakazam|brn
|
|-weather|Sandstorm|[upkeep]
|-damage|p2a: Jellicent|58/100|[from] Sandstorm
|-heal|p2a: Jellicent|64/100|[from] item: Leftovers
|upkeep
|turn|21
|c|☆Verno98|i just started to play this gen a few days ago and i haven't seen a lot of keldios
|
|move|p1a: Alakazam|Psychic|p2a: Jellicent
|-damage|p2a: Jellicent|24/100
|-start|p1a: Alakazam|Disable|Psychic|[from] ability: Cursed Body|[of] p2a: Jellicent
|move|p2a: Jellicent|Hex|p1a: Alakazam
|-supereffective|p1a: Alakazam
|-damage|p1a: Alakazam|0 fnt
|faint|p1a: Alakazam
|
|-weather|Sandstorm|[upkeep]
|-damage|p2a: Jellicent|18/100|[from] Sandstorm
|-heal|p2a: Jellicent|24/100|[from] item: Leftovers
|upkeep
|
|switch|p1a: Landorus|Landorus-Therian, M|24/100
|-ability|p1a: Landorus|Intimidate|boost
|-unboost|p2a: Jellicent|atk|1
|turn|22
|
|move|p1a: Landorus|Earthquake|p2a: Jellicent
|-damage|p2a: Jellicent|0 fnt
|faint|p2a: Jellicent
|
|-weather|Sandstorm|[upkeep]
|upkeep
|
|switch|p2a: Kyurem|Kyurem-Black, shiny|69/100
|-damage|p2a: Kyurem|44/100|[from] Stealth Rock
|-ability|p2a: Kyurem|Teravolt
|turn|23
|
|switch|p1a: Tyranitar|Tyranitar, M|17/100 brn
|move|p2a: Kyurem|Outrage|p1a: Tyranitar
|-damage|p1a: Tyranitar|0 fnt
|faint|p1a: Tyranitar
|
|-weather|Sandstorm|[upkeep]
|-damage|p2a: Kyurem|38/100|[from] Sandstorm
|upkeep
|
|switch|p1a: Landorus|Landorus-Therian, M|24/100
|-ability|p1a: Landorus|Intimidate|boost
|-unboost|p2a: Kyurem|atk|1
|turn|24
|
|move|p1a: Landorus|U-turn|p2a: Kyurem
|-damage|p2a: Kyurem|16/100
|c|☆baconeatinassassin|huh
|
|switch|p1a: Reuniclus|Reuniclus, M|45/100 brn|[from]move: U-turn
|move|p2a: Kyurem|Outrage|p1a: Reuniclus|[from]lockedmove
|-damage|p1a: Reuniclus|0 fnt
|faint|p1a: Reuniclus
|
|-weather|Sandstorm|[upkeep]
|-damage|p2a: Kyurem|10/100|[from] Sandstorm
|upkeep
|
|switch|p1a: Landorus|Landorus-Therian, M|24/100
|-ability|p1a: Landorus|Intimidate|boost
|-unboost|p2a: Kyurem|atk|1
|turn|25
|c|☆Verno98|thanks for retriving landarus, i realized i made a mistake as soon as i switched in kyurem
|
|move|p1a: Landorus|Earthquake|p2a: Kyurem
|-damage|p2a: Kyurem|0 fnt
|faint|p2a: Kyurem
|
|-weather|Sandstorm|[upkeep]
|upkeep
|
|switch|p2a: Terrakion|Terrakion|100/100
|-damage|p2a: Terrakion|94/100|[from] Stealth Rock
|turn|26
|
|move|p1a: Landorus|Earthquake|p2a: Terrakion
|-supereffective|p2a: Terrakion
|-damage|p2a: Terrakion|0 fnt
|faint|p2a: Terrakion
|
|-weather|Sandstorm|[upkeep]
|upkeep
|
|switch|p2a: Magnezone|Magnezone, shiny|100/100
|-damage|p2a: Magnezone|94/100|[from] Stealth Rock
|turn|27
|
|move|p1a: Landorus|Earthquake|p2a: Magnezone
|-supereffective|p2a: Magnezone
|-damage|p2a: Magnezone|0 fnt
|faint|p2a: Magnezone
|
|win|baconeatinassassin
|raw|baconeatinassassin's rating: 1347 &rarr; <strong>1367</strong><br />(+20 for winning)
|raw|Verno98's rating: 1350 &rarr; <strong>1330</strong><br />(-20 for losing)
|c|☆Verno98|... and i lost anyway
|c| i piss in pools|gg
|c|☆Verno98|gg
|c|☆baconeatinassassin|gg
