|j|☆kaoru hana
|j|☆Blossummm
|t:|1732128853
|gametype|singles
|player|p1|kaoru hana|bea|1324
|player|p2|Blossummm|roxie|1356
|teamsize|p1|6
|teamsize|p2|6
|gen|5
|tier|[Gen 5] OU
|rated|
|rule|Species Clause: Limit one of each Pokémon
|rule|OHKO Clause: OHKO moves are banned
|rule|Moody Clause: Moody is banned
|rule|Evasion Items Clause: Evasion items are banned
|rule|Evasion Moves Clause: Evasion moves are banned
|rule|Endless Battle Clause: Forcing endless battles is banned
|rule|HP Percentage Mod: HP is shown in percentages
|rule|Evasion Abilities Clause: Evasion abilities are banned
|rule|Sleep Moves Clause: Sleep-inducing moves are banned
|rule|Swagger Clause: Swagger is banned
|rule|Baton Pass Stat Clause: No Baton Passer may have a way to boost its stats
|clearpoke
|poke|p1|Keldeo|item
|poke|p1|Terrakion|item
|poke|p1|Breloom, F|item
|poke|p1|Lucario, M|item
|poke|p1|Toxicroak, M|item
|poke|p1|Conkeldurr, F|item
|poke|p2|Tyranitar, F|item
|poke|p2|Alakazam, F|item
|poke|p2|Latios, M|item
|poke|p2|Ferrothorn, F|item
|poke|p2|Keldeo|item
|poke|p2|Landorus-Therian, M|item
|teampreview
|inactive|Battle timer is ON: inactive players will automatically lose when time's up. (requested by kaoru hana)
|
|t:|1732128871
|start
|switch|p1a: Keldeo|Keldeo|100/100
|switch|p2a: Landorus|Landorus-Therian, M|100/100
|-ability|p2a: Landorus|Intimidate|boost
|-unboost|p1a: Keldeo|atk|1
|turn|1
|
|t:|1732128881
|switch|p2a: Ferrothorn|Ferrothorn, F|100/100
|move|p1a: Keldeo|Hydro Pump|p2a: Ferrothorn|[miss]
|-miss|p1a: Keldeo|p2a: Ferrothorn
|
|upkeep
|turn|2
|
|t:|1732128889
|switch|p1a: Breloom|Breloom, F|100/100
|move|p2a: Ferrothorn|Power Whip|p1a: Breloom
|-resisted|p1a: Breloom
|-damage|p1a: Breloom|68/100
|
|upkeep
|turn|3
|
|t:|1732128897
|move|p1a: Breloom|Superpower|p2a: Ferrothorn
|-supereffective|p2a: Ferrothorn
|-damage|p2a: Ferrothorn|0 fnt
|-unboost|p1a: Breloom|atk|1
|-unboost|p1a: Breloom|def|1
|-damage|p1a: Breloom|55/100|[from] ability: Iron Barbs|[of] p2a: Ferrothorn
|faint|p2a: Ferrothorn
|-damage|p1a: Breloom|45/100|[from] item: Life Orb
|
|upkeep
|
|t:|1732128925
|switch|p2a: Landorus|Landorus-Therian, M|100/100
|-ability|p2a: Landorus|Intimidate|boost
|-unboost|p1a: Breloom|atk|1
|turn|4
|
|t:|1732128933
|move|p2a: Landorus|Stealth Rock|p1a: Breloom
|-sidestart|p1: kaoru hana|move: Stealth Rock
|move|p1a: Breloom|Bullet Seed|p2a: Landorus
|-damage|p2a: Landorus|88/100
|-damage|p2a: Landorus|74/100
|-hitcount|p2a: Landorus|2
|-damage|p1a: Breloom|35/100|[from] item: Life Orb
|
|-heal|p2a: Landorus|80/100|[from] item: Leftovers
|upkeep
|turn|5
|
|t:|1732128947
|move|p1a: Breloom|Mach Punch|p2a: Landorus
|-resisted|p2a: Landorus
|-damage|p2a: Landorus|70/100
|-damage|p1a: Breloom|25/100|[from] item: Life Orb
|move|p2a: Landorus|Hidden Power|p1a: Breloom
|-supereffective|p1a: Breloom
|-damage|p1a: Breloom|0 fnt
|faint|p1a: Breloom
|
|-heal|p2a: Landorus|76/100|[from] item: Leftovers
|upkeep
|
|t:|1732128965
|switch|p1a: Conkeldurr|Conkeldurr, F|100/100
|-damage|p1a: Conkeldurr|94/100|[from] Stealth Rock
|turn|6
|
|t:|1732128971
|move|p2a: Landorus|U-turn|p1a: Conkeldurr
|-resisted|p1a: Conkeldurr
|-crit|p1a: Conkeldurr
|-damage|p1a: Conkeldurr|73/100
|
|t:|1732128974
|switch|p2a: Keldeo|Keldeo|100/100|[from] U-turn
|move|p1a: Conkeldurr|Ice Punch|p2a: Keldeo
|-resisted|p2a: Keldeo
|-damage|p2a: Keldeo|84/100
|
|-heal|p2a: Keldeo|90/100|[from] item: Leftovers
|-heal|p1a: Conkeldurr|80/100|[from] item: Leftovers
|upkeep
|turn|7
|
|t:|1732128984
|move|p2a: Keldeo|Scald|p1a: Conkeldurr
|-damage|p1a: Conkeldurr|35/100
|move|p1a: Conkeldurr|Drain Punch|p2a: Keldeo
|-damage|p2a: Keldeo|37/100
|-heal|p1a: Conkeldurr|58/100|[from] drain|[of] p2a: Keldeo
|
|-heal|p2a: Keldeo|44/100|[from] item: Leftovers
|-heal|p1a: Conkeldurr|64/100|[from] item: Leftovers
|upkeep
|turn|8
|
|t:|1732129007
|move|p2a: Keldeo|Scald|p1a: Conkeldurr
|-damage|p1a: Conkeldurr|19/100
|move|p1a: Conkeldurr|Drain Punch|p2a: Keldeo
|-damage|p2a: Keldeo|0 fnt
|-heal|p1a: Conkeldurr|38/100|[from] drain|[of] p2a: Keldeo
|faint|p2a: Keldeo
|
|-heal|p1a: Conkeldurr|44/100|[from] item: Leftovers
|upkeep
|
|t:|1732129016
|switch|p2a: Landorus|Landorus-Therian, M|76/100
|-ability|p2a: Landorus|Intimidate|boost
|-unboost|p1a: Conkeldurr|atk|1
|turn|9
|
|t:|1732129025
|move|p2a: Landorus|Earthquake|p1a: Conkeldurr
|-damage|p1a: Conkeldurr|0 fnt
|faint|p1a: Conkeldurr
|
|-heal|p2a: Landorus|82/100|[from] item: Leftovers
|upkeep
|
|t:|1732129034
|switch|p1a: Keldeo|Keldeo|100/100
|-damage|p1a: Keldeo|94/100|[from] Stealth Rock
|turn|10
|
|t:|1732129041
|move|p1a: Keldeo|Calm Mind|p1a: Keldeo
|-boost|p1a: Keldeo|spa|1
|-boost|p1a: Keldeo|spd|1
|move|p2a: Landorus|Earthquake|p1a: Keldeo
|-damage|p1a: Keldeo|36/100
|
|-heal|p2a: Landorus|88/100|[from] item: Leftovers
|upkeep
|turn|11
|
|t:|1732129059
|switch|p2a: Latios|Latios, M|100/100
|move|p1a: Keldeo|Hydro Pump|p2a: Latios
|-resisted|p2a: Latios
|-damage|p2a: Latios|48/100
|
|upkeep
|turn|12
|
|t:|1732129066
|move|p2a: Latios|Dragon Pulse|p1a: Keldeo
|-damage|p1a: Keldeo|0 fnt
|faint|p1a: Keldeo
|
|upkeep
|
|t:|1732129071
|switch|p1a: Lucario|Lucario, M|100/100
|-damage|p1a: Lucario|98/100|[from] Stealth Rock
|turn|13
|
|t:|1732129076
|switch|p2a: Landorus|Landorus-Therian, M|88/100
|-ability|p2a: Landorus|Intimidate|boost
|-unboost|p1a: Lucario|atk|1
|move|p1a: Lucario|Ice Punch|p2a: Landorus
|-supereffective|p2a: Landorus
|-crit|p2a: Landorus
|-damage|p2a: Landorus|0 fnt
|faint|p2a: Landorus
|-damage|p1a: Lucario|88/100|[from] item: Life Orb
|
|upkeep
|
|t:|1732129092
|switch|p2a: Latios|Latios, M|48/100
|turn|14
|
|t:|1732129099
|move|p1a: Lucario|Extreme Speed|p2a: Latios
|-damage|p2a: Latios|16/100
|-damage|p1a: Lucario|78/100|[from] item: Life Orb
|move|p2a: Latios|Surf|p1a: Lucario
|-damage|p1a: Lucario|24/100
|
|upkeep
|turn|15
|
|t:|1732129108
|switch|p2a: Tyranitar|Tyranitar, F, shiny|100/100
|-weather|Sandstorm|[from] ability: Sand Stream|[of] p2a: Tyranitar
|move|p1a: Lucario|Extreme Speed|p2a: Tyranitar
|-resisted|p2a: Tyranitar
|-damage|p2a: Tyranitar|92/100
|-damage|p1a: Lucario|14/100|[from] item: Life Orb
|
|-weather|Sandstorm|[upkeep]
|upkeep
|turn|16
|
|t:|1732129124
|move|p1a: Lucario|Close Combat|p2a: Tyranitar
|-supereffective|p2a: Tyranitar
|-enditem|p2a: Tyranitar|Chople Berry|[eat]
|-enditem|p2a: Tyranitar|Chople Berry|[weaken]
|-damage|p2a: Tyranitar|12/100
|-unboost|p1a: Lucario|def|1
|-unboost|p1a: Lucario|spd|1
|-damage|p1a: Lucario|4/100|[from] item: Life Orb
|move|p2a: Tyranitar|Crunch|p1a: Lucario
|-resisted|p1a: Lucario
|-damage|p1a: Lucario|0 fnt
|faint|p1a: Lucario
|
|-weather|Sandstorm|[upkeep]
|upkeep
|
|t:|1732129138
|switch|p1a: Toxicroak|Toxicroak, M|100/100
|-damage|p1a: Toxicroak|94/100|[from] Stealth Rock
|turn|17
|
|t:|1732129151
|move|p1a: Toxicroak|Drain Punch|p2a: Tyranitar
|-supereffective|p2a: Tyranitar
|-damage|p2a: Tyranitar|0 fnt
|-heal|p1a: Toxicroak|100/100|[from] drain|[of] p2a: Tyranitar
|faint|p2a: Tyranitar
|-damage|p1a: Toxicroak|91/100|[from] item: Life Orb
|
|-weather|Sandstorm|[upkeep]
|-damage|p1a: Toxicroak|85/100|[from] Sandstorm
|upkeep
|
|t:|1732129156
|switch|p2a: Alakazam|Alakazam, F|100/100
|turn|18
|
|t:|1732129163
|move|p1a: Toxicroak|Sucker Punch|p2a: Alakazam
|-supereffective|p2a: Alakazam
|-damage|p2a: Alakazam|0 fnt
|faint|p2a: Alakazam
|-damage|p1a: Toxicroak|75/100|[from] item: Life Orb
|
|-weather|Sandstorm|[upkeep]
|-damage|p1a: Toxicroak|69/100|[from] Sandstorm
|upkeep
|
|t:|1732129165
|switch|p2a: Latios|Latios, M|16/100
|turn|19
|
|t:|1732129174
|move|p2a: Latios|Draco Meteor|p1a: Toxicroak
|-damage|p1a: Toxicroak|0 fnt
|-unboost|p2a: Latios|spa|2
|faint|p1a: Toxicroak
|
|-weather|Sandstorm|[upkeep]
|-damage|p2a: Latios|10/100|[from] Sandstorm
|upkeep
|
|t:|1732129182
|switch|p1a: Terrakion|Terrakion|100/100
|-damage|p1a: Terrakion|94/100|[from] Stealth Rock
|turn|20
|
|t:|1732129186
|move|p1a: Terrakion|Quick Attack|p2a: Latios
|-damage|p2a: Latios|0 fnt
|faint|p2a: Latios
|
|win|kaoru hana
|raw|kaoru hana's rating: 1324 &rarr; <strong>1346</strong><br />(+22 for winning)
|raw|Blossummm's rating: 1356 &rarr; <strong>1334</strong><br />(-22 for losing)
|l|☆Blossummm
|player|p2|
