|j|☆Unhiptube3
|j|☆Jellium
|t:|1717983515
|gametype|singles
|player|p1|Unhiptube3|dawn-gen4pt|1337
|player|p2|Jellium|scientist-gen4|1396
|teamsize|p1|6
|teamsize|p2|6
|gen|5
|tier|[Gen 5] OU
|rated|
|rule|Species Clause: Limit one of each Pokémon
|rule|OHKO Clause: OHKO moves are banned
|rule|Moody Clause: Moody is banned
|rule|Evasion Items Clause: Evasion items are banned
|rule|Evasion Moves Clause: Evasion moves are banned
|rule|Endless Battle Clause: Forcing endless battles is banned
|rule|HP Percentage Mod: HP is shown in percentages
|rule|Evasion Abilities Clause: Evasion abilities are banned
|rule|Sleep Moves Clause: Sleep-inducing moves are banned
|rule|Swagger Clause: Swagger is banned
|rule|Baton Pass Stat Clause: No Baton Passer may have a way to boost its stats
|clearpoke
|poke|p1|Garchomp, M|item
|poke|p1|Dragonite, M|item
|poke|p1|Latios, M|item
|poke|p1|Scizor, M|item
|poke|p1|Magnezone|item
|poke|p1|Starmie|item
|poke|p2|Garchomp, F|item
|poke|p2|Volcarona, M|item
|poke|p2|Dragonite, F|item
|poke|p2|Breloom, M|item
|poke|p2|Starmie|item
|poke|p2|Scizor, M|item
|teampreview
|
|t:|1717983533
|start
|switch|p1a: Garchomp|Garchomp, M|100/100
|switch|p2a: Garchomp|Garchomp, F|100/100
|turn|1
|
|t:|1717983552
|move|p2a: Garchomp|Stealth Rock|p1a: Garchomp
|-sidestart|p1: Unhiptube3|move: Stealth Rock
|move|p1a: Garchomp|Stealth Rock|p2a: Garchomp
|-sidestart|p2: Jellium|move: Stealth Rock
|
|upkeep
|turn|2
|
|t:|1717983558
|move|p1a: Garchomp|Dragon Claw|p2a: Garchomp
|-supereffective|p2a: Garchomp
|-damage|p2a: Garchomp|16/100
|-damage|p1a: Garchomp|88/100|[from] ability: Rough Skin|[of] p2a: Garchomp
|move|p2a: Garchomp|Earthquake|p1a: Garchomp
|-damage|p1a: Garchomp|34/100
|
|upkeep
|turn|3
|
|t:|1717983567
|move|p2a: Garchomp|Earthquake|p1a: Garchomp
|-damage|p1a: Garchomp|0 fnt
|faint|p1a: Garchomp
|
|upkeep
|
|t:|1717983570
|switch|p1a: Starmie|Starmie|100/100
|-damage|p1a: Starmie|88/100|[from] Stealth Rock
|-item|p1a: Starmie|Air Balloon
|turn|4
|
|t:|1717983574
|move|p1a: Starmie|Surf|p2a: Garchomp
|-damage|p2a: Garchomp|0 fnt
|faint|p2a: Garchomp
|
|upkeep
|
|t:|1717983601
|switch|p2a: Starmie|Starmie|100/100
|-damage|p2a: Starmie|88/100|[from] Stealth Rock
|-item|p2a: Starmie|Air Balloon
|turn|5
|
|t:|1717983606
|move|p1a: Starmie|Thunderbolt|p2a: Starmie
|-supereffective|p2a: Starmie
|-damage|p2a: Starmie|11/100
|-enditem|p2a: Starmie|Air Balloon
|move|p2a: Starmie|Rapid Spin|p1a: Starmie
|-damage|p1a: Starmie|82/100
|-enditem|p1a: Starmie|Air Balloon
|-sideend|p2: Jellium|Stealth Rock|[from] move: Rapid Spin|[of] p2a: Starmie
|
|upkeep
|turn|6
|
|t:|1717983611
|move|p2a: Starmie|Thunderbolt|p1a: Starmie
|-supereffective|p1a: Starmie
|-damage|p1a: Starmie|0 fnt
|faint|p1a: Starmie
|
|upkeep
|
|t:|1717983623
|switch|p1a: Latios|Latios, M|100/100
|-damage|p1a: Latios|88/100|[from] Stealth Rock
|turn|7
|
|t:|1717983625
|move|p1a: Latios|Dragon Pulse|p2a: Starmie
|-damage|p2a: Starmie|0 fnt
|faint|p2a: Starmie
|
|upkeep
|
|t:|1717983630
|switch|p2a: Scizor|Scizor, M|100/100
|turn|8
|
|t:|1717983633
|move|p1a: Latios|Dragon Pulse|p2a: Scizor
|-resisted|p2a: Scizor
|-damage|p2a: Scizor|65/100
|move|p2a: Scizor|Swords Dance|p2a: Scizor
|-boost|p2a: Scizor|atk|2
|
|upkeep
|turn|9
|
|t:|1717983637
|switch|p1a: Magnezone|Magnezone|100/100
|-damage|p1a: Magnezone|94/100|[from] Stealth Rock
|move|p2a: Scizor|Bullet Punch|p1a: Magnezone
|-resisted|p1a: Magnezone
|-damage|p1a: Magnezone|75/100
|-damage|p2a: Scizor|55/100|[from] item: Life Orb
|
|upkeep
|turn|10
|
|t:|1717983639
|move|p1a: Magnezone|Hidden Power|p2a: Scizor
|-supereffective|p2a: Scizor
|-crit|p2a: Scizor
|-damage|p2a: Scizor|0 fnt
|faint|p2a: Scizor
|
|upkeep
|
|t:|1717983648
|switch|p2a: Volcarona|Volcarona, M, shiny|100/100
|turn|11
|
|t:|1717983657
|switch|p1a: Latios|Latios, M|88/100
|-damage|p1a: Latios|76/100|[from] Stealth Rock
|move|p2a: Volcarona|Quiver Dance|p2a: Volcarona
|-boost|p2a: Volcarona|spa|1
|-boost|p2a: Volcarona|spd|1
|-boost|p2a: Volcarona|spe|1
|
|upkeep
|turn|12
|
|t:|1717983666
|move|p1a: Latios|Trick|p2a: Volcarona
|-activate|p1a: Latios|move: Trick|[of] p2a: Volcarona
|-item|p2a: Volcarona|Choice Scarf|[from] move: Trick
|-item|p1a: Latios|Insect Plate|[from] move: Trick
|move|p2a: Volcarona|Fire Blast|p1a: Latios
|-resisted|p1a: Latios
|-damage|p1a: Latios|20/100
|
|upkeep
|turn|13
|
|t:|1717983673
|move|p2a: Volcarona|Fire Blast|p1a: Latios
|-resisted|p1a: Latios
|-damage|p1a: Latios|0 fnt
|faint|p1a: Latios
|
|upkeep
|
|t:|1717983675
|switch|p1a: Dragonite|Dragonite, M|100/100
|-damage|p1a: Dragonite|76/100|[from] Stealth Rock
|turn|14
|
|t:|1717983676
|move|p2a: Volcarona|Fire Blast|p1a: Dragonite
|-resisted|p1a: Dragonite
|-damage|p1a: Dragonite|17/100
|move|p1a: Dragonite|Dragon Dance|p1a: Dragonite
|-boost|p1a: Dragonite|atk|1
|-boost|p1a: Dragonite|spe|1
|
|upkeep
|turn|15
|
|t:|1717983689
|move|p2a: Volcarona|Fire Blast|p1a: Dragonite
|-resisted|p1a: Dragonite
|-damage|p1a: Dragonite|0 fnt
|faint|p1a: Dragonite
|
|upkeep
|
|t:|1717983693
|switch|p1a: Scizor|Scizor, M|100/100
|-damage|p1a: Scizor|88/100|[from] Stealth Rock
|turn|16
|-message|Unhiptube3 forfeited.
|
|win|Jellium
|raw|Unhiptube3's rating: 1337 &rarr; <strong>1320</strong><br />(-17 for losing)
|raw|Jellium's rating: 1396 &rarr; <strong>1413</strong><br />(+17 for winning)
|l|☆Unhiptube3
|player|p1|
