|j|A I Got TM8
|j|EG Posho
|player|p1|A I Got TM8|77
|player|p2|EG Posho|144
|gametype|singles
|gen|5
|tier|[Gen 5] OU
|rated
|seed|
|rule|Evasion Abilities Clause: Evasion abilities are banned
|rule|Baton Pass Clause: Limit one Baton Passer, can't pass Spe and other stats simultaneously
|clearpoke
|poke|p1|Infernape, F|item
|poke|p1|Tyranitar, M|item
|poke|p1|Keldeo|item
|poke|p1|Garchomp, M|item
|poke|p1|Scizor, F|item
|poke|p1|Reuniclus, M|item
|poke|p2|Volcarona, M|item
|poke|p2|Excadrill, F|item
|poke|p2|Jirachi|item
|poke|p2|Breloom, F|item
|poke|p2|Latios, M|item
|poke|p2|Empoleon, M|item
|rule|Sleep Clause Mod: Limit one foe put to sleep
|rule|Species Clause: Limit one of each Pokémon
|rule|OHKO Clause: OHKO moves are banned
|rule|Moody Clause: Moody is banned
|rule|Evasion Moves Clause: Evasion moves are banned
|rule|Endless Battle Clause: Forcing endless battles is banned
|rule|HP Percentage Mod: HP is shown in percentages
|teampreview
|choice||
|
|start
|switch|p1a: Infernape|Infernape, F|100/100
|switch|p2a: Latios|Latios, M|100/100
|turn|1
|choice||
|
|move|p2a: Latios|Psyshock|p1a: Infernape
|-supereffective|p1a: Infernape
|-crit|p1a: Infernape
|-enditem|p1a: Infernape|Focus Sash
|-damage|p1a: Infernape|1/100
|move|p1a: Infernape|Stealth Rock|p2a: Latios
|-sidestart|p2: EG Posho|move: Stealth Rock
|
|turn|2
|choice||
|
|switch|p1a: Tyranitar|Tyranitar, M|100/100
|-weather|Sandstorm|[from] ability: Sand Stream|[of] p1a: Tyranitar
|move|p2a: Latios|Psyshock|p1a: Tyranitar
|-immune|p1a: Tyranitar|[msg]
|
|-weather|Sandstorm|[upkeep]
|-damage|p2a: Latios|95/100|[from] sandstorm
|turn|3
|choice||
|
|-activate|p2a: Latios|move: Pursuit
|move|p1a: Tyranitar|Pursuit|p2a: Latios|[from]Pursuit
|-supereffective|p2a: Latios
|-damage|p2a: Latios|0 fnt
|faint|p2a: Latios
|
|-weather|Sandstorm|[upkeep]
|choice||
|
|switch|p2a: Excadrill|Excadrill, F|100/100
|-damage|p2a: Excadrill|97/100|[from] Stealth Rock
|-ability|p2a: Excadrill|Mold Breaker
|-item|p2a: Excadrill|Air Balloon
|turn|4
|c|★EG Posho|o
|c|★EG Posho|deberia ser rush o boi
|j|golfa
|choice||
|
|switch|p1a: Keldeo|Keldeo|100/100
|move|p2a: Excadrill|Rapid Spin|p1a: Keldeo
|-damage|p1a: Keldeo|93/100
|-sideend|p2: EG Posho|Stealth Rock|[from] move: Rapid Spin|[of] p2a: Excadrill
|
|-weather|Sandstorm|[upkeep]
|-damage|p1a: Keldeo|87/100|[from] sandstorm
|turn|5
|c|★A I Got TM8|no esta ban?
|c|★EG Posho|sand rush
|c|★EG Posho|+ sand stream
|c|★A I Got TM8|no se yo hoy comenze a jugar bw
|c|★A I Got TM8|xd
|choice||
|
|switch|p2a: Breloom|Breloom, F|100/100
|move|p1a: Keldeo|Secret Sword|p2a: Breloom
|-damage|p2a: Breloom|33/100
|
|-weather|Sandstorm|[upkeep]
|-damage|p1a: Keldeo|80/100|[from] sandstorm
|-damage|p2a: Breloom|27/100|[from] sandstorm
|turn|6
|choice||
|
|switch|p2a: Volcarona|Volcarona, M|100/100
|move|p1a: Keldeo|Secret Sword|p2a: Volcarona
|-resisted|p2a: Volcarona
|-damage|p2a: Volcarona|70/100
|
|-weather|Sandstorm|[upkeep]
|-damage|p1a: Keldeo|74/100|[from] sandstorm
|-damage|p2a: Volcarona|64/100|[from] sandstorm
|turn|7
|choice||
|
|switch|p1a: Infernape|Infernape, F|1/100
|switch|p2a: Jirachi|Jirachi|100/100
|
|-weather|Sandstorm|[upkeep]
|-damage|p1a: Infernape|0 fnt|[from] sandstorm
|faint|p1a: Infernape
|choice||
|
|switch|p1a: Reuniclus|Reuniclus, M|100/100
|turn|8
|choice||
|
|move|p2a: Jirachi|Stealth Rock|p1a: Reuniclus
|-sidestart|p1: A I Got TM8|move: Stealth Rock
|move|p1a: Reuniclus|Focus Blast|p2a: Jirachi
|-damage|p2a: Jirachi|67/100
|
|-weather|Sandstorm|[upkeep]
|turn|9
|choice||
|
|move|p2a: Jirachi|Iron Head|p1a: Reuniclus
|-damage|p1a: Reuniclus|78/100
|cant|p1a: Reuniclus|flinch
|
|-weather|Sandstorm|[upkeep]
|-heal|p1a: Reuniclus|84/100|[from] item: Leftovers
|turn|10
|choice||
|
|move|p2a: Jirachi|Iron Head|p1a: Reuniclus
|-damage|p1a: Reuniclus|62/100
|move|p1a: Reuniclus|Focus Blast|p2a: Jirachi
|-damage|p2a: Jirachi|35/100
|
|-weather|Sandstorm|[upkeep]
|-heal|p1a: Reuniclus|68/100|[from] item: Leftovers
|turn|11
|choice||
|
|move|p2a: Jirachi|Iron Head|p1a: Reuniclus
|-damage|p1a: Reuniclus|44/100
|move|p1a: Reuniclus|Recover|p1a: Reuniclus
|-heal|p1a: Reuniclus|94/100
|
|-weather|Sandstorm|[upkeep]
|-heal|p1a: Reuniclus|99/100|[from] item: Leftovers
|turn|12
|choice||
|
|move|p2a: Jirachi|Iron Head|p1a: Reuniclus
|-damage|p1a: Reuniclus|78/100
|cant|p1a: Reuniclus|flinch
|
|-weather|Sandstorm|[upkeep]
|-heal|p1a: Reuniclus|84/100|[from] item: Leftovers
|turn|13
|choice||
|
|switch|p1a: Tyranitar|Tyranitar, M|100/100
|-damage|p1a: Tyranitar|88/100|[from] Stealth Rock
|move|p2a: Jirachi|Iron Head|p1a: Tyranitar
|-supereffective|p1a: Tyranitar
|-damage|p1a: Tyranitar|28/100
|
|-weather|Sandstorm|[upkeep]
|turn|14
|j|Vanitas
|choice||
|
|switch|p2a: Excadrill|Excadrill, F|97/100
|-ability|p2a: Excadrill|Mold Breaker
|-item|p2a: Excadrill|Air Balloon
|move|p1a: Tyranitar|Crunch|p2a: Excadrill
|-resisted|p2a: Excadrill
|-damage|p2a: Excadrill|68/100
|-enditem|p2a: Excadrill|Air Balloon
|
|-weather|Sandstorm|[upkeep]
|turn|15
|choice||
|
|switch|p1a: Reuniclus|Reuniclus, M|84/100
|move|p2a: Excadrill|Earthquake|p1a: Reuniclus
|-damage|p1a: Reuniclus|47/100
|
|-weather|Sandstorm|[upkeep]
|-heal|p1a: Reuniclus|53/100|[from] item: Leftovers
|turn|16
|choice||
|
|move|p2a: Excadrill|Swords Dance|p2a: Excadrill
|-boost|p2a: Excadrill|atk|2
|move|p1a: Reuniclus|Recover|p1a: Reuniclus
|-heal|p1a: Reuniclus|100/100
|
|-weather|Sandstorm|[upkeep]
|turn|17
|choice||
|
|move|p2a: Excadrill|Earthquake|p1a: Reuniclus
|-damage|p1a: Reuniclus|22/100
|move|p1a: Reuniclus|Focus Blast|p2a: Excadrill
|-supereffective|p2a: Excadrill
|-damage|p2a: Excadrill|0 fnt
|faint|p2a: Excadrill
|
|-weather|Sandstorm|[upkeep]
|-heal|p1a: Reuniclus|28/100|[from] item: Leftovers
|choice||
|
|switch|p2a: Breloom|Breloom, F|27/100
|turn|18
|choice||
|
|move|p2a: Breloom|Bullet Seed|p1a: Reuniclus
|-crit|p1a: Reuniclus
|-damage|p1a: Reuniclus|2/100
|-damage|p1a: Reuniclus|0 fnt
|-hitcount|p1a: Reuniclus|2
|faint|p1a: Reuniclus
|
|-weather|Sandstorm|[upkeep]
|-damage|p2a: Breloom|21/100|[from] sandstorm
|choice||
|
|switch|p1a: Garchomp|Garchomp, M|100/100
|-damage|p1a: Garchomp|94/100|[from] Stealth Rock
|turn|19
|choice||
|
|move|p2a: Breloom|Mach Punch|p1a: Garchomp
|-enditem|p2a: Breloom|Fighting Gem|[from] gem|[move] Mach Punch
|-damage|p1a: Garchomp|44/100
|-damage|p2a: Breloom|9/100|[from] ability: Rough Skin|[of] p1a: Garchomp
|move|p1a: Garchomp|Outrage|p2a: Breloom
|-damage|p2a: Breloom|0 fnt
|faint|p2a: Breloom
|
|-weather|Sandstorm|[upkeep]
|choice||
|
|switch|p2a: Jirachi|Jirachi|35/100
|turn|20
|choice||
|
|move|p1a: Garchomp|Outrage|p2a: Jirachi|[from]lockedmove
|-resisted|p2a: Jirachi
|-damage|p2a: Jirachi|0 fnt
|faint|p2a: Jirachi
|
|-weather|Sandstorm|[upkeep]
|choice||
|
|switch|p2a: Empoleon|Empoleon, M|100/100
|turn|21
|choice||
|
|move|p1a: Garchomp|Outrage|p2a: Empoleon|[from]lockedmove
|-resisted|p2a: Empoleon
|-damage|p2a: Empoleon|62/100
|-start|p1a: Garchomp|confusion|[fatigue]
|move|p2a: Empoleon|Agility|p2a: Empoleon
|-boost|p2a: Empoleon|spe|2
|
|-weather|Sandstorm|[upkeep]
|turn|22
|choice||
|
|-activate|p1a: Garchomp|confusion
|-damage|p1a: Garchomp|31/100|[from] confusion
|move|p2a: Empoleon|Substitute|p2a: Empoleon
|-start|p2a: Empoleon|Substitute
|-damage|p2a: Empoleon|37/100
|
|-weather|Sandstorm|[upkeep]
|turn|23
|choice||
|
|-activate|p1a: Garchomp|confusion
|-damage|p1a: Garchomp|17/100|[from] confusion
|move|p2a: Empoleon|Agility|p2a: Empoleon
|-boost|p2a: Empoleon|spe|2
|
|-weather|Sandstorm|[upkeep]
|turn|24
|choice||
|
|move|p2a: Empoleon|Ice Beam|p1a: Garchomp
|-supereffective|p1a: Garchomp
|-damage|p1a: Garchomp|0 fnt
|faint|p1a: Garchomp
|
|-weather|Sandstorm|[upkeep]
|c|★A I Got TM8|puto chomp
|c|★A I Got TM8|q se pega solo
|choice||
|
|switch|p1a: Keldeo|Keldeo|74/100
|-damage|p1a: Keldeo|68/100|[from] Stealth Rock
|turn|25
|choice||
|
|move|p2a: Empoleon|Hydro Pump|p1a: Keldeo
|-resisted|p1a: Keldeo
|-damage|p1a: Keldeo|30/100
|move|p1a: Keldeo|Secret Sword|p2a: Empoleon
|-supereffective|p2a: Empoleon
|-crit|p2a: Empoleon
|-end|p2a: Empoleon|Substitute
|
|-weather|Sandstorm|[upkeep]
|-damage|p1a: Keldeo|24/100|[from] sandstorm
|turn|26
|choice||
|
|move|p2a: Empoleon|Substitute|p2a: Empoleon
|-start|p2a: Empoleon|Substitute
|-damage|p2a: Empoleon|12/100
|-enditem|p2a: Empoleon|Petaya Berry|[eat]
|-boost|p2a: Empoleon|spa|1
|move|p1a: Keldeo|Secret Sword|p2a: Empoleon
|-supereffective|p2a: Empoleon
|-end|p2a: Empoleon|Substitute
|
|-weather|Sandstorm|[upkeep]
|-damage|p1a: Keldeo|18/100|[from] sandstorm
|turn|27
|choice||
|
|move|p2a: Empoleon|Ice Beam|p1a: Keldeo
|-resisted|p1a: Keldeo
|-damage|p1a: Keldeo|0 fnt
|faint|p1a: Keldeo
|
|-weather|Sandstorm|[upkeep]
|choice||
|
|switch|p1a: Scizor|Scizor, F|100/100
|-damage|p1a: Scizor|88/100|[from] Stealth Rock
|turn|28
|c| golfa|why did u sub
|choice||
|
|move|p1a: Scizor|Bullet Punch|p2a: Empoleon
|-resisted|p2a: Empoleon
|-damage|p2a: Empoleon|0 fnt
|-damage|p1a: Scizor|78/100|[from] item: Life Orb
|faint|p2a: Empoleon
|
|-weather|Sandstorm|[upkeep]
|c|★EG Posho|didnt want to risk the miss
|c| golfa|u won by hydro
|choice||
|
|switch|p2a: Volcarona|Volcarona, M|64/100
|turn|29
|choice||
|
|move|p2a: Volcarona|Quiver Dance|p2a: Volcarona
|-boost|p2a: Volcarona|spa|1
|-boost|p2a: Volcarona|spd|1
|-boost|p2a: Volcarona|spe|1
|move|p1a: Scizor|Swords Dance|p1a: Scizor
|-boost|p1a: Scizor|atk|2
|
|-weather|Sandstorm|[upkeep]
|-damage|p2a: Volcarona|58/100|[from] sandstorm
|turn|30
|c|★A I Got TM8|crit
|c|★A I Got TM8|ya
|c| golfa|it 0hkoes
|c| golfa|unless bullky iirc
|c|★EG Posho|idr my spread
|c|★EG Posho|D:
|c| golfa|u throwed it by subbing ngl
|choice||
|
|move|p1a: Scizor|Bullet Punch|p2a: Volcarona
|-resisted|p2a: Volcarona
|-damage|p2a: Volcarona|1/100
|-damage|p1a: Scizor|68/100|[from] item: Life Orb
|move|p2a: Volcarona|Fiery Dance|p1a: Scizor
|-supereffective|p1a: Scizor
|-damage|p1a: Scizor|0 fnt
|-boost|p2a: Volcarona|spa|1
|faint|p1a: Scizor
|
|-weather|Sandstorm|[upkeep]
|-damage|p2a: Volcarona|0 fnt|[from] sandstorm
|faint|p2a: Volcarona
|
|win|A I Got TM8
|player|p1
|player|p2
|c|★EG Posho|prolly
|c|★EG Posho|gg
|raw|A I Got TM8's rating: 1278 &rarr; <strong>1306</strong><br />(+28 for winning)
|raw|EG Posho's rating: 1317 &rarr; <strong>1295</strong><br />(-22 for losing)
|c|★A I Got TM8|gg
|l|EG Posho
|l|Vanitas