|j|☆Blossummm
|j|☆leoperi99
|t:|1715635417
|gametype|singles
|player|p1|Blossummm|roxie|1330
|player|p2|leoperi99|juggler-gen2|1405
|teamsize|p1|6
|teamsize|p2|6
|gen|5
|tier|[Gen 5] OU
|rated|
|rule|Species Clause: Limit one of each Pokémon
|rule|OHKO Clause: OHKO moves are banned
|rule|Moody Clause: Moody is banned
|rule|Evasion Items Clause: Evasion items are banned
|rule|Evasion Moves Clause: Evasion moves are banned
|rule|Endless Battle Clause: Forcing endless battles is banned
|rule|HP Percentage Mod: HP is shown in percentages
|rule|Evasion Abilities Clause: Evasion abilities are banned
|rule|Sleep Moves Clause: Sleep-inducing moves are banned
|rule|Swagger Clause: Swagger is banned
|rule|Baton Pass Stat Clause: No Baton Passer may have a way to boost its stats
|clearpoke
|poke|p1|Tyranitar, F|item
|poke|p1|Alakazam, F|item
|poke|p1|Latios, M|item
|poke|p1|Ferrothorn, F|item
|poke|p1|Keldeo|item
|poke|p1|Landorus-Therian, M|item
|poke|p2|Politoed, M|item
|poke|p2|Tentacruel, F|item
|poke|p2|Ferrothorn, F|item
|poke|p2|Keldeo-Resolute|item
|poke|p2|Thundurus-Therian, M|item
|poke|p2|Latios, M|item
|teampreview
|inactive|Battle timer is ON: inactive players will automatically lose when time's up. (requested by Blossummm)
|
|t:|1715635439
|start
|switch|p1a: Ferrothorn|Ferrothorn, F|100/100
|switch|p2a: Politoed|Politoed, M|100/100
|-weather|RainDance|[from] ability: Drizzle|[of] p2a: Politoed
|turn|1
|
|t:|1715635447
|switch|p2a: Ferrothorn|Ferrothorn, F|100/100
|move|p1a: Ferrothorn|Spikes|p2a: Ferrothorn
|-sidestart|p2: leoperi99|Spikes
|
|-weather|RainDance|[upkeep]
|upkeep
|turn|2
|
|t:|1715635451
|move|p2a: Ferrothorn|Stealth Rock|p1a: Ferrothorn
|-sidestart|p1: Blossummm|move: Stealth Rock
|move|p1a: Ferrothorn|Knock Off|p2a: Ferrothorn
|-resisted|p2a: Ferrothorn
|-damage|p2a: Ferrothorn|99/100
|-damage|p1a: Ferrothorn|88/100|[from] ability: Iron Barbs|[of] p2a: Ferrothorn
|-enditem|p2a: Ferrothorn|Leftovers|[from] move: Knock Off|[of] p1a: Ferrothorn
|
|-weather|RainDance|[upkeep]
|upkeep
|turn|3
|
|t:|1715635453
|switch|p1a: Landorus|Landorus-Therian, M|100/100
|-damage|p1a: Landorus|88/100|[from] Stealth Rock
|-ability|p1a: Landorus|Intimidate|boost
|-unboost|p2a: Ferrothorn|atk|1
|move|p2a: Ferrothorn|Spikes|p1a: Landorus
|-sidestart|p1: Blossummm|Spikes
|
|-weather|RainDance|[upkeep]
|-heal|p1a: Landorus|94/100|[from] item: Leftovers
|upkeep
|turn|4
|
|t:|1715635457
|move|p1a: Landorus|Stealth Rock|p2a: Ferrothorn
|-sidestart|p2: leoperi99|move: Stealth Rock
|move|p2a: Ferrothorn|Knock Off|p1a: Landorus
|-damage|p1a: Landorus|91/100
|-enditem|p1a: Landorus|Leftovers|[from] move: Knock Off|[of] p2a: Ferrothorn
|
|-weather|RainDance|[upkeep]
|upkeep
|turn|5
|
|t:|1715635460
|move|p1a: Landorus|Earthquake|p2a: Ferrothorn
|-damage|p2a: Ferrothorn|58/100
|move|p2a: Ferrothorn|Spikes|p1a: Landorus
|-sidestart|p1: Blossummm|Spikes
|
|-weather|RainDance|[upkeep]
|upkeep
|turn|6
|
|t:|1715635463
|move|p1a: Landorus|Earthquake|p2a: Ferrothorn
|-damage|p2a: Ferrothorn|22/100
|move|p2a: Ferrothorn|Spikes|p1a: Landorus
|-sidestart|p1: Blossummm|Spikes
|
|-weather|RainDance|[upkeep]
|upkeep
|turn|7
|
|t:|1715635475
|switch|p2a: Latios|Latios, M|100/100
|-damage|p2a: Latios|88/100|[from] Stealth Rock
|move|p1a: Landorus|Hidden Power|p2a: Latios
|-supereffective|p2a: Latios
|-damage|p2a: Latios|56/100
|
|-weather|RainDance|[upkeep]
|upkeep
|turn|8
|
|t:|1715635486
|switch|p1a: Ferrothorn|Ferrothorn, F|88/100
|-damage|p1a: Ferrothorn|82/100|[from] Stealth Rock
|-damage|p1a: Ferrothorn|57/100|[from] Spikes
|move|p2a: Latios|Draco Meteor|p1a: Ferrothorn
|-resisted|p1a: Ferrothorn
|-damage|p1a: Ferrothorn|17/100
|-unboost|p2a: Latios|spa|2
|
|-weather|RainDance|[upkeep]
|upkeep
|turn|9
|
|t:|1715635495
|switch|p2a: Tentacruel|Tentacruel, F|100/100
|-damage|p2a: Tentacruel|88/100|[from] Spikes
|-damage|p2a: Tentacruel|76/100|[from] Stealth Rock
|move|p1a: Ferrothorn|Gyro Ball|p2a: Tentacruel
|-resisted|p2a: Tentacruel
|-damage|p2a: Tentacruel|42/100
|
|-weather|RainDance|[upkeep]
|-heal|p2a: Tentacruel|48/100|[from] ability: Rain Dish
|-heal|p2a: Tentacruel|54/100|[from] item: Black Sludge
|upkeep
|turn|10
|
|t:|1715635497
|move|p2a: Tentacruel|Rapid Spin|p1a: Ferrothorn
|-resisted|p1a: Ferrothorn
|-crit|p1a: Ferrothorn
|-damage|p1a: Ferrothorn|15/100
|-damage|p2a: Tentacruel|42/100|[from] ability: Iron Barbs|[of] p1a: Ferrothorn
|-sideend|p2: leoperi99|Spikes|[from] move: Rapid Spin|[of] p2a: Tentacruel
|-sideend|p2: leoperi99|Stealth Rock|[from] move: Rapid Spin|[of] p2a: Tentacruel
|move|p1a: Ferrothorn|Power Whip|p2a: Tentacruel
|-damage|p2a: Tentacruel|0 fnt
|faint|p2a: Tentacruel
|
|-weather|RainDance|[upkeep]
|upkeep
|
|t:|1715635505
|switch|p2a: Thundurus|Thundurus-Therian, M|100/100
|turn|11
|
|t:|1715635513
|move|p2a: Thundurus|Substitute|p2a: Thundurus
|-start|p2a: Thundurus|Substitute
|-damage|p2a: Thundurus|76/100
|move|p1a: Ferrothorn|Spikes|p2a: Thundurus
|-sidestart|p2: leoperi99|Spikes
|
|-weather|RainDance|[upkeep]
|-heal|p2a: Thundurus|82/100|[from] item: Leftovers
|upkeep
|turn|12
|
|t:|1715635517
|move|p2a: Thundurus|Hidden Power|p1a: Ferrothorn
|-damage|p1a: Ferrothorn|0 fnt
|faint|p1a: Ferrothorn
|
|-weather|RainDance|[upkeep]
|-heal|p2a: Thundurus|88/100|[from] item: Leftovers
|upkeep
|
|t:|1715635522
|switch|p1a: Tyranitar|Tyranitar, F, shiny|100/100
|-damage|p1a: Tyranitar|88/100|[from] Stealth Rock
|-damage|p1a: Tyranitar|63/100|[from] Spikes
|-weather|Sandstorm|[from] ability: Sand Stream|[of] p1a: Tyranitar
|turn|13
|
|t:|1715635528
|move|p2a: Thundurus|Focus Blast|p1a: Tyranitar
|-supereffective|p1a: Tyranitar
|-enditem|p1a: Tyranitar|Chople Berry|[eat]
|-enditem|p1a: Tyranitar|Chople Berry|[weaken]
|-damage|p1a: Tyranitar|27/100
|move|p1a: Tyranitar|Crunch|p2a: Thundurus
|-end|p2a: Thundurus|Substitute
|
|-weather|Sandstorm|[upkeep]
|-damage|p2a: Thundurus|82/100|[from] Sandstorm
|-heal|p2a: Thundurus|88/100|[from] item: Leftovers
|upkeep
|turn|14
|
|t:|1715635534
|move|p2a: Thundurus|Focus Blast|p1a: Tyranitar|[miss]
|-miss|p2a: Thundurus|p1a: Tyranitar
|move|p1a: Tyranitar|Crunch|p2a: Thundurus
|-damage|p2a: Thundurus|48/100
|
|-weather|Sandstorm|[upkeep]
|-damage|p2a: Thundurus|42/100|[from] Sandstorm
|-heal|p2a: Thundurus|48/100|[from] item: Leftovers
|upkeep
|turn|15
|
|t:|1715635540
|move|p2a: Thundurus|Focus Blast|p1a: Tyranitar
|-supereffective|p1a: Tyranitar
|-damage|p1a: Tyranitar|0 fnt
|faint|p1a: Tyranitar
|
|-weather|Sandstorm|[upkeep]
|-damage|p2a: Thundurus|42/100|[from] Sandstorm
|-heal|p2a: Thundurus|48/100|[from] item: Leftovers
|upkeep
|
|t:|1715635555
|switch|p1a: Keldeo|Keldeo|100/100
|-damage|p1a: Keldeo|94/100|[from] Stealth Rock
|-damage|p1a: Keldeo|70/100|[from] Spikes
|turn|16
|j| CertamenMeum
|
|t:|1715635567
|switch|p2a: Keldeo|Keldeo-Resolute|100/100
|-damage|p2a: Keldeo|88/100|[from] Spikes
|move|p1a: Keldeo|Scald|p2a: Keldeo
|-resisted|p2a: Keldeo
|-crit|p2a: Keldeo
|-damage|p2a: Keldeo|42/100
|-status|p2a: Keldeo|brn
|
|-weather|Sandstorm|[upkeep]
|-damage|p2a: Keldeo|36/100 brn|[from] Sandstorm
|-damage|p1a: Keldeo|63/100|[from] Sandstorm
|-heal|p1a: Keldeo|70/100|[from] item: Leftovers
|-damage|p2a: Keldeo|23/100 brn|[from] brn
|upkeep
|turn|17
|
|t:|1715635574
|move|p1a: Keldeo|Protect|p1a: Keldeo
|-singleturn|p1a: Keldeo|Protect
|move|p2a: Keldeo|Secret Sword|p1a: Keldeo
|-activate|p1a: Keldeo|move: Protect
|
|-weather|Sandstorm|[upkeep]
|-damage|p2a: Keldeo|17/100 brn|[from] Sandstorm
|-damage|p1a: Keldeo|63/100|[from] Sandstorm
|-heal|p1a: Keldeo|70/100|[from] item: Leftovers
|-damage|p2a: Keldeo|5/100 brn|[from] brn
|upkeep
|turn|18
|c|☆leoperi99|wtf a crit
|
|t:|1715635587
|move|p1a: Keldeo|Protect||[still]
|-fail|p1a: Keldeo
|move|p2a: Keldeo|Secret Sword|p1a: Keldeo
|-damage|p1a: Keldeo|22/100
|
|-weather|Sandstorm|[upkeep]
|-damage|p2a: Keldeo|0 fnt|[from] Sandstorm
|-damage|p1a: Keldeo|16/100|[from] Sandstorm
|faint|p2a: Keldeo
|-heal|p1a: Keldeo|22/100|[from] item: Leftovers
|upkeep
|
|t:|1715635595
|switch|p2a: Latios|Latios, M|56/100
|turn|19
|
|t:|1715635602
|move|p2a: Latios|Dragon Pulse|p1a: Keldeo
|-damage|p1a: Keldeo|0 fnt
|faint|p1a: Keldeo
|
|-weather|Sandstorm|[upkeep]
|-damage|p2a: Latios|50/100|[from] Sandstorm
|upkeep
|
|t:|1715635613
|switch|p1a: Alakazam|Alakazam, F|100/100
|turn|20
|c|☆leoperi99|whatever
|c|☆leoperi99|you only win this by hax
|
|t:|1715635617
|switch|p2a: Ferrothorn|Ferrothorn, F|22/100
|-damage|p2a: Ferrothorn|9/100|[from] Spikes
|move|p1a: Alakazam|Shadow Ball|p2a: Ferrothorn
|-resisted|p2a: Ferrothorn
|-damage|p2a: Ferrothorn|0 fnt
|faint|p2a: Ferrothorn
|
|-weather|Sandstorm|[upkeep]
|upkeep
|
|t:|1715635619
|switch|p2a: Politoed|Politoed, M|100/100
|-damage|p2a: Politoed|88/100|[from] Spikes
|-weather|RainDance|[from] ability: Drizzle|[of] p2a: Politoed
|turn|21
|
|t:|1715635622
|move|p2a: Politoed|Protect|p2a: Politoed
|-singleturn|p2a: Politoed|Protect
|move|p1a: Alakazam|Psychic|p2a: Politoed
|-activate|p2a: Politoed|move: Protect
|
|-weather|RainDance|[upkeep]
|-heal|p2a: Politoed|94/100|[from] item: Leftovers
|upkeep
|turn|22
|
|t:|1715635625
|move|p1a: Alakazam|Psychic|p2a: Politoed
|-damage|p2a: Politoed|54/100
|move|p2a: Politoed|Scald|p1a: Alakazam
|-crit|p1a: Alakazam
|-damage|p1a: Alakazam|0 fnt
|faint|p1a: Alakazam
|
|-weather|RainDance|[upkeep]
|-heal|p2a: Politoed|60/100|[from] item: Leftovers
|upkeep
|c|☆leoperi99|oh
|c|☆leoperi99|not sash
|
|t:|1715635630
|switch|p1a: Latios|Latios, M|100/100
|-damage|p1a: Latios|88/100|[from] Stealth Rock
|turn|23
|
|t:|1715635639
|move|p2a: Politoed|Protect|p2a: Politoed
|-singleturn|p2a: Politoed|Protect
|move|p1a: Latios|Dragon Pulse|p2a: Politoed
|-activate|p2a: Politoed|move: Protect
|
|-weather|RainDance|[upkeep]
|-heal|p2a: Politoed|66/100|[from] item: Leftovers
|upkeep
|turn|24
|
|t:|1715635657
|move|p1a: Latios|Dragon Pulse|p2a: Politoed
|-damage|p2a: Politoed|33/100
|move|p2a: Politoed|Scald|p1a: Latios
|-resisted|p1a: Latios
|-damage|p1a: Latios|68/100
|
|-weather|RainDance|[upkeep]
|-heal|p2a: Politoed|39/100|[from] item: Leftovers
|upkeep
|turn|25
|
|t:|1715635661
|move|p2a: Politoed|Protect|p2a: Politoed
|-singleturn|p2a: Politoed|Protect
|move|p1a: Latios|Dragon Pulse|p2a: Politoed
|-activate|p2a: Politoed|move: Protect
|
|-weather|RainDance|[upkeep]
|-heal|p2a: Politoed|45/100|[from] item: Leftovers
|upkeep
|turn|26
|
|t:|1715635664
|move|p1a: Latios|Dragon Pulse|p2a: Politoed
|-damage|p2a: Politoed|14/100
|move|p2a: Politoed|Scald|p1a: Latios
|-resisted|p1a: Latios
|-damage|p1a: Latios|46/100
|
|-weather|RainDance|[upkeep]
|-heal|p2a: Politoed|20/100|[from] item: Leftovers
|upkeep
|turn|27
|
|t:|1715635668
|move|p2a: Politoed|Protect|p2a: Politoed
|-singleturn|p2a: Politoed|Protect
|move|p1a: Latios|Dragon Pulse|p2a: Politoed
|-activate|p2a: Politoed|move: Protect
|
|-weather|RainDance|[upkeep]
|-heal|p2a: Politoed|26/100|[from] item: Leftovers
|upkeep
|turn|28
|c|☆leoperi99|ofc i get no scald burns
|
|t:|1715635673
|move|p2a: Politoed|Protect||[still]
|-fail|p2a: Politoed
|move|p1a: Latios|Dragon Pulse|p2a: Politoed
|-damage|p2a: Politoed|0 fnt
|faint|p2a: Politoed
|
|-weather|RainDance|[upkeep]
|upkeep
|
|t:|1715635675
|switch|p2a: Latios|Latios, M|50/100
|turn|29
|c|☆leoperi99|but no
|
|t:|1715635679
|move|p1a: Latios|Dragon Pulse|p2a: Latios
|-supereffective|p2a: Latios
|-damage|p2a: Latios|0 fnt
|faint|p2a: Latios
|
|-weather|RainDance|[upkeep]
|upkeep
|c|☆leoperi99|you get turn 1'
|c|☆leoperi99|crit
|
|t:|1715635684
|switch|p2a: Thundurus|Thundurus-Therian, M|48/100
|turn|30
|c|☆Blossummm|i woulda done toxic
|
|t:|1715635688
|move|p1a: Latios|Dragon Pulse|p2a: Thundurus
|-damage|p2a: Thundurus|0 fnt
|faint|p2a: Thundurus
|
|win|Blossummm
|raw|Blossummm's rating: 1330 &rarr; <strong>1354</strong><br />(+24 for winning)
|raw|leoperi99's rating: 1405 &rarr; <strong>1381</strong><br />(-24 for losing)
|c|☆leoperi99|whatever
|c|☆Blossummm|gg
|c|☆leoperi99|nuh uh
|c|☆leoperi99|shit game
|l|☆leoperi99
|player|p2|
|c|☆Blossummm|skibdi toilet
