|j|☆xpeps_10
|j|☆chomp29
|t:|1734016996
|gametype|singles
|player|p1|xpeps_10|gentleman-gen4|1354
|player|p2|chomp29|#capplxwutangclants|1467
|teamsize|p1|6
|teamsize|p2|6
|gen|5
|tier|[Gen 5] OU
|rated|
|rule|Species Clause: Limit one of each Pokémon
|rule|OHKO Clause: OHKO moves are banned
|rule|Moody Clause: Moody is banned
|rule|Evasion Items Clause: Evasion items are banned
|rule|Evasion Moves Clause: Evasion moves are banned
|rule|Endless Battle Clause: Forcing endless battles is banned
|rule|HP Percentage Mod: HP is shown in percentages
|rule|Evasion Abilities Clause: Evasion abilities are banned
|rule|Sleep Moves Clause: Sleep-inducing moves are banned
|rule|Swagger Clause: Swagger is banned
|rule|Baton Pass Stat Clause: No Baton Passer may have a way to boost its stats
|clearpoke
|poke|p1|Politoed, F|item
|poke|p1|Thundurus-Therian, M|item
|poke|p1|Starmie|item
|poke|p1|Mamoswine, M|item
|poke|p1|Ferrothorn, M|item
|poke|p1|Keldeo|item
|poke|p2|Kyurem-Black|item
|poke|p2|Metagross|item
|poke|p2|Bronzong|item
|poke|p2|Breloom, F|item
|poke|p2|Excadrill, F|item
|poke|p2|Sharpedo, M|item
|teampreview
|inactive|Battle timer is ON: inactive players will automatically lose when time's up. (requested by chomp29)
|
|t:|1734017007
|start
|switch|p1a: Ferrothorn|Ferrothorn, M|100/100
|switch|p2a: Bronzong|Bronzong|100/100
|turn|1
|
|t:|1734017011
|move|p2a: Bronzong|Trick|p1a: Ferrothorn
|-activate|p2a: Bronzong|move: Trick|[of] p1a: Ferrothorn
|-item|p1a: Ferrothorn|Choice Band|[from] move: Trick
|-item|p2a: Bronzong|Leftovers|[from] move: Trick
|move|p1a: Ferrothorn|Stealth Rock|p2a: Bronzong
|-sidestart|p2: chomp29|move: Stealth Rock
|
|upkeep
|turn|2
|
|t:|1734017018
|switch|p1a: Politoed|Politoed, F, shiny|100/100
|-weather|RainDance|[from] ability: Drizzle|[of] p1a: Politoed
|move|p2a: Bronzong|Stealth Rock|p1a: Politoed
|-sidestart|p1: xpeps_10|move: Stealth Rock
|
|-weather|RainDance|[upkeep]
|upkeep
|turn|3
|
|t:|1734017025
|move|p1a: Politoed|Encore|p2a: Bronzong
|-start|p2a: Bronzong|Encore
|move|p2a: Bronzong|Stealth Rock||[still]
|-fail|p2a: Bronzong
|
|-weather|RainDance|[upkeep]
|upkeep
|turn|4
|
|t:|1734017034
|move|p1a: Politoed|Scald|p2a: Bronzong
|-damage|p2a: Bronzong|69/100
|move|p2a: Bronzong|Stealth Rock||[still]
|-fail|p2a: Bronzong
|
|-weather|RainDance|[upkeep]
|-heal|p2a: Bronzong|76/100|[from] item: Leftovers
|upkeep
|turn|5
|
|t:|1734017039
|move|p1a: Politoed|Scald|p2a: Bronzong
|-damage|p2a: Bronzong|43/100
|move|p2a: Bronzong|Stealth Rock||[still]
|-fail|p2a: Bronzong
|
|-weather|RainDance|[upkeep]
|-heal|p2a: Bronzong|49/100|[from] item: Leftovers
|-end|p2a: Bronzong|Encore
|upkeep
|turn|6
|
|t:|1734017044
|switch|p2a: Breloom|Breloom, F|100/100
|-damage|p2a: Breloom|94/100|[from] Stealth Rock
|move|p1a: Politoed|Scald|p2a: Breloom
|-resisted|p2a: Breloom
|-damage|p2a: Breloom|59/100
|
|-weather|RainDance|[upkeep]
|upkeep
|turn|7
|
|t:|1734017050
|move|p2a: Breloom|Superpower|p1a: Politoed
|-damage|p1a: Politoed|0 fnt
|-unboost|p2a: Breloom|atk|1
|-unboost|p2a: Breloom|def|1
|faint|p1a: Politoed
|
|-weather|RainDance|[upkeep]
|upkeep
|
|t:|1734017065
|switch|p1a: Starmie|Starmie|100/100
|-damage|p1a: Starmie|88/100|[from] Stealth Rock
|-item|p1a: Starmie|Air Balloon
|turn|8
|
|t:|1734017069
|move|p1a: Starmie|Ice Beam|p2a: Breloom
|-supereffective|p2a: Breloom
|-damage|p2a: Breloom|0 fnt
|faint|p2a: Breloom
|
|-weather|RainDance|[upkeep]
|upkeep
|
|t:|1734017093
|switch|p2a: Excadrill|Excadrill, F|100/100
|-damage|p2a: Excadrill|97/100|[from] Stealth Rock
|turn|9
|
|t:|1734017097
|move|p1a: Starmie|Surf|p2a: Excadrill
|-supereffective|p2a: Excadrill
|-damage|p2a: Excadrill|0 fnt
|faint|p2a: Excadrill
|
|-weather|RainDance|[upkeep]
|upkeep
|
|t:|1734017101
|switch|p2a: Kyurem|Kyurem-Black|100/100
|-damage|p2a: Kyurem|76/100|[from] Stealth Rock
|-ability|p2a: Kyurem|Teravolt
|turn|10
|
|t:|1734017110
|switch|p1a: Ferrothorn|Ferrothorn, M|100/100
|-damage|p1a: Ferrothorn|94/100|[from] Stealth Rock
|move|p2a: Kyurem|Outrage|p1a: Ferrothorn
|-resisted|p1a: Ferrothorn
|-damage|p1a: Ferrothorn|50/100
|-damage|p2a: Kyurem|63/100|[from] ability: Iron Barbs|[of] p1a: Ferrothorn
|
|-weather|RainDance|[upkeep]
|upkeep
|turn|11
|
|t:|1734017116
|move|p2a: Kyurem|Outrage|p1a: Ferrothorn|[from]lockedmove
|-resisted|p1a: Ferrothorn
|-damage|p1a: Ferrothorn|2/100
|-damage|p2a: Kyurem|51/100|[from] ability: Iron Barbs|[of] p1a: Ferrothorn
|move|p1a: Ferrothorn|Gyro Ball|p2a: Kyurem
|-supereffective|p2a: Kyurem
|-damage|p2a: Kyurem|0 fnt
|faint|p2a: Kyurem
|
|-weather|RainDance|[upkeep]
|upkeep
|
|t:|1734017136
|switch|p2a: Sharpedo|Sharpedo, M|100/100
|-damage|p2a: Sharpedo|88/100|[from] Stealth Rock
|turn|12
|
|t:|1734017139
|move|p2a: Sharpedo|Waterfall|p1a: Ferrothorn
|-resisted|p1a: Ferrothorn
|-damage|p1a: Ferrothorn|0 fnt
|-damage|p2a: Sharpedo|76/100|[from] ability: Iron Barbs|[of] p1a: Ferrothorn
|faint|p1a: Ferrothorn
|
|-weather|RainDance|[upkeep]
|-ability|p2a: Sharpedo|Speed Boost|boost
|-boost|p2a: Sharpedo|spe|1
|upkeep
|
|t:|1734017144
|switch|p1a: Keldeo|Keldeo|100/100
|-damage|p1a: Keldeo|94/100|[from] Stealth Rock
|turn|13
|
|t:|1734017146
|move|p1a: Keldeo|Secret Sword|p2a: Sharpedo
|-supereffective|p2a: Sharpedo
|-damage|p2a: Sharpedo|0 fnt
|faint|p2a: Sharpedo
|
|-weather|RainDance|[upkeep]
|upkeep
|
|t:|1734017150
|switch|p2a: Metagross|Metagross|100/100
|-damage|p2a: Metagross|95/100|[from] Stealth Rock
|turn|14
|
|t:|1734017154
|switch|p1a: Thundurus|Thundurus-Therian, M|100/100
|-damage|p1a: Thundurus|76/100|[from] Stealth Rock
|move|p2a: Metagross|Meteor Mash|p1a: Thundurus|[miss]
|-miss|p2a: Metagross|p1a: Thundurus
|
|-weather|RainDance|[upkeep]
|-heal|p1a: Thundurus|82/100|[from] item: Leftovers
|upkeep
|turn|15
|
|t:|1734017157
|move|p1a: Thundurus|Thunder|p2a: Metagross
|-damage|p2a: Metagross|9/100
|-status|p2a: Metagross|par
|move|p2a: Metagross|Meteor Mash|p1a: Thundurus
|-resisted|p1a: Thundurus
|-damage|p1a: Thundurus|22/100
|-boost|p2a: Metagross|atk|1
|
|-weather|RainDance|[upkeep]
|-heal|p1a: Thundurus|29/100|[from] item: Leftovers
|upkeep
|turn|16
|c|☆chomp29|Dang
|c|☆xpeps_10|Sorry lol
|c|☆chomp29|Not enough choice bands
|c|☆chomp29|Nah not thst lol
|inactive|chomp29 has 120 seconds left.
|c|☆chomp29|!showteam
|c| chomp29|/raw <div class="infobox"><details><summary>View team</summary>Kyurem (Kyurem-Black) @ Choice Band  <br />Ability: Teravolt  <br />EVs: 252 Atk &#x2f; 40 Def &#x2f; 216 Spe  <br />Adamant Nature  <br />- Outrage  <br />- Dragon Claw  <br />- Fusion Bolt  <br />- Freeze Shock  <br /><br />Metagross @ Choice Band  <br />Ability: Clear Body  <br />EVs: 4 HP &#x2f; 252 Atk &#x2f; 252 Spe  <br />Jolly Nature  <br />- Meteor Mash  <br />- Zen Headbutt  <br />- Hammer Arm  <br />- Pursuit  <br /><br />Bronzong @ Choice Band  <br />Ability: Levitate  <br />EVs: 252 HP &#x2f; 252 Atk &#x2f; 4 SpD  <br />Brave Nature  <br />IVs: 0 Spe  <br />- Trick  <br />- Stealth Rock  <br />- Gyro Ball  <br />- Explosion  <br /><br />Breloom (F) @ Choice Band  <br />Ability: Technician  <br />EVs: 252 Atk &#x2f; 4 SpD &#x2f; 252 Spe  <br />Adamant Nature  <br />- Low Sweep  <br />- Superpower  <br />- Mach Punch  <br />- Bullet Seed  <br /><br />Excadrill (F) @ Choice Band  <br />Ability: Sand Force  <br />EVs: 252 Atk &#x2f; 4 SpD &#x2f; 252 Spe  <br />Jolly Nature  <br />- Earthquake  <br />- Iron Head  <br />- Shadow Claw  <br />- Rapid Spin  <br /><br />Sharpedo (M) @ Choice Band  <br />Ability: Speed Boost  <br />EVs: 252 Atk &#x2f; 4 SpD &#x2f; 252 Spe  <br />Adamant Nature  <br />- Waterfall  <br />- Crunch  <br />- Earthquake  <br />- Ice Fang  <br /><br /></details></div>
|c|☆chomp29|Gg
|-message|chomp29 forfeited.
|
|win|xpeps_10
|raw|xpeps_10's rating: 1354 &rarr; <strong>1380</strong><br />(+26 for winning)
|raw|chomp29's rating: 1467 &rarr; <strong>1441</strong><br />(-26 for losing)
|c|☆xpeps_10|Damn
|c|☆xpeps_10|Only choice lol
|c|☆chomp29|Yuh
|c|☆xpeps_10|GG btw
|l|☆chomp29
|player|p2|
