|j|☆test gyter
|j|☆Luciferian Towers
|player|p1|test gyter|psychicf-gen3
|player|p2|Luciferian Towers|33
|teamsize|p1|6
|teamsize|p2|6
|gametype|singles
|gen|5
|tier|[Gen 5] OU
|rated|
|rule|Sleep Clause Mod: Limit one foe put to sleep
|rule|Species Clause: Limit one of each Pokémon
|rule|OHKO Clause: OHKO moves are banned
|rule|Moody Clause: Moody is banned
|rule|Evasion Moves Clause: Evasion moves are banned
|rule|Endless Battle Clause: Forcing endless battles is banned
|rule|HP Percentage Mod: HP is shown in percentages
|rule|Evasion Abilities Clause: Evasion abilities are banned
|rule|Baton Pass Clause: Limit one Baton Passer, can't pass Spe and other stats simultaneously
|rule|Swagger Clause: Swagger is banned
|clearpoke
|poke|p1|Politoed, F|item
|poke|p1|Latios, M|item
|poke|p1|Tornadus, M|item
|poke|p1|Excadrill, M|item
|poke|p1|Ferrothorn, F|item
|poke|p1|Keldeo|item
|poke|p2|Jirachi|item
|poke|p2|Garchomp, M|item
|poke|p2|Slowking, M|item
|poke|p2|Mamoswine, M|item
|poke|p2|Hydreigon, F|item
|poke|p2|Breloom, F|item
|teampreview
|
|start
|switch|p1a: Politoed|Politoed, F|383/383
|switch|p2a: Starlight|Jirachi|351/351
|-weather|RainDance|[from] ability: Drizzle|[of] p1a: Politoed
|turn|1
|
|move|p2a: Starlight|Thunder|p1a: Politoed
|-supereffective|p1a: Politoed
|-damage|p1a: Politoed|123/383
|-status|p1a: Politoed|par
|cant|p1a: Politoed|par
|
|-weather|RainDance|[upkeep]
|upkeep
|turn|2
|
|switch|p2a: Brynhildr|Breloom, F|289/289
|switch|p1a: Excadrill|Excadrill, M|361/361
|-item|p1a: Excadrill|Air Balloon
|
|-weather|RainDance|[upkeep]
|upkeep
|turn|3
|
|switch|p1a: Latios|Latios, M|301/301
|move|p2a: Brynhildr|Spore|p1a: Latios
|-status|p1a: Latios|slp|[from] move: Spore
|
|-weather|RainDance|[upkeep]
|upkeep
|turn|4
|
|switch|p2a: Starlight|Jirachi|351/351
|cant|p1a: Latios|slp
|move|p1a: Latios|Sleep Talk|p1a: Latios
|move|p1a: Latios|Surf|p2a: Starlight|[from]Sleep Talk
|-damage|p2a: Starlight|105/351
|
|-weather|RainDance|[upkeep]
|upkeep
|turn|5
|
|cant|p1a: Latios|slp
|move|p1a: Latios|Sleep Talk|p1a: Latios
|move|p1a: Latios|Dragon Pulse|p2a: Starlight|[from]Sleep Talk
|-resisted|p2a: Starlight
|-damage|p2a: Starlight|0 fnt
|faint|p2a: Starlight
|
|-weather|RainDance|[upkeep]
|upkeep
|
|switch|p2a: Rexcalibur|Slowking, M|394/394
|turn|6
|
|switch|p1a: Ferrothorn|Ferrothorn, F|352/352
|switch|p2a: Brynhildr|Breloom, F|289/289
|
|-weather|RainDance|[upkeep]
|upkeep
|turn|7
|
|-singleturn|p2a: Brynhildr|move: Focus Punch
|switch|p1a: Latios|Latios, M|301/301 slp
|move|p2a: Brynhildr|Focus Punch|p1a: Latios
|-enditem|p2a: Brynhildr|Fighting Gem|[from] gem|[move] Focus Punch
|-resisted|p1a: Latios
|-damage|p1a: Latios|31/301 slp
|
|-weather|RainDance|[upkeep]
|upkeep
|turn|8
|
|switch|p1a: Politoed|Politoed, F|123/383 par
|move|p2a: Brynhildr|Mach Punch|p1a: Politoed
|-damage|p1a: Politoed|0 fnt
|faint|p1a: Politoed
|
|-weather|RainDance|[upkeep]
|upkeep
|
|switch|p1a: Tornadus|Tornadus, M|299/299
|turn|9
|
|switch|p2a: Rexcalibur|Slowking, M|394/394
|move|p1a: Tornadus|Hurricane|p2a: Rexcalibur
|-damage|p2a: Rexcalibur|151/394
|-damage|p1a: Tornadus|270/299|[from] item: Life Orb
|
|-weather|RainDance|[upkeep]
|-heal|p2a: Rexcalibur|175/394|[from] item: Leftovers
|upkeep
|turn|10
|
|switch|p2a: Grima's Truth|Hydreigon, F|325/325
|move|p1a: Tornadus|Hurricane|p2a: Grima's Truth
|-damage|p2a: Grima's Truth|44/325
|-damage|p1a: Tornadus|241/299|[from] item: Life Orb
|
|-weather|RainDance|[upkeep]
|upkeep
|turn|11
|
|switch|p1a: Ferrothorn|Ferrothorn, F|352/352
|move|p2a: Grima's Truth|Fire Blast|p1a: Ferrothorn
|-supereffective|p1a: Ferrothorn
|-damage|p1a: Ferrothorn|102/352
|-damage|p2a: Grima's Truth|12/325|[from] item: Life Orb
|
|-weather|RainDance|[upkeep]
|-heal|p1a: Ferrothorn|124/352|[from] item: Leftovers
|upkeep
|turn|12
|
|switch|p1a: Keldeo|Keldeo|323/323
|move|p2a: Grima's Truth|Fire Blast|p1a: Keldeo
|-resisted|p1a: Keldeo
|-damage|p1a: Keldeo|275/323
|-damage|p2a: Grima's Truth|0 fnt|[from] item: Life Orb
|faint|p2a: Grima's Truth
|
|-weather|RainDance|[upkeep]
|upkeep
|
|switch|p2a: Rexcalibur|Slowking, M|306/394
|turn|13
|
|switch|p1a: Ferrothorn|Ferrothorn, F|124/352
|move|p2a: Rexcalibur|Scald|p1a: Ferrothorn
|-resisted|p1a: Ferrothorn
|-damage|p1a: Ferrothorn|52/352
|
|-weather|RainDance|[upkeep]
|-heal|p2a: Rexcalibur|330/394|[from] item: Leftovers
|-heal|p1a: Ferrothorn|74/352|[from] item: Leftovers
|upkeep
|turn|14
|
|move|p2a: Rexcalibur|Fire Blast|p1a: Ferrothorn
|-supereffective|p1a: Ferrothorn
|-damage|p1a: Ferrothorn|0 fnt
|faint|p1a: Ferrothorn
|
|-weather|RainDance|[upkeep]
|-heal|p2a: Rexcalibur|354/394|[from] item: Leftovers
|upkeep
|
|switch|p1a: Latios|Latios, M|31/301 slp
|turn|15
|
|cant|p1a: Latios|slp
|move|p1a: Latios|Sleep Talk|p1a: Latios
|move|p1a: Latios|Dragon Pulse|p2a: Rexcalibur|[from]Sleep Talk
|-damage|p2a: Rexcalibur|158/394
|move|p2a: Rexcalibur|Slack Off|p2a: Rexcalibur
|-heal|p2a: Rexcalibur|355/394
|
|-weather|RainDance|[upkeep]
|-heal|p2a: Rexcalibur|379/394|[from] item: Leftovers
|upkeep
|turn|16
|
|cant|p1a: Latios|slp
|move|p1a: Latios|Sleep Talk|p1a: Latios
|move|p1a: Latios|Surf|p2a: Rexcalibur|[from]Sleep Talk
|-resisted|p2a: Rexcalibur
|-damage|p2a: Rexcalibur|264/394
|move|p2a: Rexcalibur|Slack Off|p2a: Rexcalibur
|-heal|p2a: Rexcalibur|394/394
|
|-weather|RainDance|[upkeep]
|upkeep
|turn|17
|
|-curestatus|p1a: Latios|slp|[msg]
|move|p1a: Latios|Sleep Talk||[still]
|-fail|p1a: Latios
|move|p2a: Rexcalibur|Slack Off||[still]
|-fail|p2a: Rexcalibur
|
|-weather|RainDance|[upkeep]
|upkeep
|turn|18
|
|switch|p1a: Keldeo|Keldeo|275/323
|move|p2a: Rexcalibur|Scald|p1a: Keldeo
|-resisted|p1a: Keldeo
|-damage|p1a: Keldeo|176/323
|
|-weather|RainDance|[upkeep]
|upkeep
|turn|19
|
|switch|p1a: Excadrill|Excadrill, M|361/361
|-item|p1a: Excadrill|Air Balloon
|move|p2a: Rexcalibur|Psyshock|p1a: Excadrill
|-resisted|p1a: Excadrill
|-damage|p1a: Excadrill|264/361
|-enditem|p1a: Excadrill|Air Balloon
|
|-weather|RainDance|[upkeep]
|upkeep
|turn|20
|
|move|p1a: Excadrill|Earthquake|p2a: Rexcalibur
|-damage|p2a: Rexcalibur|138/394
|move|p2a: Rexcalibur|Scald|p1a: Excadrill
|-supereffective|p1a: Excadrill
|-damage|p1a: Excadrill|0 fnt
|faint|p1a: Excadrill
|
|-weather|RainDance|[upkeep]
|-heal|p2a: Rexcalibur|162/394|[from] item: Leftovers
|upkeep
|
|switch|p1a: Tornadus|Tornadus, M|241/299
|turn|21
|
|switch|p2a: Brynhildr|Breloom, F|289/289
|move|p1a: Tornadus|Hurricane|p2a: Brynhildr
|-supereffective|p2a: Brynhildr
|-damage|p2a: Brynhildr|0 fnt
|-damage|p1a: Tornadus|212/299|[from] item: Life Orb
|faint|p2a: Brynhildr
|
|-weather|RainDance|[upkeep]
|upkeep
|
|switch|p2a: Loptous|Garchomp, M|357/357
|turn|22
|
|switch|p1a: Latios|Latios, M|31/301
|move|p2a: Loptous|Dual Chop|p1a: Latios
|-supereffective|p1a: Latios
|-damage|p1a: Latios|0 fnt
|-hitcount|p1a: Latios|1
|faint|p1a: Latios
|
|-weather|RainDance|[upkeep]
|upkeep
|
|switch|p1a: Keldeo|Keldeo|176/323
|turn|23
|
|move|p1a: Keldeo|Hydro Pump|p2a: Loptous
|-damage|p2a: Loptous|0 fnt
|faint|p2a: Loptous
|
|-weather|RainDance|[upkeep]
|upkeep
|
|switch|p2a: Rexcalibur|Slowking, M|293/394
|turn|24
|
|switch|p1a: Tornadus|Tornadus, M|212/299
|move|p2a: Rexcalibur|Scald|p1a: Tornadus
|-damage|p1a: Tornadus|0 fnt
|faint|p1a: Tornadus
|
|-weather|RainDance|[upkeep]
|-heal|p2a: Rexcalibur|317/394|[from] item: Leftovers
|upkeep
|-message|test gyter forfeited.
|
|win|Luciferian Towers
|l|☆test gyter
|raw|test gyter's rating: 1379 &rarr; <strong>1354</strong><br />(-25 for losing)
|raw|Luciferian Towers's rating: 1290 &rarr; <strong>1321</strong><br />(+31 for winning)
