|j|A I Got TM8
|j|Hisui Nagare
|player|p1|A I Got TM8|77
|player|p2|Hisui Nagare|25
|gametype|singles
|gen|5
|tier|[Gen 5] OU
|rated
|seed|
|rule|Evasion Abilities Clause: Evasion abilities are banned
|rule|Baton Pass Clause: Limit one Baton Passer, can't pass Spe and other stats simultaneously
|clearpoke
|poke|p1|Infernape, F|item
|poke|p1|Tyranitar, F|item
|poke|p1|Keldeo|item
|poke|p1|Garchomp, F|item
|poke|p1|Scizor, F|item
|poke|p1|Reuniclus, F|item
|poke|p2|Gliscor, M|item
|poke|p2|Gothitelle, M|item
|poke|p2|Tyranitar, F|item
|poke|p2|Mamoswine, F|item
|poke|p2|Rotom-Wash|item
|poke|p2|Scizor, F|item
|rule|Sleep Clause Mod: Limit one foe put to sleep
|rule|Species Clause: Limit one of each Pokémon
|rule|OHKO Clause: OHKO moves are banned
|rule|Moody Clause: Moody is banned
|rule|Evasion Moves Clause: Evasion moves are banned
|rule|Endless Battle Clause: Forcing endless battles is banned
|rule|HP Percentage Mod: HP is shown in percentages
|teampreview
|choice||
|
|start
|switch|p1a: Infernape|Infernape, F|100/100
|switch|p2a: Mamoswine|Mamoswine, F|100/100
|turn|1
|choice||
|
|switch|p2a: Gothitelle|Gothitelle, M|100/100
|move|p1a: Infernape|Fire Blast|p2a: Gothitelle
|-damage|p2a: Gothitelle|55/100
|
|turn|2
|choice||
|
|move|p2a: Gothitelle|Psyshock|p1a: Infernape
|-supereffective|p1a: Infernape
|-damage|p1a: Infernape|13/100
|move|p1a: Infernape|Stealth Rock|p2a: Gothitelle
|-sidestart|p2: Hisui Nagare|move: Stealth Rock
|
|turn|3
|choice||
|
|move|p2a: Gothitelle|Psyshock|p1a: Infernape
|-supereffective|p1a: Infernape
|-damage|p1a: Infernape|0 fnt
|faint|p1a: Infernape
|
|choice||
|
|switch|p1a: Tyranitar|Tyranitar, F|100/100
|-weather|Sandstorm|[from] ability: Sand Stream|[of] p1a: Tyranitar
|turn|4
|choice||
|
|-activate|p2a: Gothitelle|move: Pursuit
|move|p1a: Tyranitar|Pursuit|p2a: Gothitelle|[from]Pursuit
|-supereffective|p2a: Gothitelle
|-damage|p2a: Gothitelle|0 fnt
|faint|p2a: Gothitelle
|
|-weather|Sandstorm|[upkeep]
|choice||
|
|switch|p2a: Mamoswine|Mamoswine, F|100/100
|-damage|p2a: Mamoswine|88/100|[from] Stealth Rock
|turn|5
|choice||
|
|switch|p1a: Keldeo|Keldeo|100/100
|move|p2a: Mamoswine|Earthquake|p1a: Keldeo
|-damage|p1a: Keldeo|20/100
|-damage|p2a: Mamoswine|78/100|[from] item: Life Orb
|
|-weather|Sandstorm|[upkeep]
|-damage|p1a: Keldeo|14/100|[from] sandstorm
|turn|6
|choice||
|
|switch|p2a: Tyranitar|Tyranitar, F|100/100
|-damage|p2a: Tyranitar|88/100|[from] Stealth Rock
|move|p1a: Keldeo|Scald|p2a: Tyranitar
|-supereffective|p2a: Tyranitar
|-damage|p2a: Tyranitar|53/100
|
|-weather|Sandstorm|[upkeep]
|-damage|p1a: Keldeo|7/100|[from] sandstorm
|turn|7
|j|golfa
|choice||
|
|move|p1a: Keldeo|Scald|p2a: Tyranitar
|-supereffective|p2a: Tyranitar
|-damage|p2a: Tyranitar|19/100
|move|p2a: Tyranitar|Stealth Rock|p1a: Keldeo
|-sidestart|p1: A I Got TM8|move: Stealth Rock
|
|-weather|Sandstorm|[upkeep]
|-damage|p1a: Keldeo|1/100|[from] sandstorm
|turn|8
|choice||
|
|move|p1a: Keldeo|Scald|p2a: Tyranitar
|-supereffective|p2a: Tyranitar
|-damage|p2a: Tyranitar|0 fnt
|faint|p2a: Tyranitar
|
|-weather|Sandstorm|[upkeep]
|-damage|p1a: Keldeo|0 fnt|[from] sandstorm
|faint|p1a: Keldeo
|choice||
|
|switch|p2a: Mamoswine|Mamoswine, F|78/100
|switch|p1a: Reuniclus|Reuniclus, F|100/100
|-damage|p2a: Mamoswine|66/100|[from] Stealth Rock
|turn|9
|choice||
|
|move|p2a: Mamoswine|Earthquake|p1a: Reuniclus
|-damage|p1a: Reuniclus|53/100
|-damage|p2a: Mamoswine|56/100|[from] item: Life Orb
|move|p1a: Reuniclus|Focus Blast|p2a: Mamoswine
|-supereffective|p2a: Mamoswine
|-damage|p2a: Mamoswine|0 fnt
|faint|p2a: Mamoswine
|
|-weather|Sandstorm|[upkeep]
|-heal|p1a: Reuniclus|59/100|[from] item: Leftovers
|choice||
|
|switch|p2a: Scizor|Scizor, F|100/100
|-damage|p2a: Scizor|88/100|[from] Stealth Rock
|turn|10
|choice||
|
|move|p2a: Scizor|U-turn|p1a: Reuniclus
|-supereffective|p1a: Reuniclus
|-damage|p1a: Reuniclus|0 fnt
|faint|p1a: Reuniclus
|choice||
|
|switch|p2a: Rotom|Rotom-Wash|100/100
|-damage|p2a: Rotom|88/100|[from] Stealth Rock
|
|-weather|Sandstorm|[upkeep]
|-damage|p2a: Rotom|82/100|[from] sandstorm
|-heal|p2a: Rotom|88/100|[from] item: Leftovers
|choice||
|
|switch|p1a: Tyranitar|Tyranitar, F|100/100
|-damage|p1a: Tyranitar|88/100|[from] Stealth Rock
|turn|11
|choice||
|
|move|p1a: Tyranitar|Crunch|p2a: Rotom
|-damage|p2a: Rotom|42/100
|move|p2a: Rotom|Will-O-Wisp|p1a: Tyranitar
|-status|p1a: Tyranitar|brn
|
|-weather|Sandstorm|[upkeep]
|-damage|p2a: Rotom|35/100|[from] sandstorm
|-heal|p2a: Rotom|42/100|[from] item: Leftovers
|-damage|p1a: Tyranitar|76/100 brn|[from] brn
|turn|12
|choice||
|
|move|p1a: Tyranitar|Crunch|p2a: Rotom
|-damage|p2a: Rotom|18/100
|move|p2a: Rotom|Pain Split|p1a: Tyranitar
|-sethp|p1a: Tyranitar|46/100 brn|p2a: Rotom|51/100|[from] move: Pain Split
|
|-weather|Sandstorm|[upkeep]
|-damage|p2a: Rotom|45/100|[from] sandstorm
|-heal|p2a: Rotom|51/100|[from] item: Leftovers
|-damage|p1a: Tyranitar|34/100 brn|[from] brn
|turn|13
|choice||
|
|switch|p2a: Gliscor|Gliscor, M|100/100
|-damage|p2a: Gliscor|88/100|[from] Stealth Rock
|move|p1a: Tyranitar|Crunch|p2a: Gliscor
|-damage|p2a: Gliscor|67/100
|
|-weather|Sandstorm|[upkeep]
|-damage|p1a: Tyranitar|21/100 brn|[from] brn
|turn|14
|choice||
|
|move|p1a: Tyranitar|Crunch|p2a: Gliscor
|-damage|p2a: Gliscor|48/100
|move|p2a: Gliscor|Swords Dance|p2a: Gliscor
|-boost|p2a: Gliscor|atk|2
|
|-weather|Sandstorm|[upkeep]
|-damage|p1a: Tyranitar|9/100 brn|[from] brn
|turn|15
|choice||
|
|move|p1a: Tyranitar|Crunch|p2a: Gliscor
|-damage|p2a: Gliscor|27/100
|move|p2a: Gliscor|Earthquake|p1a: Tyranitar
|-supereffective|p1a: Tyranitar
|-damage|p1a: Tyranitar|0 fnt
|faint|p1a: Tyranitar
|
|-weather|Sandstorm|[upkeep]
|choice||
|
|switch|p1a: Garchomp|Garchomp, F|100/100
|-damage|p1a: Garchomp|94/100|[from] Stealth Rock
|turn|16
|choice||
|
|move|p1a: Garchomp|Outrage|p2a: Gliscor
|-damage|p2a: Gliscor|0 fnt
|faint|p2a: Gliscor
|
|-weather|Sandstorm|[upkeep]
|choice||
|
|switch|p2a: Scizor|Scizor, F|88/100
|-damage|p2a: Scizor|75/100|[from] Stealth Rock
|turn|17
|choice||
|
|move|p2a: Scizor|Bullet Punch|p1a: Garchomp
|-damage|p1a: Garchomp|43/100
|-damage|p2a: Scizor|63/100|[from] ability: Rough Skin|[of] p1a: Garchomp
|move|p1a: Garchomp|Outrage|p2a: Scizor|[from]lockedmove
|-resisted|p2a: Scizor
|-damage|p2a: Scizor|31/100
|
|-weather|Sandstorm|[upkeep]
|turn|18
|choice||
|
|move|p2a: Scizor|Bullet Punch|p1a: Garchomp
|-damage|p1a: Garchomp|0 fnt
|-damage|p2a: Scizor|19/100|[from] ability: Rough Skin|[of] p1a: Garchomp
|faint|p1a: Garchomp
|
|-weather|Sandstorm|[upkeep]
|choice||
|
|switch|p1a: Scizor|Scizor, F|100/100
|-damage|p1a: Scizor|88/100|[from] Stealth Rock
|turn|19
|choice||
|
|move|p2a: Scizor|Bullet Punch|p1a: Scizor
|-resisted|p1a: Scizor
|-damage|p1a: Scizor|62/100
|move|p1a: Scizor|Swords Dance|p1a: Scizor
|-boost|p1a: Scizor|atk|2
|
|-weather|Sandstorm|[upkeep]
|turn|20
|choice||
|
|move|p2a: Scizor|Bullet Punch|p1a: Scizor
|-resisted|p1a: Scizor
|-damage|p1a: Scizor|35/100
|move|p1a: Scizor|Roost|p1a: Scizor
|-heal|p1a: Scizor|85/100
|
|-weather|Sandstorm|[upkeep]
|turn|21
|choice||
|
|move|p2a: Scizor|Bullet Punch|p1a: Scizor
|-resisted|p1a: Scizor
|-crit|p1a: Scizor
|-damage|p1a: Scizor|37/100
|move|p1a: Scizor|Swords Dance|p1a: Scizor
|-boost|p1a: Scizor|atk|2
|
|-weather|Sandstorm|[upkeep]
|turn|22
|choice||
|
|switch|p2a: Rotom|Rotom-Wash|51/100
|-damage|p2a: Rotom|39/100|[from] Stealth Rock
|move|p1a: Scizor|Roost|p1a: Scizor
|-heal|p1a: Scizor|87/100
|
|-weather|Sandstorm|[upkeep]
|-damage|p2a: Rotom|33/100|[from] sandstorm
|-heal|p2a: Rotom|39/100|[from] item: Leftovers
|turn|23
|choice||
|
|move|p2a: Rotom|Will-O-Wisp|p1a: Scizor
|-status|p1a: Scizor|brn
|move|p1a: Scizor|Superpower|p2a: Rotom
|-crit|p2a: Rotom
|-damage|p2a: Rotom|0 fnt
|-unboost|p1a: Scizor|atk|1
|-unboost|p1a: Scizor|def|1
|-damage|p1a: Scizor|77/100 brn|[from] item: Life Orb
|faint|p2a: Rotom
|
|-weather|Sandstorm|[upkeep]
|-damage|p1a: Scizor|64/100 brn|[from] brn
|choice||
|
|switch|p2a: Scizor|Scizor, F|19/100
|-damage|p2a: Scizor|6/100|[from] Stealth Rock
|turn|24
|choice||
|
|move|p1a: Scizor|Bullet Punch|p2a: Scizor
|-resisted|p2a: Scizor
|-damage|p2a: Scizor|0 fnt
|-damage|p1a: Scizor|54/100 brn|[from] item: Life Orb
|faint|p2a: Scizor
|
|win|A I Got TM8
|player|p1
|player|p2
|c|★A I Got TM8|gg
|raw|A I Got TM8's rating: 1291 &rarr; <strong>1322</strong><br />(+31 for winning)
|raw|Hisui Nagare's rating: 1366 &rarr; <strong>1342</strong><br />(-24 for losing)
|l|Hisui Nagare