|join|ross geller
|join|Kahan
|player|p1|ross geller|25
|player|p2|Kahan|105
|gametype|singles
|gen|5
|tier|[Gen 5] OU
|rated
|rule|Evasion Abilities Clause: Evasion abilities are banned
|clearpoke
|poke|p1|Ferrothorn, M
|poke|p1|Heatran, M
|poke|p1|Jellicent, M
|poke|p1|Jolteon, M
|poke|p1|Landorus-Therian, M, shiny
|poke|p1|Hitmontop, M
|poke|p2|Breloom, M
|poke|p2|Kyurem-Black
|poke|p2|Jellicent, M
|poke|p2|Jirachi
|poke|p2|Donphan, F
|poke|p2|Tyranitar, F
|rule|Sleep Clause Mod: Limit one foe put to sleep
|rule|Species Clause: Limit one of each Pokemon
|rule|OHKO Clause: OHKO moves are banned
|rule|Moody Clause: Moody is banned
|rule|Evasion Moves Clause: Evasion moves are banned
|rule|Endless Battle Clause: Forcing endless battles is banned.
|rule|HP Percentage Mod: HP is reported as percentages
|teampreview
|
|start
|switch|p1a: Landorus-Therian|Landorus-Therian, M, shiny|354/354
|switch|p2a: Breloom|Breloom, M|264/264
|-ability|p1a: Landorus-Therian|Intimidate|[of] p2a: Breloom
|-unboost|p2a: Breloom|atk|1
|turn|1
|
|move|p1a: Landorus-Therian|Hidden Power|p2a: Breloom
|-supereffective|p2a: Breloom
|-damage|p2a: Breloom|0 fnt
|faint|p2a: Breloom
|
|
|switch|p2a: Kyurem-Black|Kyurem-Black|405/405
|-ability|p2a: Kyurem-Black|Teravolt
|turn|2
|chat|ross geller|i thought lead breloom always had a sash?
|chat|Kahan|n
|
|switch|p1a: Heatran|Heatran, M|386/386
|move|p2a: Kyurem-Black|Ice Beam|p1a: Heatran
|-resisted|p1a: Heatran
|-damage|p1a: Heatran|357/386
|
|-heal|p1a: Heatran|381/386|[from] item: Leftovers
|turn|3
|chat|Kahan|Max spa 
|chat|Kahan|Lmao
|chat|ross geller|whaaa?
|chat|ross geller|incredible scenes
|
|move|p1a: Heatran|Protect|p1a: Heatran
|-singleturn|p1a: Heatran|Protect
|move|p2a: Kyurem-Black|Earth Power|p1a: Heatran
|-activate|p1a: Heatran|Protect
|
|-heal|p1a: Heatran|386/386|[from] item: Leftovers
|turn|4
|
|move|p2a: Kyurem-Black|Substitute|p2a: Kyurem-Black
|-start|p2a: Kyurem-Black|Substitute
|-damage|p2a: Kyurem-Black|304/405
|move|p1a: Heatran|Stealth Rock|p2a: Kyurem-Black
|-sidestart|p2: Kahan|move: Stealth Rock
|
|-heal|p2a: Kyurem-Black|329/405|[from] item: Leftovers
|turn|5
|
|move|p2a: Kyurem-Black|Earth Power|p1a: Heatran
|-supereffective|p1a: Heatran
|-damage|p1a: Heatran|110/386
|-unboost|p1a: Heatran|spd|1
|move|p1a: Heatran|Roar|p2a: Kyurem-Black
|drag|p2a: Tyranitar|Tyranitar, F|341/341
|-damage|p2a: Tyranitar|299/341|[from] Stealth Rock
|-weather|Sandstorm|[from] ability: Sand Stream|[of] p2a: Tyranitar
|
|-weather|Sandstorm|[upkeep]
|-heal|p1a: Heatran|134/386|[from] item: Leftovers
|turn|6
|
|switch|p1a: Hitmontop|Hitmontop, M|304/304
|-ability|p1a: Hitmontop|Intimidate|[of] p2a: Tyranitar
|-unboost|p2a: Tyranitar|atk|1
|move|p2a: Tyranitar|Stone Edge|p1a: Hitmontop
|-resisted|p1a: Hitmontop
|-damage|p1a: Hitmontop|250/304
|
|-weather|Sandstorm|[upkeep]
|-damage|p1a: Hitmontop|231/304|[from] sandstorm
|-heal|p1a: Hitmontop|250/304|[from] item: Leftovers
|turn|7
|
|switch|p2a: Jellicent|Jellicent, M|403/403
|-damage|p2a: Jellicent|353/403|[from] Stealth Rock
|switch|p1a: Ferrothorn|Ferrothorn, M|352/352
|
|-weather|Sandstorm|[upkeep]
|-damage|p2a: Jellicent|328/403|[from] sandstorm
|-heal|p2a: Jellicent|353/403|[from] item: Leftovers
|turn|8
|
|move|p2a: Jellicent|Taunt|p1a: Ferrothorn
|-start|p1a: Ferrothorn|move: Taunt
|cant|p1a: Ferrothorn|move: Taunt|Leech Seed
|
|-weather|Sandstorm|[upkeep]
|-damage|p2a: Jellicent|328/403|[from] sandstorm
|-heal|p2a: Jellicent|353/403|[from] item: Leftovers
|turn|9
|
|move|p2a: Jellicent|Will-O-Wisp|p1a: Ferrothorn
|-status|p1a: Ferrothorn|brn
|move|p1a: Ferrothorn|Power Whip|p2a: Jellicent
|-supereffective|p2a: Jellicent
|-damage|p2a: Jellicent|221/403
|
|-weather|Sandstorm|[upkeep]
|-damage|p2a: Jellicent|196/403|[from] sandstorm
|-heal|p2a: Jellicent|221/403|[from] item: Leftovers
|-damage|p1a: Ferrothorn|308/352 brn|[from] brn
|turn|10
|
|move|p2a: Jellicent|Scald|p1a: Ferrothorn
|-resisted|p1a: Ferrothorn
|-damage|p1a: Ferrothorn|272/352 brn
|move|p1a: Ferrothorn|Power Whip|p2a: Jellicent|[miss]
|-miss|p1a: Ferrothorn|p2a: Jellicent
|
|-weather|Sandstorm|[upkeep]
|-damage|p2a: Jellicent|196/403|[from] sandstorm
|-heal|p2a: Jellicent|221/403|[from] item: Leftovers
|-heal|p1a: Ferrothorn|294/352 brn|[from] item: Leftovers
|-damage|p1a: Ferrothorn|250/352 brn|[from] brn
|-end|p1a: Ferrothorn|move: Taunt
|turn|11
|
|move|p2a: Jellicent|Taunt|p1a: Ferrothorn
|-start|p1a: Ferrothorn|move: Taunt
|move|p1a: Ferrothorn|Power Whip|p2a: Jellicent|[miss]
|-miss|p1a: Ferrothorn|p2a: Jellicent
|
|-weather|Sandstorm|[upkeep]
|-damage|p2a: Jellicent|196/403|[from] sandstorm
|-heal|p2a: Jellicent|221/403|[from] item: Leftovers
|-heal|p1a: Ferrothorn|272/352 brn|[from] item: Leftovers
|-damage|p1a: Ferrothorn|228/352 brn|[from] brn
|turn|12
|
|move|p2a: Jellicent|Recover|p2a: Jellicent
|-heal|p2a: Jellicent|403/403
|move|p1a: Ferrothorn|Power Whip|p2a: Jellicent|[miss]
|-miss|p1a: Ferrothorn|p2a: Jellicent
|
|-weather|Sandstorm|[upkeep]
|-damage|p2a: Jellicent|378/403|[from] sandstorm
|-heal|p2a: Jellicent|403/403|[from] item: Leftovers
|-heal|p1a: Ferrothorn|250/352 brn|[from] item: Leftovers
|-damage|p1a: Ferrothorn|206/352 brn|[from] brn
|turn|13
|chat|ross geller|...
|
|switch|p1a: Jellicent|Jellicent, M|404/404
|move|p2a: Jellicent|Scald|p1a: Jellicent
|-immune|p1a: Jellicent|[msg]
|
|-weather|Sandstorm|[upkeep]
|-damage|p1a: Jellicent|379/404|[from] sandstorm
|-damage|p2a: Jellicent|378/403|[from] sandstorm
|-heal|p1a: Jellicent|404/404|[from] item: Leftovers
|-heal|p2a: Jellicent|403/403|[from] item: Leftovers
|turn|14
|
|move|p1a: Jellicent|Taunt|p2a: Jellicent
|-start|p2a: Jellicent|move: Taunt
|cant|p2a: Jellicent|move: Taunt|Taunt
|
|-weather|Sandstorm|[upkeep]
|-damage|p1a: Jellicent|379/404|[from] sandstorm
|-damage|p2a: Jellicent|378/403|[from] sandstorm
|-heal|p1a: Jellicent|404/404|[from] item: Leftovers
|-heal|p2a: Jellicent|403/403|[from] item: Leftovers
|turn|15
|
|switch|p2a: Jirachi|Jirachi|403/403
|-damage|p2a: Jirachi|378/403|[from] Stealth Rock
|move|p1a: Jellicent|Will-O-Wisp|p2a: Jirachi
|-status|p2a: Jirachi|brn
|
|-weather|Sandstorm|[upkeep]
|-damage|p1a: Jellicent|379/404|[from] sandstorm
|-heal|p2a: Jirachi|403/403 brn|[from] item: Leftovers
|-heal|p1a: Jellicent|404/404|[from] item: Leftovers
|-damage|p2a: Jirachi|353/403 brn|[from] brn
|turn|16
|join|immatureprick
|
|switch|p2a: Kyurem-Black|Kyurem-Black|329/405
|-damage|p2a: Kyurem-Black|228/405|[from] Stealth Rock
|-ability|p2a: Kyurem-Black|Teravolt
|move|p1a: Jellicent|Taunt|p2a: Kyurem-Black
|-start|p2a: Kyurem-Black|move: Taunt
|
|-weather|Sandstorm|[upkeep]
|-damage|p2a: Kyurem-Black|203/405|[from] sandstorm
|-damage|p1a: Jellicent|379/404|[from] sandstorm
|-heal|p2a: Kyurem-Black|228/405|[from] item: Leftovers
|-heal|p1a: Jellicent|404/404|[from] item: Leftovers
|turn|17
|
|move|p2a: Kyurem-Black|Fusion Bolt|p1a: Jellicent
|-supereffective|p1a: Jellicent
|-damage|p1a: Jellicent|76/404
|move|p1a: Jellicent|Will-O-Wisp|p2a: Kyurem-Black
|-status|p2a: Kyurem-Black|brn
|
|-weather|Sandstorm|[upkeep]
|-damage|p2a: Kyurem-Black|203/405 brn|[from] sandstorm
|-damage|p1a: Jellicent|51/404|[from] sandstorm
|-heal|p2a: Kyurem-Black|228/405 brn|[from] item: Leftovers
|-heal|p1a: Jellicent|76/404|[from] item: Leftovers
|-damage|p2a: Kyurem-Black|178/405 brn|[from] brn
|turn|18
|
|move|p2a: Kyurem-Black|Earth Power|p1a: Jellicent
|-damage|p1a: Jellicent|0 fnt
|faint|p1a: Jellicent
|
|-weather|Sandstorm|[upkeep]
|-damage|p2a: Kyurem-Black|153/405 brn|[from] sandstorm
|-heal|p2a: Kyurem-Black|178/405 brn|[from] item: Leftovers
|-damage|p2a: Kyurem-Black|128/405 brn|[from] brn
|
|switch|p1a: Landorus-Therian|Landorus-Therian, M, shiny|354/354
|-ability|p1a: Landorus-Therian|Intimidate|[of] p2a: Kyurem-Black
|-unboost|p2a: Kyurem-Black|atk|1
|turn|19
|
|switch|p2a: Donphan|Donphan, F|383/383
|-damage|p2a: Donphan|360/383|[from] Stealth Rock
|move|p1a: Landorus-Therian|Earthquake|p2a: Donphan
|-damage|p2a: Donphan|221/383
|
|-weather|Sandstorm|[upkeep]
|-heal|p2a: Donphan|244/383|[from] item: Leftovers
|turn|20
|
|switch|p1a: Ferrothorn|Ferrothorn, M|206/352 brn
|move|p2a: Donphan|Rapid Spin|p1a: Ferrothorn
|-resisted|p1a: Ferrothorn
|-damage|p1a: Ferrothorn|198/352 brn
|-damage|p2a: Donphan|197/383|[from] ability: Iron Barbs|[of] p1a: Ferrothorn
|-sideend|p2: Kahan|Stealth Rock|[from] move: Rapid Spin|[of] p2a: Donphan
|
|-weather|Sandstorm|[upkeep]
|-heal|p2a: Donphan|220/383|[from] item: Leftovers
|-heal|p1a: Ferrothorn|220/352 brn|[from] item: Leftovers
|-damage|p1a: Ferrothorn|176/352 brn|[from] brn
|turn|21
|
|move|p2a: Donphan|Stealth Rock|p1a: Ferrothorn
|-sidestart|p1: ross geller|move: Stealth Rock
|move|p1a: Ferrothorn|Leech Seed|p2a: Donphan
|-start|p2a: Donphan|move: Leech Seed
|
|-weather|Sandstorm|[upkeep]
|-heal|p2a: Donphan|243/383|[from] item: Leftovers
|-heal|p1a: Ferrothorn|198/352 brn|[from] item: Leftovers
|-damage|p2a: Donphan|196/383|[from] Leech Seed|[of] p1a: Ferrothorn
|-heal|p1a: Ferrothorn|245/352 brn|[silent]
|-damage|p1a: Ferrothorn|201/352 brn|[from] brn
|turn|22
|
|switch|p2a: Jirachi|Jirachi|353/403 brn
|move|p1a: Ferrothorn|Spikes|p2a: Jirachi
|-sidestart|p2: Kahan|Spikes
|
|-weather|Sandstorm|[upkeep]
|-heal|p2a: Jirachi|378/403 brn|[from] item: Leftovers
|-heal|p1a: Ferrothorn|223/352 brn|[from] item: Leftovers
|-damage|p2a: Jirachi|328/403 brn|[from] brn
|-damage|p1a: Ferrothorn|179/352 brn|[from] brn
|turn|23
|
|move|p2a: Jirachi|Wish|p2a: Jirachi
|move|p1a: Ferrothorn|Spikes|p2a: Jirachi
|-sidestart|p2: Kahan|Spikes
|
|-weather|Sandstorm|[upkeep]
|-heal|p2a: Jirachi|353/403 brn|[from] item: Leftovers
|-heal|p1a: Ferrothorn|201/352 brn|[from] item: Leftovers
|-damage|p2a: Jirachi|303/403 brn|[from] brn
|-damage|p1a: Ferrothorn|157/352 brn|[from] brn
|turn|24
|
|switch|p2a: Kyurem-Black|Kyurem-Black|128/405 brn
|-damage|p2a: Kyurem-Black|61/405 brn|[from] Spikes
|-ability|p2a: Kyurem-Black|Teravolt
|move|p1a: Ferrothorn|Leech Seed|p2a: Kyurem-Black
|-start|p2a: Kyurem-Black|move: Leech Seed
|
|-weather|Sandstorm|[upkeep]
|-damage|p2a: Kyurem-Black|36/405 brn|[from] sandstorm
|-heal|p2a: Kyurem-Black|237/405 brn|[from] move: Wish|[wisher] Jirachi
|-heal|p2a: Kyurem-Black|262/405 brn|[from] item: Leftovers
|-heal|p1a: Ferrothorn|179/352 brn|[from] item: Leftovers
|-damage|p2a: Kyurem-Black|212/405 brn|[from] Leech Seed|[of] p1a: Ferrothorn
|-heal|p1a: Ferrothorn|229/352 brn|[silent]
|-damage|p2a: Kyurem-Black|162/405 brn|[from] brn
|-damage|p1a: Ferrothorn|185/352 brn|[from] brn
|turn|25
|
|switch|p2a: Jellicent|Jellicent, M|403/403
|-damage|p2a: Jellicent|336/403|[from] Spikes
|move|p1a: Ferrothorn|Spikes|p2a: Jellicent
|-sidestart|p2: Kahan|Spikes
|
|-weather|Sandstorm|[upkeep]
|-damage|p2a: Jellicent|311/403|[from] sandstorm
|-heal|p2a: Jellicent|336/403|[from] item: Leftovers
|-heal|p1a: Ferrothorn|207/352 brn|[from] item: Leftovers
|-damage|p1a: Ferrothorn|163/352 brn|[from] brn
|turn|26
|
|switch|p1a: Jolteon|Jolteon, M|272/272
|-damage|p1a: Jolteon|238/272|[from] Stealth Rock
|move|p2a: Jellicent|Taunt|p1a: Jolteon
|-start|p1a: Jolteon|move: Taunt
|
|-weather|Sandstorm|[upkeep]
|-damage|p1a: Jolteon|221/272|[from] sandstorm
|-damage|p2a: Jellicent|311/403|[from] sandstorm
|-heal|p2a: Jellicent|336/403|[from] item: Leftovers
|turn|27
|
|switch|p2a: Tyranitar|Tyranitar, F|299/341
|-damage|p2a: Tyranitar|214/341|[from] Spikes
|move|p1a: Jolteon|Shadow Ball|p2a: Tyranitar
|-resisted|p2a: Tyranitar
|-damage|p2a: Tyranitar|183/341
|
|-weather|Sandstorm|[upkeep]
|-damage|p1a: Jolteon|204/272|[from] sandstorm
|turn|28
|
|move|p2a: Tyranitar|Pursuit|p1a: Jolteon|[from]Pursuit
|-damage|p1a: Jolteon|0 fnt
|faint|p1a: Jolteon
|
|-weather|Sandstorm|[upkeep]
|
|switch|p1a: Heatran|Heatran, M|134/386
|-damage|p1a: Heatran|86/386|[from] Stealth Rock
|turn|29
|
|switch|p2a: Jirachi|Jirachi|303/403 brn
|-damage|p2a: Jirachi|203/403 brn|[from] Spikes
|move|p1a: Heatran|Roar|p2a: Jirachi
|drag|p2a: Jellicent|Jellicent, M|336/403
|-damage|p2a: Jellicent|236/403|[from] Spikes
|
|-weather|Sandstorm|[upkeep]
|-damage|p2a: Jellicent|211/403|[from] sandstorm
|-heal|p1a: Heatran|110/386|[from] item: Leftovers
|-heal|p2a: Jellicent|236/403|[from] item: Leftovers
|turn|30
|
|move|p1a: Heatran|Lava Plume|p2a: Jellicent
|-resisted|p2a: Jellicent
|-damage|p2a: Jellicent|179/403
|-status|p2a: Jellicent|brn
|move|p2a: Jellicent|Scald|p1a: Heatran
|-supereffective|p1a: Heatran
|-damage|p1a: Heatran|0 fnt
|faint|p1a: Heatran
|
|-weather|Sandstorm|[upkeep]
|-damage|p2a: Jellicent|154/403 brn|[from] sandstorm
|-heal|p2a: Jellicent|179/403 brn|[from] item: Leftovers
|-damage|p2a: Jellicent|129/403 brn|[from] brn
|
|switch|p1a: Hitmontop|Hitmontop, M|250/304
|-damage|p1a: Hitmontop|231/304|[from] Stealth Rock
|-ability|p1a: Hitmontop|Intimidate|[of] p2a: Jellicent
|-unboost|p2a: Jellicent|atk|1
|turn|31
|
|move|p1a: Hitmontop|Foresight|p2a: Jellicent
|-start|p2a: Jellicent|Foresight
|move|p2a: Jellicent|Recover|p2a: Jellicent
|-heal|p2a: Jellicent|331/403 brn
|
|-weather|Sandstorm|[upkeep]
|-damage|p1a: Hitmontop|212/304|[from] sandstorm
|-damage|p2a: Jellicent|306/403 brn|[from] sandstorm
|-heal|p1a: Hitmontop|231/304|[from] item: Leftovers
|-heal|p2a: Jellicent|331/403 brn|[from] item: Leftovers
|-damage|p2a: Jellicent|281/403 brn|[from] brn
|turn|32
|
|move|p1a: Hitmontop|Rapid Spin|p2a: Jellicent
|-damage|p2a: Jellicent|265/403 brn
|-sideend|p1: ross geller|Stealth Rock|[from] move: Rapid Spin|[of] p1a: Hitmontop
|move|p2a: Jellicent|Will-O-Wisp|p1a: Hitmontop
|-status|p1a: Hitmontop|brn
|
|-weather|Sandstorm|[upkeep]
|-damage|p1a: Hitmontop|212/304 brn|[from] sandstorm
|-damage|p2a: Jellicent|240/403 brn|[from] sandstorm
|-heal|p1a: Hitmontop|231/304 brn|[from] item: Leftovers
|-heal|p2a: Jellicent|265/403 brn|[from] item: Leftovers
|-damage|p1a: Hitmontop|193/304 brn|[from] brn
|-damage|p2a: Jellicent|215/403 brn|[from] brn
|turn|33
|
|move|p1a: Hitmontop|Close Combat|p2a: Jellicent
|-damage|p2a: Jellicent|145/403 brn
|-unboost|p1a: Hitmontop|def|1
|-unboost|p1a: Hitmontop|spd|1
|move|p2a: Jellicent|Recover|p2a: Jellicent
|-heal|p2a: Jellicent|347/403 brn
|
|-weather|Sandstorm|[upkeep]
|-damage|p1a: Hitmontop|174/304 brn|[from] sandstorm
|-damage|p2a: Jellicent|322/403 brn|[from] sandstorm
|-heal|p1a: Hitmontop|193/304 brn|[from] item: Leftovers
|-heal|p2a: Jellicent|347/403 brn|[from] item: Leftovers
|-damage|p1a: Hitmontop|155/304 brn|[from] brn
|-damage|p2a: Jellicent|297/403 brn|[from] brn
|turn|34
|
|move|p1a: Hitmontop|Close Combat|p2a: Jellicent
|-damage|p2a: Jellicent|219/403 brn
|-unboost|p1a: Hitmontop|def|1
|-unboost|p1a: Hitmontop|spd|1
|move|p2a: Jellicent|Scald|p1a: Hitmontop
|-damage|p1a: Hitmontop|2/304 brn
|
|-weather|Sandstorm|[upkeep]
|-damage|p1a: Hitmontop|0 fnt|[from] sandstorm
|-damage|p2a: Jellicent|194/403 brn|[from] sandstorm
|-heal|p2a: Jellicent|219/403 brn|[from] item: Leftovers
|-damage|p2a: Jellicent|169/403 brn|[from] brn
|faint|p1a: Hitmontop
|
|switch|p1a: Landorus-Therian|Landorus-Therian, M, shiny|354/354
|-ability|p1a: Landorus-Therian|Intimidate|[of] p2a: Jellicent
|-unboost|p2a: Jellicent|atk|1
|turn|35
|
|switch|p2a: Jirachi|Jirachi|203/403 brn
|-damage|p2a: Jirachi|103/403 brn|[from] Spikes
|move|p1a: Landorus-Therian|Earthquake|p2a: Jirachi
|-supereffective|p2a: Jirachi
|-damage|p2a: Jirachi|0 fnt
|faint|p2a: Jirachi
|
|-weather|Sandstorm|[upkeep]
|
|switch|p2a: Donphan|Donphan, F|196/383
|-damage|p2a: Donphan|101/383|[from] Spikes
|turn|36
|
|move|p2a: Donphan|Ice Shard|p1a: Landorus-Therian
|-supereffective|p1a: Landorus-Therian
|-damage|p1a: Landorus-Therian|138/354
|move|p1a: Landorus-Therian|Earthquake|p2a: Donphan
|-damage|p2a: Donphan|0 fnt
|faint|p2a: Donphan
|
|-weather|Sandstorm|[upkeep]
|
|switch|p2a: Tyranitar|Tyranitar, F|183/341
|-damage|p2a: Tyranitar|98/341|[from] Spikes
|turn|37
|
|move|p1a: Landorus-Therian|Earthquake|p2a: Tyranitar
|-supereffective|p2a: Tyranitar
|-damage|p2a: Tyranitar|0 fnt
|faint|p2a: Tyranitar
|
|-weather|Sandstorm|[upkeep]
|-message|Kahan forfeited.
|
|win|ross geller
|raw|Ladder updating...
|leave|Kahan
|player|p2
|raw|ross geller's rating: 1338 &rarr; <strong>1358</strong><br />(+20 for winning)
|raw|Kahan's rating: 1326 &rarr; <strong>1307</strong><br />(-19 for losing)
|leave|immatureprick