|j|☆killerfishsandiego
|j|☆magialice
|t:|1731381763
|gametype|singles
|player|p1|killerfishsandiego|101|1539
|player|p2|magialice|miku-flying|1545
|teamsize|p1|6
|teamsize|p2|6
|gen|5
|tier|[Gen 5] OU
|rated|
|rule|Species Clause: Limit one of each Pokémon
|rule|OHKO Clause: OHKO moves are banned
|rule|Moody Clause: Moody is banned
|rule|Evasion Items Clause: Evasion items are banned
|rule|Evasion Moves Clause: Evasion moves are banned
|rule|Endless Battle Clause: Forcing endless battles is banned
|rule|HP Percentage Mod: HP is shown in percentages
|rule|Evasion Abilities Clause: Evasion abilities are banned
|rule|Sleep Moves Clause: Sleep-inducing moves are banned
|rule|Swagger Clause: Swagger is banned
|rule|Baton Pass Stat Clause: No Baton Passer may have a way to boost its stats
|clearpoke
|poke|p1|Gliscor, M|item
|poke|p1|Starmie|item
|poke|p1|Blissey, F|item
|poke|p1|Quagsire, F|item
|poke|p1|Tyranitar, F|item
|poke|p1|Skarmory, F|item
|poke|p2|Tyranitar, M|item
|poke|p2|Keldeo|item
|poke|p2|Terrakion|item
|poke|p2|Landorus-Therian, M|item
|poke|p2|Celebi|item
|poke|p2|Excadrill, M|item
|teampreview
|inactive|Battle timer is ON: inactive players will automatically lose when time's up. (requested by magialice)
|
|t:|1731381779
|start
|switch|p1a: Gliscor|Gliscor, M|100/100
|switch|p2a: Keldeo|Keldeo|100/100
|turn|1
|
|t:|1731381784
|move|p2a: Keldeo|Scald|p1a: Gliscor
|-supereffective|p1a: Gliscor
|-damage|p1a: Gliscor|0 fnt
|faint|p1a: Gliscor
|
|upkeep
|
|t:|1731381791
|switch|p1a: Starmie|Starmie|100/100
|turn|2
|
|t:|1731381794
|switch|p2a: Celebi|Celebi|100/100
|move|p1a: Starmie|Psyshock|p2a: Celebi
|-resisted|p2a: Celebi
|-damage|p2a: Celebi|90/100
|
|-heal|p2a: Celebi|96/100|[from] item: Leftovers
|upkeep
|turn|3
|
|t:|1731381797
|switch|p1a: Skarmory|Skarmory, F|100/100
|move|p2a: Celebi|Substitute|p2a: Celebi
|-start|p2a: Celebi|Substitute
|-damage|p2a: Celebi|71/100
|
|-heal|p2a: Celebi|77/100|[from] item: Leftovers
|upkeep
|turn|4
|
|t:|1731381799
|move|p2a: Celebi|Baton Pass|p2a: Celebi
|
|t:|1731381801
|switch|p2a: Keldeo|Keldeo|100/100|[from] Baton Pass
|move|p1a: Skarmory|Whirlwind|p2a: Keldeo
|drag|p2a: Celebi|Celebi|77/100
|
|-heal|p2a: Celebi|83/100|[from] item: Leftovers
|upkeep
|turn|5
|
|t:|1731381804
|move|p2a: Celebi|Baton Pass|p2a: Celebi
|
|t:|1731381805
|switch|p2a: Keldeo|Keldeo|100/100|[from] Baton Pass
|move|p1a: Skarmory|Spikes|p2a: Keldeo
|-sidestart|p2: magialice|Spikes
|
|upkeep
|turn|6
|
|t:|1731381809
|move|p2a: Keldeo|Scald|p1a: Skarmory
|-damage|p1a: Skarmory|61/100
|-status|p1a: Skarmory|brn
|move|p1a: Skarmory|Whirlwind|p2a: Keldeo
|drag|p2a: Celebi|Celebi|83/100
|-damage|p2a: Celebi|71/100|[from] Spikes
|
|-heal|p2a: Celebi|77/100|[from] item: Leftovers
|-damage|p1a: Skarmory|48/100 brn|[from] brn
|upkeep
|turn|7
|
|t:|1731381814
|move|p2a: Celebi|Baton Pass|p2a: Celebi
|c|☆killerfishsandiego|Who is surprised
|
|t:|1731381816
|switch|p2a: Excadrill|Excadrill, M|100/100|[from] Baton Pass
|-damage|p2a: Excadrill|88/100|[from] Spikes
|move|p1a: Skarmory|Roost|p1a: Skarmory
|-heal|p1a: Skarmory|99/100 brn
|-singleturn|p1a: Skarmory|move: Roost
|
|-heal|p2a: Excadrill|94/100|[from] item: Leftovers
|-damage|p1a: Skarmory|86/100 brn|[from] brn
|upkeep
|turn|8
|
|t:|1731381820
|move|p2a: Excadrill|Rapid Spin|p1a: Skarmory
|-resisted|p1a: Skarmory
|-damage|p1a: Skarmory|84/100 brn
|-damage|p2a: Excadrill|78/100|[from] item: Rocky Helmet|[of] p1a: Skarmory
|-sideend|p2: magialice|Spikes|[from] move: Rapid Spin|[of] p2a: Excadrill
|move|p1a: Skarmory|Whirlwind|p2a: Excadrill
|drag|p2a: Celebi|Celebi|77/100
|
|-heal|p2a: Celebi|83/100|[from] item: Leftovers
|-damage|p1a: Skarmory|71/100 brn|[from] brn
|upkeep
|turn|9
|
|t:|1731381823
|move|p2a: Celebi|Baton Pass|p2a: Celebi
|
|t:|1731381824
|switch|p2a: Keldeo|Keldeo|100/100|[from] Baton Pass
|move|p1a: Skarmory|Spikes|p2a: Keldeo
|-sidestart|p2: magialice|Spikes
|
|-damage|p1a: Skarmory|59/100 brn|[from] brn
|upkeep
|turn|10
|
|t:|1731381828
|switch|p1a: Starmie|Starmie|100/100
|move|p2a: Keldeo|Scald|p1a: Starmie
|-resisted|p1a: Starmie
|-crit|p1a: Starmie
|-damage|p1a: Starmie|52/100
|-status|p1a: Starmie|brn
|
|-heal|p1a: Starmie|58/100 brn|[from] item: Leftovers
|-damage|p1a: Starmie|45/100 brn|[from] brn
|upkeep
|turn|11
|
|t:|1731381835
|switch|p2a: Tyranitar|Tyranitar, M|100/100
|-damage|p2a: Tyranitar|88/100|[from] Spikes
|-weather|Sandstorm|[from] ability: Sand Stream|[of] p2a: Tyranitar
|move|p1a: Starmie|Reflect Type|p2a: Tyranitar
|-start|p1a: Starmie|typechange|[from] move: Reflect Type|[of] p2a: Tyranitar
|
|-weather|Sandstorm|[upkeep]
|-heal|p1a: Starmie|51/100 brn|[from] item: Leftovers
|-damage|p1a: Starmie|39/100 brn|[from] brn
|upkeep
|turn|12
|
|t:|1731381844
|move|p1a: Starmie|Recover|p1a: Starmie
|-heal|p1a: Starmie|89/100 brn
|move|p2a: Tyranitar|Stealth Rock|p1a: Starmie
|-sidestart|p1: killerfishsandiego|move: Stealth Rock
|
|-weather|Sandstorm|[upkeep]
|-heal|p1a: Starmie|95/100 brn|[from] item: Leftovers
|-damage|p1a: Starmie|83/100 brn|[from] brn
|upkeep
|turn|13
|
|t:|1731381850
|-curestatus|p1a: Starmie|brn|[from] ability: Natural Cure
|switch|p1a: Quagsire|Quagsire, F|100/100
|-damage|p1a: Quagsire|94/100|[from] Stealth Rock
|move|p2a: Tyranitar|Crunch|p1a: Quagsire
|-crit|p1a: Quagsire
|-damage|p1a: Quagsire|49/100
|
|-weather|Sandstorm|[upkeep]
|-heal|p1a: Quagsire|55/100|[from] item: Leftovers
|upkeep
|turn|14
|
|t:|1731381855
|switch|p2a: Celebi|Celebi|83/100
|-damage|p2a: Celebi|71/100|[from] Spikes
|move|p1a: Quagsire|Earthquake|p2a: Celebi
|-resisted|p2a: Celebi
|-damage|p2a: Celebi|59/100
|
|-weather|Sandstorm|[upkeep]
|-damage|p2a: Celebi|53/100|[from] Sandstorm
|-heal|p2a: Celebi|59/100|[from] item: Leftovers
|-heal|p1a: Quagsire|61/100|[from] item: Leftovers
|upkeep
|turn|15
|
|t:|1731381858
|move|p2a: Celebi|Recover|p2a: Celebi
|-heal|p2a: Celebi|100/100
|move|p1a: Quagsire|Recover|p1a: Quagsire
|-heal|p1a: Quagsire|100/100
|
|-weather|Sandstorm|[upkeep]
|-damage|p2a: Celebi|94/100|[from] Sandstorm
|-heal|p2a: Celebi|100/100|[from] item: Leftovers
|upkeep
|turn|16
|
|t:|1731381862
|move|p2a: Celebi|Psychic|p1a: Quagsire
|-damage|p1a: Quagsire|64/100
|move|p1a: Quagsire|Encore|p2a: Celebi
|-start|p2a: Celebi|Encore
|
|-weather|Sandstorm|[upkeep]
|-damage|p2a: Celebi|94/100|[from] Sandstorm
|-heal|p2a: Celebi|100/100|[from] item: Leftovers
|-heal|p1a: Quagsire|70/100|[from] item: Leftovers
|upkeep
|turn|17
|
|t:|1731381865
|move|p2a: Celebi|Psychic|p1a: Quagsire
|-crit|p1a: Quagsire
|-damage|p1a: Quagsire|0 fnt
|faint|p1a: Quagsire
|
|-weather|Sandstorm|[upkeep]
|-damage|p2a: Celebi|94/100|[from] Sandstorm
|-heal|p2a: Celebi|100/100|[from] item: Leftovers
|upkeep
|c|☆killerfishsandiego|Whatever
|c|☆killerfishsandiego|lmfao
|c|☆killerfishsandiego|fuck this stupid fucking game
|n|‽killerfishsandiego|killerfishsandiego
|c|~|/log killerfishsandiego was locked from talking by Artemis. (☆killerfishsandiego: fuck this stupid  )
|c|~|/raw <small>This action was done automatically. Want to learn more about the AI? <a href="https://www.smogon.com/forums/threads/3570628/#post-9056769">Visit the information thread</a>.</small>
|-message|killerfishsandiego forfeited.
|
|win|magialice
|raw|killerfishsandiego's rating: 1539 &rarr; <strong>1519</strong><br />(-20 for losing)
|raw|magialice's rating: 1545 &rarr; <strong>1565</strong><br />(+20 for winning)
|l|‽killerfishsandiego
|player|p1|
|c|☆magialice|LOL
|l|☆magialice
|player|p2|
|j|☆magialice
|player|p2|magialice|miku-flying|
