|j|☆thbigstuff27
|j|☆Paperm47
|t:|1708244530
|gametype|singles
|player|p1|thbigstuff27|170|1343
|player|p2|Paperm47|ash-sinnoh|1424
|teamsize|p1|6
|teamsize|p2|6
|gen|5
|tier|[Gen 5] OU
|rated|
|rule|Species Clause: Limit one of each Pokémon
|rule|OHKO Clause: OHKO moves are banned
|rule|Moody Clause: Moody is banned
|rule|Evasion Items Clause: Evasion items are banned
|rule|Evasion Moves Clause: Evasion moves are banned
|rule|Endless Battle Clause: Forcing endless battles is banned
|rule|HP Percentage Mod: HP is shown in percentages
|rule|Evasion Abilities Clause: Evasion abilities are banned
|rule|Sleep Moves Clause: Sleep-inducing moves are banned
|rule|Swagger Clause: Swagger is banned
|rule|Baton Pass Stat Clause: No Baton Passer may have a way to boost its stats
|clearpoke
|poke|p1|Jirachi|item
|poke|p1|Politoed, M|item
|poke|p1|Landorus-Therian, M|item
|poke|p1|Starmie|item
|poke|p1|Dragonite, M|item
|poke|p1|Scizor, M|item
|poke|p2|Lucario, M|item
|poke|p2|Weavile, M|item
|poke|p2|Rotom-Wash|item
|poke|p2|Scizor, M|item
|poke|p2|Espeon, F|item
|poke|p2|Garchomp, M|item
|teampreview
|
|t:|1708244534
|start
|switch|p1a: Landorus|Landorus-Therian, M|100/100
|switch|p2a: Rotom|Rotom-Wash|100/100
|-ability|p1a: Landorus|Intimidate|boost
|-unboost|p2a: Rotom|atk|1
|turn|1
|
|t:|1708244548
|move|p1a: Landorus|U-turn|p2a: Rotom
|-damage|p2a: Rotom|73/100
|
|t:|1708244550
|switch|p1a: Dragonite|Dragonite, M|100/100|[from] U-turn
|move|p2a: Rotom|Hydro Pump|p1a: Dragonite
|-resisted|p1a: Dragonite
|-damage|p1a: Dragonite|89/100
|
|-heal|p2a: Rotom|79/100|[from] item: Leftovers
|upkeep
|turn|2
|
|t:|1708244582
|move|p2a: Rotom|Will-O-Wisp|p1a: Dragonite
|-status|p1a: Dragonite|brn
|-enditem|p1a: Dragonite|Lum Berry|[eat]
|-curestatus|p1a: Dragonite|brn|[msg]
|move|p1a: Dragonite|Dragon Dance|p1a: Dragonite
|-boost|p1a: Dragonite|atk|1
|-boost|p1a: Dragonite|spe|1
|
|-heal|p2a: Rotom|86/100|[from] item: Leftovers
|upkeep
|turn|3
|
|t:|1708244589
|switch|p2a: Scizor|Scizor, M|100/100
|move|p1a: Dragonite|Outrage|p2a: Scizor
|-resisted|p2a: Scizor
|-damage|p2a: Scizor|46/100
|
|-heal|p2a: Scizor|52/100|[from] item: Leftovers
|upkeep
|turn|4
|
|t:|1708244595
|move|p1a: Dragonite|Outrage|p2a: Scizor|[from]lockedmove
|-resisted|p2a: Scizor
|-damage|p2a: Scizor|4/100
|move|p2a: Scizor|U-turn|p1a: Dragonite
|-resisted|p1a: Dragonite
|-damage|p1a: Dragonite|66/100
|
|t:|1708244599
|switch|p2a: Weavile|Weavile, M|100/100|[from] U-turn
|-ability|p2a: Weavile|Pressure
|
|upkeep
|turn|5
|
|t:|1708244602
|move|p2a: Weavile|Ice Shard|p1a: Dragonite
|-supereffective|p1a: Dragonite
|-damage|p1a: Dragonite|0 fnt
|faint|p1a: Dragonite
|
|upkeep
|
|t:|1708244605
|switch|p1a: Politoed|Politoed, M|100/100
|-weather|RainDance|[from] ability: Drizzle|[of] p1a: Politoed
|turn|6
|
|t:|1708244632
|switch|p2a: Scizor|Scizor, M|4/100
|move|p1a: Politoed|Scald|p2a: Scizor
|-damage|p2a: Scizor|0 fnt
|faint|p2a: Scizor
|
|-weather|RainDance|[upkeep]
|upkeep
|
|t:|1708244635
|switch|p2a: Rotom|Rotom-Wash|86/100
|turn|7
|
|t:|1708244639
|move|p1a: Politoed|Protect|p1a: Politoed
|-singleturn|p1a: Politoed|Protect
|move|p2a: Rotom|Thunderbolt|p1a: Politoed
|-activate|p1a: Politoed|move: Protect
|
|-weather|RainDance|[upkeep]
|-heal|p2a: Rotom|92/100|[from] item: Leftovers
|upkeep
|turn|8
|inactive|Battle timer is ON: inactive players will automatically lose when time's up. (requested by thbigstuff27)
|
|t:|1708244673
|move|p2a: Rotom|Volt Switch|p1a: Politoed
|-supereffective|p1a: Politoed
|-damage|p1a: Politoed|59/100
|
|t:|1708244674
|switch|p2a: Espeon|Espeon, F|100/100|[from] Volt Switch
|move|p1a: Politoed|Toxic|p2a: Espeon
|move|p2a: Espeon|Toxic|p1a: Politoed|[from]ability: Magic Bounce|[miss]
|-miss|p2a: Espeon|p1a: Politoed
|
|-weather|RainDance|[upkeep]
|-heal|p1a: Politoed|66/100|[from] item: Leftovers
|upkeep
|turn|9
|
|t:|1708244683
|switch|p2a: Rotom|Rotom-Wash|92/100
|switch|p1a: Scizor|Scizor, M|100/100
|
|-weather|RainDance|[upkeep]
|-heal|p2a: Rotom|98/100|[from] item: Leftovers
|upkeep
|turn|10
|
|t:|1708244698
|move|p2a: Rotom|Will-O-Wisp|p1a: Scizor
|-status|p1a: Scizor|brn
|-enditem|p1a: Scizor|Lum Berry|[eat]
|-curestatus|p1a: Scizor|brn|[msg]
|move|p1a: Scizor|U-turn|p2a: Rotom
|-damage|p2a: Rotom|60/100
|
|t:|1708244706
|switch|p1a: Starmie|Starmie|100/100|[from] U-turn
|
|-weather|RainDance|[upkeep]
|-heal|p2a: Rotom|67/100|[from] item: Leftovers
|upkeep
|turn|11
|
|t:|1708244711
|move|p1a: Starmie|Thunder|p2a: Rotom
|-damage|p2a: Rotom|30/100
|move|p2a: Rotom|Volt Switch|p1a: Starmie
|-supereffective|p1a: Starmie
|-crit|p1a: Starmie
|-damage|p1a: Starmie|0 fnt
|faint|p1a: Starmie
|
|t:|1708244715
|switch|p2a: Garchomp|Garchomp, M|100/100|[from] Volt Switch
|
|-weather|RainDance|[upkeep]
|upkeep
|
|t:|1708244720
|switch|p1a: Landorus|Landorus-Therian, M|100/100
|-ability|p1a: Landorus|Intimidate|boost
|-unboost|p2a: Garchomp|atk|1
|turn|12
|
|t:|1708244733
|move|p1a: Landorus|U-turn|p2a: Garchomp
|-damage|p2a: Garchomp|73/100
|-damage|p1a: Landorus|88/100|[from] ability: Rough Skin|[of] p2a: Garchomp
|
|t:|1708244739
|switch|p1a: Scizor|Scizor, M|100/100|[from] U-turn
|move|p2a: Garchomp|Stealth Rock|p1a: Scizor
|-sidestart|p1: thbigstuff27|move: Stealth Rock
|
|-weather|RainDance|[upkeep]
|-heal|p2a: Garchomp|79/100|[from] item: Leftovers
|upkeep
|turn|13
|inactive|Paperm47 has 120 seconds left.
|
|t:|1708244775
|switch|p2a: Rotom|Rotom-Wash|30/100
|move|p1a: Scizor|U-turn|p2a: Rotom
|-damage|p2a: Rotom|0 fnt
|faint|p2a: Rotom
|
|t:|1708244790
|switch|p1a: Landorus|Landorus-Therian, M|88/100|[from] U-turn
|-damage|p1a: Landorus|76/100|[from] Stealth Rock
|
|-weather|RainDance|[upkeep]
|upkeep
|inactive|Paperm47 has 120 seconds left.
|
|t:|1708244807
|switch|p2a: Weavile|Weavile, M|100/100
|-ability|p2a: Weavile|Pressure
|turn|14
|
|t:|1708244812
|switch|p1a: Jirachi|Jirachi|100/100
|-damage|p1a: Jirachi|94/100|[from] Stealth Rock
|move|p2a: Weavile|Ice Shard|p1a: Jirachi
|-resisted|p1a: Jirachi
|-damage|p1a: Jirachi|82/100
|
|-weather|RainDance|[upkeep]
|-heal|p1a: Jirachi|88/100|[from] item: Leftovers
|upkeep
|turn|15
|
|t:|1708244816
|switch|p2a: Garchomp|Garchomp, M|79/100
|move|p1a: Jirachi|Substitute|p1a: Jirachi
|-start|p1a: Jirachi|Substitute
|-damage|p1a: Jirachi|63/100
|
|-weather|RainDance|[upkeep]
|-heal|p2a: Garchomp|85/100|[from] item: Leftovers
|-heal|p1a: Jirachi|70/100|[from] item: Leftovers
|upkeep
|turn|16
|
|t:|1708244824
|move|p2a: Garchomp|Earthquake|p1a: Jirachi
|-supereffective|p1a: Jirachi
|-crit|p1a: Jirachi
|-end|p1a: Jirachi|Substitute
|move|p1a: Jirachi|Water Pulse|p2a: Garchomp
|-damage|p2a: Garchomp|56/100
|-start|p2a: Garchomp|confusion
|
|-weather|RainDance|[upkeep]
|-heal|p2a: Garchomp|62/100|[from] item: Leftovers
|-heal|p1a: Jirachi|76/100|[from] item: Leftovers
|upkeep
|turn|17
|
|t:|1708244828
|switch|p2a: Weavile|Weavile, M|100/100
|-ability|p2a: Weavile|Pressure
|move|p1a: Jirachi|Water Pulse|p2a: Weavile
|-damage|p2a: Weavile|58/100
|
|-weather|RainDance|[upkeep]
|-heal|p1a: Jirachi|82/100|[from] item: Leftovers
|upkeep
|turn|18
|
|t:|1708244832
|move|p2a: Weavile|Night Slash|p1a: Jirachi
|-damage|p1a: Jirachi|38/100
|move|p1a: Jirachi|Substitute|p1a: Jirachi
|-start|p1a: Jirachi|Substitute
|-damage|p1a: Jirachi|13/100
|
|-weather|RainDance|[upkeep]
|-heal|p1a: Jirachi|19/100|[from] item: Leftovers
|upkeep
|turn|19
|
|t:|1708244834
|move|p2a: Weavile|Night Slash|p1a: Jirachi
|-end|p1a: Jirachi|Substitute
|move|p1a: Jirachi|Thunder|p2a: Weavile
|-damage|p2a: Weavile|6/100
|-status|p2a: Weavile|par
|
|-weather|RainDance|[upkeep]
|-heal|p1a: Jirachi|25/100|[from] item: Leftovers
|upkeep
|turn|20
|
|t:|1708244836
|move|p1a: Jirachi|Water Pulse|p2a: Weavile
|-damage|p2a: Weavile|0 fnt
|faint|p2a: Weavile
|
|-weather|RainDance|[upkeep]
|-heal|p1a: Jirachi|31/100|[from] item: Leftovers
|upkeep
|
|t:|1708244839
|switch|p2a: Garchomp|Garchomp, M|62/100
|turn|21
|
|t:|1708244842
|move|p2a: Garchomp|Swords Dance|p2a: Garchomp
|-boost|p2a: Garchomp|atk|2
|move|p1a: Jirachi|Water Pulse|p2a: Garchomp
|-damage|p2a: Garchomp|30/100
|-start|p2a: Garchomp|confusion
|
|-weather|RainDance|[upkeep]
|-heal|p2a: Garchomp|36/100|[from] item: Leftovers
|-heal|p1a: Jirachi|37/100|[from] item: Leftovers
|upkeep
|turn|22
|
|t:|1708244846
|-activate|p2a: Garchomp|confusion
|-damage|p2a: Garchomp|10/100|[from] confusion
|move|p1a: Jirachi|Water Pulse|p2a: Garchomp
|-damage|p2a: Garchomp|0 fnt
|faint|p2a: Garchomp
|
|-weather|RainDance|[upkeep]
|-heal|p1a: Jirachi|43/100|[from] item: Leftovers
|upkeep
|
|t:|1708244848
|switch|p2a: Lucario|Lucario, M|100/100
|turn|23
|
|t:|1708244850
|move|p2a: Lucario|Close Combat|p1a: Jirachi
|-damage|p1a: Jirachi|0 fnt
|-unboost|p2a: Lucario|def|1
|-unboost|p2a: Lucario|spd|1
|faint|p1a: Jirachi
|-damage|p2a: Lucario|91/100|[from] item: Life Orb
|
|-weather|RainDance|[upkeep]
|upkeep
|
|t:|1708244855
|switch|p1a: Landorus|Landorus-Therian, M|76/100
|-damage|p1a: Landorus|64/100|[from] Stealth Rock
|-ability|p1a: Landorus|Intimidate|boost
|-unboost|p2a: Lucario|atk|1
|turn|24
|
|t:|1708244859
|move|p1a: Landorus|Earthquake|p2a: Lucario
|-supereffective|p2a: Lucario
|-damage|p2a: Lucario|0 fnt
|faint|p2a: Lucario
|
|-weather|RainDance|[upkeep]
|upkeep
|
|t:|1708244861
|switch|p2a: Espeon|Espeon, F|100/100
|turn|25
|
|t:|1708244864
|move|p1a: Landorus|Earthquake|p2a: Espeon
|-crit|p2a: Espeon
|-damage|p2a: Espeon|0 fnt
|faint|p2a: Espeon
|
|win|thbigstuff27
|raw|thbigstuff27's rating: 1343 &rarr; <strong>1365</strong><br />(+22 for winning)
|raw|Paperm47's rating: 1386 &rarr; <strong>1364</strong><br />(-22 for losing)
