|j|☆LTitan9
|j|☆berdaniel
|t:|1725212990
|gametype|singles
|player|p1|LTitan9|acetrainer|1303
|player|p2|berdaniel|101|1316
|teamsize|p1|6
|teamsize|p2|6
|gen|5
|tier|[Gen 5] OU
|rated|
|rule|Species Clause: Limit one of each Pokémon
|rule|OHKO Clause: OHKO moves are banned
|rule|Moody Clause: Moody is banned
|rule|Evasion Items Clause: Evasion items are banned
|rule|Evasion Moves Clause: Evasion moves are banned
|rule|Endless Battle Clause: Forcing endless battles is banned
|rule|HP Percentage Mod: HP is shown in percentages
|rule|Evasion Abilities Clause: Evasion abilities are banned
|rule|Sleep Moves Clause: Sleep-inducing moves are banned
|rule|Swagger Clause: Swagger is banned
|rule|Baton Pass Stat Clause: No Baton Passer may have a way to boost its stats
|clearpoke
|poke|p1|Keldeo-Resolute|item
|poke|p1|Alakazam, M|item
|poke|p1|Latios, M|item
|poke|p1|Landorus-Therian, M|item
|poke|p1|Tyranitar, M|item
|poke|p1|Terrakion|item
|poke|p2|Conkeldurr, F|item
|poke|p2|Garchomp, F|item
|poke|p2|Keldeo|item
|poke|p2|Landorus-Therian, M|item
|poke|p2|Ferrothorn, F|item
|poke|p2|Tyranitar, M|item
|teampreview
|inactive|Battle timer is ON: inactive players will automatically lose when time's up. (requested by berdaniel)
|
|t:|1725213006
|start
|switch|p1a: Keldeo|Keldeo-Resolute|100/100
|switch|p2a: Landorus|Landorus-Therian, M|100/100
|-ability|p2a: Landorus|Intimidate|boost
|-unboost|p1a: Keldeo|atk|1
|turn|1
|
|t:|1725213014
|move|p1a: Keldeo|Hydro Pump|p2a: Landorus
|-supereffective|p2a: Landorus
|-crit|p2a: Landorus
|-enditem|p2a: Landorus|Focus Sash
|-damage|p2a: Landorus|1/100
|move|p2a: Landorus|Explosion|p1a: Keldeo
|-damage|p1a: Keldeo|0 fnt
|faint|p2a: Landorus
|faint|p1a: Keldeo
|
|upkeep
|
|t:|1725213032
|switch|p1a: Landorus|Landorus-Therian, M|100/100
|switch|p2a: Ferrothorn|Ferrothorn, F|100/100
|-ability|p1a: Landorus|Intimidate|boost
|-unboost|p2a: Ferrothorn|atk|1
|turn|2
|
|t:|1725213042
|switch|p1a: Alakablam|Alakazam, M, shiny|100/100
|move|p2a: Ferrothorn|Stealth Rock|p1a: Alakablam
|-sidestart|p1: LTitan9|move: Stealth Rock
|
|upkeep
|turn|3
|
|t:|1725213050
|move|p1a: Alakablam|Focus Blast|p2a: Ferrothorn
|-supereffective|p2a: Ferrothorn
|-damage|p2a: Ferrothorn|44/100
|move|p2a: Ferrothorn|Knock Off|p1a: Alakablam
|-supereffective|p1a: Alakablam
|-damage|p1a: Alakablam|83/100
|-enditem|p1a: Alakablam|Focus Sash|[from] move: Knock Off|[of] p2a: Ferrothorn
|
|-heal|p2a: Ferrothorn|50/100|[from] item: Leftovers
|upkeep
|turn|4
|
|t:|1725213057
|move|p1a: Alakablam|Focus Blast|p2a: Ferrothorn
|-supereffective|p2a: Ferrothorn
|-damage|p2a: Ferrothorn|0 fnt
|faint|p2a: Ferrothorn
|
|upkeep
|
|t:|1725213060
|switch|p2a: Garchomp|Garchomp, F|100/100
|turn|5
|
|t:|1725213066
|move|p2a: Garchomp|Outrage|p1a: Alakablam
|-damage|p1a: Alakablam|0 fnt
|faint|p1a: Alakablam
|
|upkeep
|
|t:|1725213075
|switch|p1a: Landorus|Landorus-Therian, M|100/100
|-damage|p1a: Landorus|88/100|[from] Stealth Rock
|-ability|p1a: Landorus|Intimidate|boost
|-unboost|p2a: Garchomp|atk|1
|turn|6
|
|t:|1725213078
|move|p2a: Garchomp|Outrage|p1a: Landorus|[from]lockedmove
|-damage|p1a: Landorus|47/100
|move|p1a: Landorus|Hidden Power|p2a: Garchomp
|-supereffective|p2a: Garchomp
|-damage|p2a: Garchomp|20/100
|
|upkeep
|turn|7
|
|t:|1725213081
|move|p2a: Garchomp|Outrage|p1a: Landorus|[from]lockedmove
|-damage|p1a: Landorus|5/100
|-start|p2a: Garchomp|confusion|[fatigue]
|move|p1a: Landorus|Hidden Power|p2a: Garchomp
|-supereffective|p2a: Garchomp
|-damage|p2a: Garchomp|0 fnt
|faint|p2a: Garchomp
|
|upkeep
|
|t:|1725213084
|switch|p2a: Keldeo|Keldeo|100/100
|turn|8
|
|t:|1725213086
|move|p1a: Landorus|Hidden Power|p2a: Keldeo
|-resisted|p2a: Keldeo
|-damage|p2a: Keldeo|90/100
|move|p2a: Keldeo|Scald|p1a: Landorus
|-supereffective|p1a: Landorus
|-damage|p1a: Landorus|0 fnt
|faint|p1a: Landorus
|
|-heal|p2a: Keldeo|96/100|[from] item: Leftovers
|upkeep
|
|t:|1725213104
|switch|p1a: Terrakion|Terrakion|100/100
|-damage|p1a: Terrakion|94/100|[from] Stealth Rock
|turn|9
|
|t:|1725213124
|move|p1a: Terrakion|Close Combat|p2a: Keldeo
|-damage|p2a: Keldeo|0 fnt
|-unboost|p1a: Terrakion|def|1
|-unboost|p1a: Terrakion|spd|1
|faint|p2a: Keldeo
|
|upkeep
|
|t:|1725213127
|switch|p2a: Conkeldurr|Conkeldurr, F|100/100
|turn|10
|
|t:|1725213136
|switch|p1a: Big T|Tyranitar, M, shiny|100/100
|-damage|p1a: Big T|88/100|[from] Stealth Rock
|-weather|Sandstorm|[from] ability: Sand Stream|[of] p1a: Big T
|move|p2a: Conkeldurr|Ice Punch|p1a: Big T
|-damage|p1a: Big T|59/100
|-damage|p2a: Conkeldurr|91/100|[from] item: Life Orb
|
|-weather|Sandstorm|[upkeep]
|-damage|p2a: Conkeldurr|84/100|[from] Sandstorm
|upkeep
|turn|11
|
|t:|1725213145
|move|p1a: Big T|Thunder Wave|p2a: Conkeldurr
|-status|p2a: Conkeldurr|par
|move|p2a: Conkeldurr|Drain Punch|p1a: Big T
|-supereffective|p1a: Big T
|-enditem|p1a: Big T|Chople Berry|[eat]
|-enditem|p1a: Big T|Chople Berry|[weaken]
|-damage|p1a: Big T|0 fnt
|-heal|p2a: Conkeldurr|100/100 par|[from] drain|[of] p1a: Big T
|faint|p1a: Big T
|-damage|p2a: Conkeldurr|91/100 par|[from] item: Life Orb
|
|-weather|Sandstorm|[upkeep]
|-damage|p2a: Conkeldurr|84/100 par|[from] Sandstorm
|upkeep
|
|t:|1725213154
|switch|p1a: Latios|Latios, M|100/100
|-damage|p1a: Latios|88/100|[from] Stealth Rock
|turn|12
|
|t:|1725213159
|cant|p2a: Conkeldurr|par
|move|p1a: Latios|Dragon Pulse|p2a: Conkeldurr
|-crit|p2a: Conkeldurr
|-damage|p2a: Conkeldurr|0 fnt
|faint|p2a: Conkeldurr
|
|-weather|Sandstorm|[upkeep]
|-damage|p1a: Latios|82/100|[from] Sandstorm
|upkeep
|
|t:|1725213161
|switch|p2a: Tyranitar|Tyranitar, M|100/100
|turn|13
|
|t:|1725213175
|move|p1a: Latios|Dragon Pulse|p2a: Tyranitar
|-damage|p2a: Tyranitar|57/100
|move|p2a: Tyranitar|Crunch|p1a: Latios
|-supereffective|p1a: Latios
|-crit|p1a: Latios
|-damage|p1a: Latios|0 fnt
|faint|p1a: Latios
|
|-weather|Sandstorm|[upkeep]
|upkeep
|-message|berdaniel forfeited.
|
|win|LTitan9
|raw|LTitan9's rating: 1303 &rarr; <strong>1324</strong><br />(+21 for winning)
|raw|berdaniel's rating: 1316 &rarr; <strong>1295</strong><br />(-21 for losing)
|l|☆berdaniel
|player|p2|
