|j|BAB46
|j|Bongi
|player|p1|BAB46|160
|teamsize|p1|6
|player|p2|Bongi|169
|teamsize|p2|6
|gametype|singles
|gen|5
|tier|[Gen 5] OU
|rated
|seed|40288,56126,47115,18206
|rule|Sleep Clause Mod: Limit one foe put to sleep
|rule|Species Clause: Limit one of each Pokémon
|rule|OHKO Clause: OHKO moves are banned
|rule|Moody Clause: Moody is banned
|rule|Evasion Moves Clause: Evasion moves are banned
|rule|Endless Battle Clause: Forcing endless battles is banned
|rule|HP Percentage Mod: HP is shown in percentages
|rule|Evasion Abilities Clause: Evasion abilities are banned
|rule|Baton Pass Clause: Limit one Baton Passer, can't pass Spe and other stats simultaneously
|rule|Swagger Clause: Swagger is banned
|clearpoke
|poke|p1|Starmie|item
|poke|p1|Shaymin|item
|poke|p1|Landorus-Therian, M|item
|poke|p1|Terrakion|item
|poke|p1|Zapdos|item
|poke|p1|Tyranitar, F|item
|poke|p2|Garchomp, M|item
|poke|p2|Reuniclus, M|item
|poke|p2|Volcarona, M|item
|poke|p2|Scizor, M|item
|poke|p2|Starmie|item
|poke|p2|Dragonite, M|item
|teampreview
|choice|team 5, team 2, team 3, team 4, team 1, team 6|team 4, team 2, team 3, team 1, team 5, team 6
|
|start
|switch|p1a: Zapdos|Zapdos|375/375
|switch|p2a: Scizor|Scizor, M|331/331
|-ability|p1a: Zapdos|Pressure
|turn|1
|choice|move heatwave|switch 4
|
|switch|p2a: Garchomp|Garchomp, M|357/357
|move|p1a: Zapdos|Heat Wave|p2a: Garchomp
|-resisted|p2a: Garchomp
|-damage|p2a: Garchomp|293/357
|-status|p2a: Garchomp|brn
|
|-damage|p2a: Garchomp|249/357 brn|[from] brn
|upkeep
|turn|2
|choice|move hiddenpower|move stealthrock
|
|move|p2a: Garchomp|Stealth Rock|p1a: Zapdos
|-sidestart|p1: BAB46|move: Stealth Rock
|move|p1a: Zapdos|Hidden Power|p2a: Garchomp
|-supereffective|p2a: Garchomp
|-damage|p2a: Garchomp|0 fnt
|faint|p2a: Garchomp
|
|upkeep
|choice||switch 3
|
|switch|p2a: Volcarona|Volcarona, M|347/347
|turn|3
|choice|switch 4|move quiverdance
|
|switch|p1a: Terrakion|Terrakion|323/323
|-damage|p1a: Terrakion|303/323|[from] Stealth Rock
|move|p2a: Volcarona|Quiver Dance|p2a: Volcarona
|-boost|p2a: Volcarona|spa|1
|-boost|p2a: Volcarona|spd|1
|-boost|p2a: Volcarona|spe|1
|
|upkeep
|turn|4
|choice|move rockslide|switch 4
|
|switch|p2a: Scizor|Scizor, M|331/331
|move|p1a: Terrakion|Rock Slide|p2a: Scizor
|-damage|p2a: Scizor|205/331
|
|upkeep
|turn|5
|choice|switch 3|move roost
|
|switch|p1a: Landorus|Landorus-Therian, M|382/382
|-damage|p1a: Landorus|335/382|[from] Stealth Rock
|-ability|p1a: Landorus|Intimidate|boost
|-unboost|p2a: Scizor|atk|1
|move|p2a: Scizor|Roost|p2a: Scizor
|-heal|p2a: Scizor|331/331
|
|-heal|p1a: Landorus|358/382|[from] item: Leftovers
|upkeep
|turn|6
|choice|move earthquake|move uturn
|
|move|p1a: Landorus|Earthquake|p2a: Scizor
|-damage|p2a: Scizor|154/331
|move|p2a: Scizor|U-turn|p1a: Landorus
|-resisted|p1a: Landorus
|-damage|p1a: Landorus|324/382
|choice||switch 6
|
|switch|p2a: Dragonite|Dragonite, M|323/323
|
|-heal|p1a: Landorus|347/382|[from] item: Leftovers
|upkeep
|turn|7
|choice|move hiddenpower|move outrage
|
|move|p2a: Dragonite|Outrage|p1a: Landorus
|-damage|p1a: Landorus|68/382
|move|p1a: Landorus|Hidden Power|p2a: Dragonite
|-supereffective|p2a: Dragonite
|-damage|p2a: Dragonite|221/323
|
|-heal|p1a: Landorus|91/382|[from] item: Leftovers
|upkeep
|turn|8
|choice|move hiddenpower|move outrage
|
|move|p2a: Dragonite|Outrage|p1a: Landorus|[from]lockedmove
|-damage|p1a: Landorus|0 fnt
|-start|p2a: Dragonite|confusion|[fatigue]
|faint|p1a: Landorus
|
|upkeep
|choice|switch 5|
|
|switch|p1a: Starmie|Starmie|299/299
|-damage|p1a: Starmie|262/299|[from] Stealth Rock
|turn|9
|choice|move rapidspin|move outrage
|
|move|p1a: Starmie|Rapid Spin|p2a: Dragonite
|-damage|p2a: Dragonite|211/323
|-sideend|p1: BAB46|Stealth Rock|[from] move: Rapid Spin|[of] p1a: Starmie
|-activate|p2a: Dragonite|confusion
|-damage|p2a: Dragonite|130/323|[from] confusion
|
|-heal|p1a: Starmie|280/299|[from] item: Leftovers
|upkeep
|turn|10
|choice|move thunderbolt|move outrage
|
|move|p1a: Starmie|Thunderbolt|p2a: Dragonite
|-damage|p2a: Dragonite|40/323
|-activate|p2a: Dragonite|confusion
|move|p2a: Dragonite|Outrage|p1a: Starmie
|-damage|p1a: Starmie|0 fnt
|faint|p1a: Starmie
|
|upkeep
|choice|switch 4|
|
|switch|p1a: Zapdos|Zapdos|375/375
|-ability|p1a: Zapdos|Pressure
|turn|11
|choice|move thunderbolt|move outrage
|
|move|p1a: Zapdos|Thunderbolt|p2a: Dragonite
|-damage|p2a: Dragonite|0 fnt
|faint|p2a: Dragonite
|
|upkeep
|choice||switch 4
|
|switch|p2a: Volcarona|Volcarona, M|347/347
|turn|12
|choice|move thunderbolt|move flamethrower
|
|move|p1a: Zapdos|Thunderbolt|p2a: Volcarona
|-damage|p2a: Volcarona|209/347
|move|p2a: Volcarona|Flamethrower|p1a: Zapdos
|-damage|p1a: Zapdos|168/375
|
|-heal|p1a: Zapdos|191/375|[from] item: Leftovers
|upkeep
|turn|13
|choice|switch 3|move quiverdance
|
|switch|p1a: Terrakion|Terrakion|303/323
|move|p2a: Volcarona|Quiver Dance|p2a: Volcarona
|-boost|p2a: Volcarona|spa|1
|-boost|p2a: Volcarona|spd|1
|-boost|p2a: Volcarona|spe|1
|
|upkeep
|turn|14
|choice|move rockslide|move gigadrain
|
|move|p1a: Terrakion|Rock Slide|p2a: Volcarona
|-supereffective|p2a: Volcarona
|-damage|p2a: Volcarona|0 fnt
|faint|p2a: Volcarona
|
|upkeep
|choice||switch 5
|
|switch|p2a: Starmie|Starmie|261/261
|turn|15
|choice|switch 2|move hydropump
|
|switch|p1a: Shaymin|Shaymin|404/404
|move|p2a: Starmie|Hydro Pump|p1a: Shaymin
|-resisted|p1a: Shaymin
|-damage|p1a: Shaymin|244/404
|-damage|p2a: Starmie|235/261|[from] item: Life Orb
|
|-heal|p1a: Shaymin|269/404|[from] item: Leftovers
|upkeep
|turn|16
|choice|move protect|move icebeam
|
|move|p1a: Shaymin|Protect|p1a: Shaymin
|-singleturn|p1a: Shaymin|Protect
|move|p2a: Starmie|Ice Beam|p1a: Shaymin
|-activate|p1a: Shaymin|move: Protect
|
|-heal|p1a: Shaymin|294/404|[from] item: Leftovers
|upkeep
|turn|17
|choice|move seedflare|move icebeam
|
|move|p2a: Starmie|Ice Beam|p1a: Shaymin
|-supereffective|p1a: Shaymin
|-damage|p1a: Shaymin|34/404
|-damage|p2a: Starmie|209/261|[from] item: Life Orb
|move|p1a: Shaymin|Seed Flare|p2a: Starmie|[miss]
|-miss|p1a: Shaymin|p2a: Starmie
|
|-heal|p1a: Shaymin|59/404|[from] item: Leftovers
|upkeep
|turn|18
|choice|move seedflare|move icebeam
|
|move|p2a: Starmie|Ice Beam|p1a: Shaymin
|-supereffective|p1a: Shaymin
|-damage|p1a: Shaymin|0 fnt
|-damage|p2a: Starmie|183/261|[from] item: Life Orb
|faint|p1a: Shaymin
|
|upkeep
|choice|switch 2|
|
|switch|p1a: Terrakion|Terrakion|303/323
|turn|19
|choice|move stoneedge|move hydropump
|
|move|p1a: Terrakion|Stone Edge|p2a: Starmie
|-damage|p2a: Starmie|0 fnt
|faint|p2a: Starmie
|
|upkeep
|choice||switch 6
|
|switch|p2a: Scizor|Scizor, M|154/331
|turn|20
|choice|move stoneedge|move uturn
|
|move|p1a: Terrakion|Stone Edge|p2a: Scizor|[miss]
|-miss|p1a: Terrakion|p2a: Scizor
|move|p2a: Scizor|U-turn|p1a: Terrakion
|-resisted|p1a: Terrakion
|-crit|p1a: Terrakion
|-damage|p1a: Terrakion|140/323
|choice||switch 2
|
|switch|p2a: Reuniclus|Reuniclus, M|423/423
|
|upkeep
|turn|21
|choice|move stoneedge|move trickroom
|
|move|p1a: Terrakion|Stone Edge|p2a: Reuniclus
|-damage|p2a: Reuniclus|216/423
|move|p2a: Reuniclus|Trick Room|p2a: Reuniclus
|-fieldstart|move: Trick Room|[of] p2a: Reuniclus
|
|upkeep
|turn|22
|choice|move stoneedge|move psyshock
|
|move|p2a: Reuniclus|Psyshock|p1a: Terrakion
|-supereffective|p1a: Terrakion
|-damage|p1a: Terrakion|0 fnt
|faint|p1a: Terrakion
|
|upkeep
|choice|switch 6|
|
|switch|p1a: Tyranitar|Tyranitar, F|404/404
|-weather|Sandstorm|[from] ability: Sand Stream|[of] p1a: Tyranitar
|turn|23
|choice|move crunch|move focusblast
|
|move|p2a: Reuniclus|Focus Blast|p1a: Tyranitar
|-supereffective|p1a: Tyranitar
|-enditem|p1a: Tyranitar|Chople Berry|[eat]
|-enditem|p1a: Tyranitar|Chople Berry|[weaken]
|-damage|p1a: Tyranitar|209/404
|move|p1a: Tyranitar|Crunch|p2a: Reuniclus
|-supereffective|p2a: Reuniclus
|-damage|p2a: Reuniclus|0 fnt
|faint|p2a: Reuniclus
|
|-weather|Sandstorm|[upkeep]
|upkeep
|choice||switch 2
|
|switch|p2a: Scizor|Scizor, M|154/331
|turn|24
|choice|move fireblast|move swordsdance
|
|move|p1a: Tyranitar|Fire Blast|p2a: Scizor|[miss]
|-miss|p1a: Tyranitar|p2a: Scizor
|move|p2a: Scizor|Swords Dance|p2a: Scizor
|-boost|p2a: Scizor|atk|2
|
|-weather|Sandstorm|[upkeep]
|upkeep
|turn|25
|choice|move fireblast|move bulletpunch
|
|move|p2a: Scizor|Bullet Punch|p1a: Tyranitar
|-supereffective|p1a: Tyranitar
|-damage|p1a: Tyranitar|0 fnt
|faint|p1a: Tyranitar
|
|-weather|Sandstorm|[upkeep]
|-fieldend|move: Trick Room
|upkeep
|choice|switch 3|
|
|switch|p1a: Zapdos|Zapdos|191/375
|-ability|p1a: Zapdos|Pressure
|turn|26
|choice|move heatwave|move bulletpunch
|
|move|p2a: Scizor|Bullet Punch|p1a: Zapdos
|-resisted|p1a: Zapdos
|-damage|p1a: Zapdos|30/375
|move|p1a: Zapdos|Heat Wave|p2a: Scizor|[miss]
|-miss|p1a: Zapdos|p2a: Scizor
|
|-weather|Sandstorm|[upkeep]
|-damage|p1a: Zapdos|7/375|[from] sandstorm
|-heal|p1a: Zapdos|30/375|[from] item: Leftovers
|upkeep
|turn|27
|inactive|Battle timer is ON: inactive players will automatically lose when time's up. (requested by Bongi)
|choice|move thunderbolt|move bulletpunch
|
|move|p2a: Scizor|Bullet Punch|p1a: Zapdos
|-resisted|p1a: Zapdos
|-damage|p1a: Zapdos|0 fnt
|faint|p1a: Zapdos
|
|win|Bongi
|l|Bongi
|raw|BAB46's rating: 1429 &rarr; <strong>1400</strong><br />(-29 for losing)
|raw|Bongi's rating: 1271 &rarr; <strong>1307</strong><br />(+36 for winning)