|j|☆BWR Ashes
|j|☆Pineapple8081
|t:|1719607395
|gametype|singles
|player|p1|BWR Ashes|skier-gen2|1410
|player|p2|Pineapple8081|veteranf|1405
|teamsize|p1|6
|teamsize|p2|6
|gen|5
|tier|[Gen 5] OU
|rated|
|rule|Species Clause: Limit one of each Pokémon
|rule|OHKO Clause: OHKO moves are banned
|rule|Moody Clause: Moody is banned
|rule|Evasion Items Clause: Evasion items are banned
|rule|Evasion Moves Clause: Evasion moves are banned
|rule|Endless Battle Clause: Forcing endless battles is banned
|rule|HP Percentage Mod: HP is shown in percentages
|rule|Evasion Abilities Clause: Evasion abilities are banned
|rule|Sleep Moves Clause: Sleep-inducing moves are banned
|rule|Swagger Clause: Swagger is banned
|rule|Baton Pass Stat Clause: No Baton Passer may have a way to boost its stats
|clearpoke
|poke|p1|Politoed, M|item
|poke|p1|Mamoswine, F|item
|poke|p1|Tentacruel, M|item
|poke|p1|Thundurus-Therian, M|item
|poke|p1|Ferrothorn, M|item
|poke|p1|Latios, M|item
|poke|p2|Volcarona, F|item
|poke|p2|Aerodactyl, F|item
|poke|p2|Starmie|item
|poke|p2|Dragonite, M|item
|poke|p2|Scizor, F|item
|poke|p2|Breloom, F|item
|teampreview
|inactive|Battle timer is ON: inactive players will automatically lose when time's up. (requested by Pineapple8081)
|inactive|BWR Ashes has 120 seconds left.
|
|t:|1719607440
|start
|switch|p1a: Politoed|Politoed, M|100/100
|switch|p2a: Aerodactyl|Aerodactyl, F|100/100
|-ability|p2a: Aerodactyl|Pressure
|-weather|RainDance|[from] ability: Drizzle|[of] p1a: Politoed
|turn|1
|
|t:|1719607445
|move|p2a: Aerodactyl|Stealth Rock|p1a: Politoed
|-sidestart|p1: BWR Ashes|move: Stealth Rock
|move|p1a: Politoed|Scald|p2a: Aerodactyl
|-supereffective|p2a: Aerodactyl
|-enditem|p2a: Aerodactyl|Focus Sash
|-damage|p2a: Aerodactyl|1/100
|
|-weather|RainDance|[upkeep]
|upkeep
|turn|2
|
|t:|1719607454
|switch|p1a: Ferrothorn|Ferrothorn, M|100/100
|-damage|p1a: Ferrothorn|94/100|[from] Stealth Rock
|move|p2a: Aerodactyl|Double-Edge|p1a: Ferrothorn
|-resisted|p1a: Ferrothorn
|-damage|p1a: Ferrothorn|82/100
|-damage|p2a: Aerodactyl|0 fnt|[from] ability: Iron Barbs|[of] p1a: Ferrothorn
|faint|p2a: Aerodactyl
|
|-weather|RainDance|[upkeep]
|upkeep
|
|t:|1719607465
|switch|p2a: Breloom|Breloom, F|100/100
|turn|3
|
|t:|1719607473
|move|p2a: Breloom|Swords Dance|p2a: Breloom
|-boost|p2a: Breloom|atk|2
|move|p1a: Ferrothorn|Gyro Ball|p2a: Breloom
|-damage|p2a: Breloom|22/100
|
|-weather|RainDance|[upkeep]
|upkeep
|turn|4
|
|t:|1719607478
|move|p2a: Breloom|Low Sweep|p1a: Ferrothorn
|-supereffective|p1a: Ferrothorn
|-crit|p1a: Ferrothorn
|-damage|p1a: Ferrothorn|0 fnt
|-damage|p2a: Breloom|10/100|[from] ability: Iron Barbs|[of] p1a: Ferrothorn
|faint|p1a: Ferrothorn
|-damage|p2a: Breloom|0 fnt|[from] item: Life Orb
|faint|p2a: Breloom
|
|-weather|RainDance|[upkeep]
|upkeep
|
|t:|1719607493
|switch|p2a: Starmie|Starmie|100/100
|switch|p1a: Thundurus|Thundurus-Therian, M|100/100
|-item|p2a: Starmie|Air Balloon
|-damage|p1a: Thundurus|76/100|[from] Stealth Rock
|turn|5
|
|t:|1719607503
|switch|p1a: Tentacruel|Tentacruel, M|100/100
|-damage|p1a: Tentacruel|88/100|[from] Stealth Rock
|move|p2a: Starmie|Ice Beam|p1a: Tentacruel
|-resisted|p1a: Tentacruel
|-damage|p1a: Tentacruel|73/100
|
|-weather|RainDance|[upkeep]
|-heal|p1a: Tentacruel|79/100|[from] ability: Rain Dish
|-heal|p1a: Tentacruel|85/100|[from] item: Black Sludge
|upkeep
|turn|6
|
|t:|1719607509
|move|p2a: Starmie|Thunder|p1a: Tentacruel
|-supereffective|p1a: Tentacruel
|-damage|p1a: Tentacruel|28/100
|move|p1a: Tentacruel|Rapid Spin|p2a: Starmie
|-damage|p2a: Starmie|96/100
|-enditem|p2a: Starmie|Air Balloon
|-sideend|p1: BWR Ashes|Stealth Rock|[from] move: Rapid Spin|[of] p1a: Tentacruel
|
|-weather|RainDance|[upkeep]
|-heal|p1a: Tentacruel|34/100|[from] ability: Rain Dish
|-heal|p1a: Tentacruel|40/100|[from] item: Black Sludge
|upkeep
|turn|7
|
|t:|1719607513
|move|p1a: Tentacruel|Protect|p1a: Tentacruel
|-singleturn|p1a: Tentacruel|Protect
|move|p2a: Starmie|Thunder|p1a: Tentacruel
|-activate|p1a: Tentacruel|move: Protect
|
|-weather|RainDance|[upkeep]
|-heal|p1a: Tentacruel|46/100|[from] ability: Rain Dish
|-heal|p1a: Tentacruel|52/100|[from] item: Black Sludge
|upkeep
|turn|8
|
|t:|1719607520
|move|p2a: Starmie|Ice Beam|p1a: Tentacruel
|-resisted|p1a: Tentacruel
|-damage|p1a: Tentacruel|40/100
|move|p1a: Tentacruel|Toxic Spikes|p2a: Starmie
|-sidestart|p2: Pineapple8081|move: Toxic Spikes
|
|-weather|RainDance|[upkeep]
|-heal|p1a: Tentacruel|46/100|[from] ability: Rain Dish
|-heal|p1a: Tentacruel|52/100|[from] item: Black Sludge
|upkeep
|turn|9
|
|t:|1719607523
|switch|p1a: Thundurus|Thundurus-Therian, M|76/100
|move|p2a: Starmie|Rapid Spin|p1a: Thundurus
|-damage|p1a: Thundurus|70/100
|-sideend|p2: Pineapple8081|Toxic Spikes|[from] move: Rapid Spin|[of] p2a: Starmie
|
|-weather|RainDance|[upkeep]
|-heal|p1a: Thundurus|76/100|[from] item: Leftovers
|upkeep
|turn|10
|j| BillyFan
|
|t:|1719607540
|switch|p1a: Tentacruel|Tentacruel, M|52/100
|move|p2a: Starmie|Ice Beam|p1a: Tentacruel
|-resisted|p1a: Tentacruel
|-damage|p1a: Tentacruel|38/100
|
|-weather|RainDance|[upkeep]
|-heal|p1a: Tentacruel|44/100|[from] ability: Rain Dish
|-heal|p1a: Tentacruel|50/100|[from] item: Black Sludge
|upkeep
|turn|11
|
|t:|1719607542
|move|p1a: Tentacruel|Protect|p1a: Tentacruel
|-singleturn|p1a: Tentacruel|Protect
|move|p2a: Starmie|Thunder|p1a: Tentacruel
|-activate|p1a: Tentacruel|move: Protect
|
|-weather|RainDance|[upkeep]
|-heal|p1a: Tentacruel|57/100|[from] ability: Rain Dish
|-heal|p1a: Tentacruel|63/100|[from] item: Black Sludge
|upkeep
|turn|12
|
|t:|1719607546
|move|p2a: Starmie|Thunder|p1a: Tentacruel
|-supereffective|p1a: Tentacruel
|-crit|p1a: Tentacruel
|-damage|p1a: Tentacruel|0 fnt
|faint|p1a: Tentacruel
|
|-weather|RainDance|[upkeep]
|upkeep
|
|t:|1719607550
|switch|p1a: Latios|Latios, M|100/100
|turn|13
|
|t:|1719607552
|move|p1a: Latios|Draco Meteor|p2a: Starmie
|-damage|p2a: Starmie|0 fnt
|-unboost|p1a: Latios|spa|2
|faint|p2a: Starmie
|
|-weather|RainDance|[upkeep]
|upkeep
|
|t:|1719607558
|switch|p2a: Volcarona|Volcarona, F|100/100
|turn|14
|
|t:|1719607579
|switch|p1a: Thundurus|Thundurus-Therian, M|76/100
|move|p2a: Volcarona|Quiver Dance|p2a: Volcarona
|-boost|p2a: Volcarona|spa|1
|-boost|p2a: Volcarona|spd|1
|-boost|p2a: Volcarona|spe|1
|
|-weather|RainDance|[upkeep]
|-heal|p1a: Thundurus|83/100|[from] item: Leftovers
|upkeep
|turn|15
|
|t:|1719607584
|move|p2a: Volcarona|Quiver Dance|p2a: Volcarona
|-boost|p2a: Volcarona|spa|1
|-boost|p2a: Volcarona|spd|1
|-boost|p2a: Volcarona|spe|1
|move|p1a: Thundurus|Thunder|p2a: Volcarona
|-damage|p2a: Volcarona|66/100
|
|-weather|RainDance|[upkeep]
|-heal|p1a: Thundurus|89/100|[from] item: Leftovers
|upkeep
|turn|16
|
|t:|1719607587
|move|p2a: Volcarona|Psychic|p1a: Thundurus
|-damage|p1a: Thundurus|3/100
|move|p1a: Thundurus|Thunder|p2a: Volcarona
|-damage|p2a: Volcarona|25/100
|
|-weather|RainDance|[upkeep]
|-heal|p1a: Thundurus|9/100|[from] item: Leftovers
|upkeep
|turn|17
|
|t:|1719607591
|move|p2a: Volcarona|Psychic|p1a: Thundurus
|-damage|p1a: Thundurus|0 fnt
|faint|p1a: Thundurus
|
|-weather|RainDance|[upkeep]
|upkeep
|
|t:|1719607591
|switch|p1a: Mamoswine|Mamoswine, F|100/100
|turn|18
|
|t:|1719607595
|move|p2a: Volcarona|Psychic|p1a: Mamoswine
|-damage|p1a: Mamoswine|21/100
|move|p1a: Mamoswine|Earthquake|p2a: Volcarona
|-damage|p2a: Volcarona|0 fnt
|faint|p2a: Volcarona
|
|-weather|RainDance|[upkeep]
|upkeep
|
|t:|1719607598
|switch|p2a: Scizor|Scizor, F|100/100
|turn|19
|
|t:|1719607608
|move|p2a: Scizor|Bullet Punch|p1a: Mamoswine
|-supereffective|p1a: Mamoswine
|-damage|p1a: Mamoswine|0 fnt
|faint|p1a: Mamoswine
|-damage|p2a: Scizor|91/100|[from] item: Life Orb
|
|-weather|RainDance|[upkeep]
|upkeep
|
|t:|1719607610
|switch|p1a: Politoed|Politoed, M|100/100
|turn|20
|
|t:|1719607612
|move|p2a: Scizor|Superpower|p1a: Politoed
|-damage|p1a: Politoed|61/100
|-unboost|p2a: Scizor|atk|1
|-unboost|p2a: Scizor|def|1
|-damage|p2a: Scizor|81/100|[from] item: Life Orb
|move|p1a: Politoed|Scald|p2a: Scizor
|-damage|p2a: Scizor|28/100
|-status|p2a: Scizor|brn
|
|-weather|RainDance|[upkeep]
|-heal|p1a: Politoed|67/100|[from] item: Leftovers
|-damage|p2a: Scizor|16/100 brn|[from] brn
|upkeep
|turn|21
|
|t:|1719607616
|move|p1a: Politoed|Protect|p1a: Politoed
|-singleturn|p1a: Politoed|Protect
|move|p2a: Scizor|Bullet Punch|p1a: Politoed
|-activate|p1a: Politoed|move: Protect
|
|-weather|RainDance|[upkeep]
|-heal|p1a: Politoed|73/100|[from] item: Leftovers
|-damage|p2a: Scizor|3/100 brn|[from] brn
|upkeep
|turn|22
|
|t:|1719607618
|move|p1a: Politoed|Protect|p1a: Politoed
|-singleturn|p1a: Politoed|Protect
|move|p2a: Scizor|Bullet Punch|p1a: Politoed
|-activate|p1a: Politoed|move: Protect
|
|-weather|RainDance|[upkeep]
|-heal|p1a: Politoed|79/100|[from] item: Leftovers
|-damage|p2a: Scizor|0 fnt|[from] brn
|faint|p2a: Scizor
|upkeep
|
|t:|1719607621
|switch|p2a: Dragonite|Dragonite, M|100/100
|turn|23
|
|t:|1719607626
|move|p2a: Dragonite|Dragon Dance|p2a: Dragonite
|-boost|p2a: Dragonite|atk|1
|-boost|p2a: Dragonite|spe|1
|move|p1a: Politoed|Encore|p2a: Dragonite
|-start|p2a: Dragonite|Encore
|
|-weather|RainDance|[upkeep]
|-heal|p1a: Politoed|86/100|[from] item: Leftovers
|upkeep
|turn|24
|
|t:|1719607629
|switch|p1a: Latios|Latios, M|100/100
|move|p2a: Dragonite|Dragon Dance|p2a: Dragonite
|-boost|p2a: Dragonite|atk|1
|-boost|p2a: Dragonite|spe|1
|
|-weather|RainDance|[upkeep]
|upkeep
|turn|25
|
|t:|1719607632
|move|p1a: Latios|Trick|p2a: Dragonite
|-activate|p1a: Latios|move: Trick|[of] p2a: Dragonite
|-item|p2a: Dragonite|Choice Scarf|[from] move: Trick
|-item|p1a: Latios|Yache Berry|[from] move: Trick
|move|p2a: Dragonite|Dragon Dance|p2a: Dragonite
|-boost|p2a: Dragonite|atk|1
|-boost|p2a: Dragonite|spe|1
|
|-weather|RainDance|[upkeep]
|upkeep
|turn|26
|-message|Pineapple8081 forfeited.
|
|win|BWR Ashes
|raw|BWR Ashes's rating: 1410 &rarr; <strong>1430</strong><br />(+20 for winning)
|raw|Pineapple8081's rating: 1405 &rarr; <strong>1385</strong><br />(-20 for losing)
|l|☆Pineapple8081
|player|p2|
|l| BillyFan
