|j|☆CroCoeur
|j|☆Fat white girl hot
|player|p1|CroCoeur|161
|player|p2|Fat white girl hot|1
|teamsize|p1|6
|teamsize|p2|6
|gametype|singles
|gen|5
|tier|[Gen 5] OU
|rated|
|rule|Sleep Clause Mod: Limit one foe put to sleep
|rule|Species Clause: Limit one of each Pokémon
|rule|OHKO Clause: OHKO moves are banned
|rule|Moody Clause: Moody is banned
|rule|Evasion Moves Clause: Evasion moves are banned
|rule|Endless Battle Clause: Forcing endless battles is banned
|rule|HP Percentage Mod: HP is shown in percentages
|rule|Evasion Abilities Clause: Evasion abilities are banned
|rule|Baton Pass Clause: Limit one Baton Passer, can't pass Spe and other stats simultaneously
|rule|Swagger Clause: Swagger is banned
|clearpoke
|poke|p1|Politoed, M|item
|poke|p1|Vaporeon, F|item
|poke|p1|Celebi|item
|poke|p1|Ferrothorn, M|item
|poke|p1|Latios, M|item
|poke|p1|Jirachi|item
|poke|p2|Politoed, F|item
|poke|p2|Ferrothorn, F|item
|poke|p2|Jellicent, M|item
|poke|p2|Garchomp, F|item
|poke|p2|Forretress, F|item
|poke|p2|Zapdos|item
|teampreview
|
|start
|switch|p1a: Politoed|Politoed, M|100/100
|switch|p2a: Garchomp|Garchomp, F|100/100
|-weather|RainDance|[from] ability: Drizzle|[of] p1a: Politoed
|turn|1
|
|move|p1a: Politoed|Ice Beam|p2a: Garchomp
|-supereffective|p2a: Garchomp
|-damage|p2a: Garchomp|0
|faint|p2a: Garchomp
|
|-weather|RainDance|[upkeep]
|upkeep
|
|switch|p2a: Ferrothorn|Ferrothorn, F|100/100
|turn|2
|
|switch|p1a: Ferrothorn|Ferrothorn, M|100/100
|move|p2a: Ferrothorn|Spikes|p1a: Ferrothorn
|-sidestart|p1: CroCoeur|Spikes
|
|-weather|RainDance|[upkeep]
|upkeep
|turn|3
|
|move|p1a: Ferrothorn|Stealth Rock|p2a: Ferrothorn
|-sidestart|p2: Fat white girl hot|move: Stealth Rock
|move|p2a: Ferrothorn|Spikes|p1a: Ferrothorn
|-sidestart|p1: CroCoeur|Spikes
|
|-weather|RainDance|[upkeep]
|upkeep
|turn|4
|
|move|p1a: Ferrothorn|Spikes|p2a: Ferrothorn
|-sidestart|p2: Fat white girl hot|Spikes
|move|p2a: Ferrothorn|Spikes|p1a: Ferrothorn
|-sidestart|p1: CroCoeur|Spikes
|
|-weather|RainDance|[upkeep]
|upkeep
|turn|5
|
|switch|p2a: Forretress|Forretress, F|100/100
|-damage|p2a: Forretress|88/100|[from] Stealth Rock
|-damage|p2a: Forretress|76/100|[from] Spikes
|move|p1a: Ferrothorn|Leech Seed|p2a: Forretress
|-start|p2a: Forretress|move: Leech Seed
|
|-weather|RainDance|[upkeep]
|-heal|p2a: Forretress|82/100|[from] item: Leftovers
|-damage|p2a: Forretress|69/100|[from] Leech Seed|[of] p1a: Ferrothorn
|upkeep
|turn|6
|
|move|p2a: Forretress|Rapid Spin|p1a: Ferrothorn
|-resisted|p1a: Ferrothorn
|-damage|p1a: Ferrothorn|99/100
|-damage|p2a: Forretress|57/100|[from] ability: Iron Barbs|[of] p1a: Ferrothorn
|-end|p2a: Forretress|Leech Seed|[from] move: Rapid Spin|[of] p2a: Forretress
|-sideend|p2: Fat white girl hot|Spikes|[from] move: Rapid Spin|[of] p2a: Forretress
|-sideend|p2: Fat white girl hot|Stealth Rock|[from] move: Rapid Spin|[of] p2a: Forretress
|move|p1a: Ferrothorn|Leech Seed|p2a: Forretress
|-start|p2a: Forretress|move: Leech Seed
|
|-weather|RainDance|[upkeep]
|-heal|p2a: Forretress|63/100|[from] item: Leftovers
|-heal|p1a: Ferrothorn|100/100|[from] item: Leftovers
|-damage|p2a: Forretress|51/100|[from] Leech Seed|[of] p1a: Ferrothorn
|upkeep
|turn|7
|
|move|p2a: Forretress|Toxic Spikes|p1a: Ferrothorn
|-sidestart|p1: CroCoeur|move: Toxic Spikes
|move|p1a: Ferrothorn|Leech Seed|p2a: Forretress
|-fail|p1a: Ferrothorn
|
|-weather|RainDance|[upkeep]
|-heal|p2a: Forretress|57/100|[from] item: Leftovers
|-damage|p2a: Forretress|44/100|[from] Leech Seed|[of] p1a: Ferrothorn
|upkeep
|turn|8
|
|move|p2a: Forretress|Toxic Spikes|p1a: Ferrothorn
|-sidestart|p1: CroCoeur|move: Toxic Spikes
|move|p1a: Ferrothorn|Stealth Rock|p2a: Forretress
|-sidestart|p2: Fat white girl hot|move: Stealth Rock
|
|-weather|RainDance|[upkeep]
|-heal|p2a: Forretress|51/100|[from] item: Leftovers
|-damage|p2a: Forretress|38/100|[from] Leech Seed|[of] p1a: Ferrothorn
|upkeep
|turn|9
|
|move|p2a: Forretress|Rapid Spin|p1a: Ferrothorn
|-resisted|p1a: Ferrothorn
|-damage|p1a: Ferrothorn|99/100
|-damage|p2a: Forretress|26/100|[from] ability: Iron Barbs|[of] p1a: Ferrothorn
|-end|p2a: Forretress|Leech Seed|[from] move: Rapid Spin|[of] p2a: Forretress
|-sideend|p2: Fat white girl hot|Stealth Rock|[from] move: Rapid Spin|[of] p2a: Forretress
|move|p1a: Ferrothorn|Leech Seed|p2a: Forretress
|-start|p2a: Forretress|move: Leech Seed
|
|-weather|RainDance|[upkeep]
|-heal|p2a: Forretress|32/100|[from] item: Leftovers
|-heal|p1a: Ferrothorn|100/100|[from] item: Leftovers
|-damage|p2a: Forretress|19/100|[from] Leech Seed|[of] p1a: Ferrothorn
|upkeep
|turn|10
|
|switch|p2a: Ferrothorn|Ferrothorn, F|100/100
|move|p1a: Ferrothorn|Leech Seed|p2a: Ferrothorn
|-immune|p2a: Ferrothorn|[msg]
|
|-weather|RainDance|[upkeep]
|upkeep
|turn|11
|
|move|p1a: Ferrothorn|Stealth Rock|p2a: Ferrothorn
|-sidestart|p2: Fat white girl hot|move: Stealth Rock
|move|p2a: Ferrothorn|Curse|p2a: Ferrothorn
|-unboost|p2a: Ferrothorn|spe|1
|-boost|p2a: Ferrothorn|atk|1
|-boost|p2a: Ferrothorn|def|1
|
|-weather|RainDance|[upkeep]
|upkeep
|turn|12
|
|move|p1a: Ferrothorn|Spikes|p2a: Ferrothorn
|-sidestart|p2: Fat white girl hot|Spikes
|move|p2a: Ferrothorn|Curse|p2a: Ferrothorn
|-unboost|p2a: Ferrothorn|spe|1
|-boost|p2a: Ferrothorn|atk|1
|-boost|p2a: Ferrothorn|def|1
|
|-weather|RainDance|[upkeep]
|upkeep
|turn|13
|
|move|p1a: Ferrothorn|Spikes|p2a: Ferrothorn
|-sidestart|p2: Fat white girl hot|Spikes
|move|p2a: Ferrothorn|Curse|p2a: Ferrothorn
|-unboost|p2a: Ferrothorn|spe|1
|-boost|p2a: Ferrothorn|atk|1
|-boost|p2a: Ferrothorn|def|1
|
|-weather|RainDance|[upkeep]
|upkeep
|turn|14
|
|move|p1a: Ferrothorn|Spikes|p2a: Ferrothorn
|-sidestart|p2: Fat white girl hot|Spikes
|move|p2a: Ferrothorn|Curse|p2a: Ferrothorn
|-unboost|p2a: Ferrothorn|spe|1
|-boost|p2a: Ferrothorn|atk|1
|-boost|p2a: Ferrothorn|def|1
|
|-weather|RainDance|[upkeep]
|upkeep
|turn|15
|
|move|p1a: Ferrothorn|Leech Seed|p2a: Ferrothorn
|-immune|p2a: Ferrothorn|[msg]
|move|p2a: Ferrothorn|Curse|p2a: Ferrothorn
|-unboost|p2a: Ferrothorn|spe|1
|-boost|p2a: Ferrothorn|atk|1
|-boost|p2a: Ferrothorn|def|1
|
|-weather|RainDance|[upkeep]
|upkeep
|turn|16
|
|move|p1a: Ferrothorn|Leech Seed|p2a: Ferrothorn
|-immune|p2a: Ferrothorn|[msg]
|move|p2a: Ferrothorn|Curse|p2a: Ferrothorn
|-unboost|p2a: Ferrothorn|spe|1
|-boost|p2a: Ferrothorn|atk|1
|-boost|p2a: Ferrothorn|def|1
|
|-weather|RainDance|[upkeep]
|upkeep
|turn|17
|
|move|p1a: Ferrothorn|Leech Seed|p2a: Ferrothorn
|-immune|p2a: Ferrothorn|[msg]
|move|p2a: Ferrothorn|Gyro Ball|p1a: Ferrothorn
|-resisted|p1a: Ferrothorn
|-damage|p1a: Ferrothorn|37/100
|-damage|p2a: Ferrothorn|88/100|[from] ability: Iron Barbs|[of] p1a: Ferrothorn
|
|-weather|RainDance|[upkeep]
|-heal|p1a: Ferrothorn|43/100|[from] item: Leftovers
|-heal|p2a: Ferrothorn|94/100|[from] item: Leftovers
|upkeep
|turn|18
|
|move|p1a: Ferrothorn|Leech Seed|p2a: Ferrothorn
|-immune|p2a: Ferrothorn|[msg]
|move|p2a: Ferrothorn|Gyro Ball|p1a: Ferrothorn
|-resisted|p1a: Ferrothorn
|-damage|p1a: Ferrothorn|0
|-damage|p2a: Ferrothorn|82/100|[from] ability: Iron Barbs|[of] p1a: Ferrothorn
|faint|p1a: Ferrothorn
|
|-weather|RainDance|[upkeep]
|-heal|p2a: Ferrothorn|88/100|[from] item: Leftovers
|upkeep
|
|switch|p1a: Celebi|Celebi|100/100
|-status|p1a: Celebi|tox
|-damage|p1a: Celebi|75/100 tox|[from] Spikes
|turn|19
|
|move|p1a: Celebi|Perish Song|p1a: Celebi
|-start|p1a: Celebi|perish3|[silent]
|-start|p2a: Ferrothorn|perish3|[silent]
|-fieldactivate|move: Perish Song
|move|p2a: Ferrothorn|Gyro Ball|p1a: Celebi
|-damage|p1a: Celebi|0 tox
|faint|p1a: Celebi
|
|-weather|RainDance|[upkeep]
|-heal|p2a: Ferrothorn|94/100|[from] item: Leftovers
|-start|p2a: Ferrothorn|perish3
|upkeep
|
|switch|p1a: Jirachi|Jirachi|100/100
|-damage|p1a: Jirachi|75/100|[from] Spikes
|turn|20
|
|move|p1a: Jirachi|Substitute|p1a: Jirachi
|-start|p1a: Jirachi|Substitute
|-damage|p1a: Jirachi|50/100
|move|p2a: Ferrothorn|Gyro Ball|p1a: Jirachi
|-resisted|p1a: Jirachi
|-end|p1a: Jirachi|Substitute
|
|-weather|RainDance|[upkeep]
|-heal|p1a: Jirachi|57/100|[from] item: Leftovers
|-heal|p2a: Ferrothorn|100/100|[from] item: Leftovers
|-start|p2a: Ferrothorn|perish2
|upkeep
|turn|21
|
|move|p1a: Jirachi|Substitute|p1a: Jirachi
|-start|p1a: Jirachi|Substitute
|-damage|p1a: Jirachi|32/100
|move|p2a: Ferrothorn|Gyro Ball|p1a: Jirachi
|-resisted|p1a: Jirachi
|-end|p1a: Jirachi|Substitute
|
|-weather|RainDance|[upkeep]
|-heal|p1a: Jirachi|38/100|[from] item: Leftovers
|-start|p2a: Ferrothorn|perish1
|upkeep
|turn|22
|
|move|p1a: Jirachi|Substitute|p1a: Jirachi
|-start|p1a: Jirachi|Substitute
|-damage|p1a: Jirachi|13/100
|move|p2a: Ferrothorn|Gyro Ball|p1a: Jirachi
|-resisted|p1a: Jirachi
|-end|p1a: Jirachi|Substitute
|
|-weather|RainDance|[upkeep]
|-heal|p1a: Jirachi|19/100|[from] item: Leftovers
|-start|p2a: Ferrothorn|perish0
|upkeep
|faint|p2a: Ferrothorn
|
|switch|p2a: Zapdos|Zapdos|100/100
|-damage|p2a: Zapdos|76/100|[from] Stealth Rock
|-ability|p2a: Zapdos|Pressure
|turn|23
|
|move|p1a: Jirachi|Thunder|p2a: Zapdos
|-damage|p2a: Zapdos|50/100
|move|p2a: Zapdos|Substitute|p2a: Zapdos
|-start|p2a: Zapdos|Substitute
|-damage|p2a: Zapdos|25/100
|
|-weather|RainDance|[upkeep]
|-heal|p1a: Jirachi|25/100|[from] item: Leftovers
|-heal|p2a: Zapdos|31/100|[from] item: Leftovers
|upkeep
|turn|24
|
|move|p1a: Jirachi|Water Pulse|p2a: Zapdos
|-activate|p2a: Zapdos|Substitute|[damage]
|move|p2a: Zapdos|Roost|p2a: Zapdos
|-heal|p2a: Zapdos|81/100
|
|-weather|RainDance|[upkeep]
|-heal|p1a: Jirachi|31/100|[from] item: Leftovers
|-heal|p2a: Zapdos|87/100|[from] item: Leftovers
|upkeep
|turn|25
|
|move|p1a: Jirachi|Calm Mind|p1a: Jirachi
|-boost|p1a: Jirachi|spa|1
|-boost|p1a: Jirachi|spd|1
|move|p2a: Zapdos|Thunder|p1a: Jirachi
|-damage|p1a: Jirachi|0
|faint|p1a: Jirachi
|
|-weather|RainDance|[upkeep]
|-heal|p2a: Zapdos|93/100|[from] item: Leftovers
|upkeep
|c|☆Fat white girl hot|Gg
|inactive|Battle timer is ON: inactive players will automatically lose when time's up. (requested by Fat white girl hot)
|
|switch|p1a: Latios|Latios, M|100/100
|turn|26
|
|move|p1a: Latios|Psyshock|p2a: Zapdos
|-end|p2a: Zapdos|Substitute
|move|p2a: Zapdos|Substitute|p2a: Zapdos
|-start|p2a: Zapdos|Substitute
|-damage|p2a: Zapdos|68/100
|
|-weather|RainDance|[upkeep]
|-heal|p2a: Zapdos|75/100|[from] item: Leftovers
|upkeep
|turn|27
|
|move|p1a: Latios|Psyshock|p2a: Zapdos
|-end|p2a: Zapdos|Substitute
|move|p2a: Zapdos|Thunder|p1a: Latios
|-resisted|p1a: Latios
|-damage|p1a: Latios|69/100
|
|-weather|RainDance|[upkeep]
|-heal|p2a: Zapdos|81/100|[from] item: Leftovers
|upkeep
|turn|28
|
|move|p1a: Latios|Psyshock|p2a: Zapdos
|-damage|p2a: Zapdos|34/100
|move|p2a: Zapdos|Thunder|p1a: Latios
|-resisted|p1a: Latios
|-damage|p1a: Latios|38/100
|
|-weather|RainDance|[upkeep]
|-heal|p2a: Zapdos|40/100|[from] item: Leftovers
|upkeep
|turn|29
|
|switch|p2a: Forretress|Forretress, F|19/100
|-damage|p2a: Forretress|7/100|[from] Stealth Rock
|-damage|p2a: Forretress|0|[from] Spikes
|faint|p2a: Forretress
|move|p1a: Latios|Psyshock|p2: Forretress|[notarget]
|-notarget
|
|-weather|RainDance|[upkeep]
|upkeep
|
|switch|p2a: Jellicent|Jellicent, M|100/100
|-damage|p2a: Jellicent|76/100|[from] Spikes
|-damage|p2a: Jellicent|63/100|[from] Stealth Rock
|turn|30
|
|switch|p1a: Vaporeon|Vaporeon, F|100/100
|-damage|p1a: Vaporeon|76/100|[from] Spikes
|-status|p1a: Vaporeon|tox
|move|p2a: Jellicent|Recover|p2a: Jellicent
|-heal|p2a: Jellicent|100/100
|
|-weather|RainDance|[upkeep]
|-activate|p1a: Vaporeon|ability: Hydration
|-curestatus|p1a: Vaporeon|tox|[msg]
|-heal|p1a: Vaporeon|82/100|[from] item: Leftovers
|upkeep
|turn|31
|inactive|Fat white girl hot has 135 seconds left.
|
|move|p2a: Jellicent|Taunt|p1a: Vaporeon
|-start|p1a: Vaporeon|move: Taunt
|cant|p1a: Vaporeon|move: Taunt|Roar
|
|-weather|RainDance|[upkeep]
|-heal|p1a: Vaporeon|88/100|[from] item: Leftovers
|upkeep
|turn|32
|inactive|CroCoeur has 135 seconds left.
|
|move|p2a: Jellicent|Shadow Ball|p1a: Vaporeon
|-damage|p1a: Vaporeon|73/100
|move|p1a: Vaporeon|Scald|p2a: Jellicent
|-immune|p2a: Jellicent|[msg]|[from] ability: Water Absorb
|
|-weather|RainDance|[upkeep]
|-heal|p1a: Vaporeon|79/100|[from] item: Leftovers
|upkeep
|turn|33
|
|switch|p1a: Politoed|Politoed, M|100/100
|-damage|p1a: Politoed|76/100|[from] Spikes
|-status|p1a: Politoed|tox
|move|p2a: Jellicent|Shadow Ball|p1a: Politoed
|-damage|p1a: Politoed|50/100 tox
|
|-weather|RainDance|[upkeep]
|-damage|p1a: Politoed|44/100 tox|[from] psn
|upkeep
|turn|34
|inactive|Fat white girl hot has 135 seconds left.
|
|move|p1a: Politoed|Perish Song|p1a: Politoed
|-start|p1a: Politoed|perish3|[silent]
|-start|p2a: Jellicent|perish3|[silent]
|-fieldactivate|move: Perish Song
|move|p2a: Jellicent|Shadow Ball|p1a: Politoed
|-damage|p1a: Politoed|20/100 tox
|
|-weather|RainDance|[upkeep]
|-damage|p1a: Politoed|7/100 tox|[from] psn
|-start|p1a: Politoed|perish3
|-start|p2a: Jellicent|perish3
|upkeep
|turn|35
|inactive|CroCoeur has 135 seconds left.
|
|switch|p2a: Zapdos|Zapdos|40/100
|-damage|p2a: Zapdos|16/100|[from] Stealth Rock
|-ability|p2a: Zapdos|Pressure
|move|p1a: Politoed|Perish Song|p1a: Politoed
|-start|p2a: Zapdos|perish3|[silent]
|-fieldactivate|move: Perish Song
|
|-weather|RainDance|[upkeep]
|-heal|p2a: Zapdos|22/100|[from] item: Leftovers
|-damage|p1a: Politoed|0 tox|[from] psn
|-start|p1a: Politoed|perish2
|-start|p2a: Zapdos|perish3
|upkeep
|faint|p1a: Politoed
|inactive|CroCoeur has 135 seconds left.
|
|switch|p1a: Vaporeon|Vaporeon, F|79/100
|-damage|p1a: Vaporeon|54/100|[from] Spikes
|-status|p1a: Vaporeon|tox
|turn|36
|
|move|p2a: Zapdos|Thunder|p1a: Vaporeon
|-supereffective|p1a: Vaporeon
|-damage|p1a: Vaporeon|0 tox
|faint|p1a: Vaporeon
|
|-weather|RainDance|[upkeep]
|-heal|p2a: Zapdos|28/100|[from] item: Leftovers
|-start|p2a: Zapdos|perish2
|upkeep
|
|switch|p1a: Latios|Latios, M|38/100
|turn|37
|
|move|p1a: Latios|Thunder|p2a: Zapdos
|-damage|p2a: Zapdos|0
|faint|p2a: Zapdos
|
|-weather|RainDance|[upkeep]
|upkeep
|
|switch|p2a: Jellicent|Jellicent, M|100/100
|-damage|p2a: Jellicent|76/100|[from] Spikes
|-damage|p2a: Jellicent|63/100|[from] Stealth Rock
|turn|38
|
|move|p1a: Latios|Thunder|p2a: Jellicent
|-supereffective|p2a: Jellicent
|-damage|p2a: Jellicent|0
|faint|p2a: Jellicent
|
|-weather|RainDance|[upkeep]
|upkeep
|
|switch|p2a: Politoed|Politoed, F|100/100
|-damage|p2a: Politoed|88/100|[from] Stealth Rock
|-damage|p2a: Politoed|63/100|[from] Spikes
|turn|39
|
|move|p1a: Latios|Thunder|p2a: Politoed
|-supereffective|p2a: Politoed
|-damage|p2a: Politoed|0
|faint|p2a: Politoed
|
|win|CroCoeur
|c|☆CroCoeur|Like you said, gg
|c|☆Fat white girl hot|Piss off
|raw|CroCoeur's rating: 1442 &rarr; <strong>1456</strong><br />(+14 for winning)
|raw|Fat white girl hot's rating: 1323 &rarr; <strong>1310</strong><br />(-13 for losing)
|c|☆Fat white girl hot|Virigin
|l|☆Fat white girl hot
