|j|☆TheetumThoor
|j|☆CalamityGreed
|player|p1|TheetumThoor|2|1343
|player|p2|CalamityGreed|170|1323
|teamsize|p1|6
|teamsize|p2|6
|gametype|singles
|gen|5
|tier|[Gen 5] OU
|rated|
|rule|Sleep Clause Mod: Limit one foe put to sleep
|rule|Species Clause: Limit one of each Pokémon
|rule|OHKO Clause: OHKO moves are banned
|rule|Moody Clause: Moody is banned
|rule|Evasion Moves Clause: Evasion moves are banned
|rule|Endless Battle Clause: Forcing endless battles is banned
|rule|HP Percentage Mod: HP is shown in percentages
|rule|Evasion Abilities Clause: Evasion abilities are banned
|rule|Baton Pass Clause: Limit one Baton Passer, can't pass Spe and other stats simultaneously
|rule|Swagger Clause: Swagger is banned
|clearpoke
|poke|p1|Tyranitar, F|item
|poke|p1|Gliscor, F|item
|poke|p1|Skarmory, F|item
|poke|p1|Jellicent, M|item
|poke|p1|Breloom, M|item
|poke|p1|Alakazam, M|item
|poke|p2|Tyranitar, M|item
|poke|p2|Landorus-Therian, M|item
|poke|p2|Garchomp, M|item
|poke|p2|Latios, M|item
|poke|p2|Jirachi|item
|poke|p2|Keldeo|item
|teampreview
|
|start
|switch|p1a: Gliscor|Gliscor, F|100/100
|switch|p2a: Beach Boy|Garchomp, M|100/100
|turn|1
|inactive|Battle timer is ON: inactive players will automatically lose when time's up. (requested by TheetumThoor)
|
|move|p2a: Beach Boy|Substitute|p2a: Beach Boy
|-start|p2a: Beach Boy|Substitute
|-damage|p2a: Beach Boy|76/100
|move|p1a: Gliscor|Toxic||[still]
|-fail|p1a: Gliscor
|
|-status|p1a: Gliscor|tox|[from] item: Toxic Orb
|upkeep
|turn|2
|
|move|p2a: Beach Boy|Swords Dance|p2a: Beach Boy
|-boost|p2a: Beach Boy|atk|2
|move|p1a: Gliscor|Taunt|p2a: Beach Boy
|-start|p2a: Beach Boy|move: Taunt
|
|upkeep
|turn|3
|
|switch|p1a: Skarmory|Skarmory, F|100/100
|move|p2a: Beach Boy|Outrage|p1a: Skarmory
|-enditem|p2a: Beach Boy|Dragon Gem|[from] gem|[move] Outrage
|-resisted|p1a: Skarmory
|-damage|p1a: Skarmory|44/100
|
|-heal|p1a: Skarmory|50/100|[from] item: Leftovers
|upkeep
|turn|4
|
|switch|p1a: Gliscor|Gliscor, F|100/100 tox
|move|p2a: Beach Boy|Outrage|p1a: Gliscor|[from]lockedmove
|-damage|p1a: Gliscor|17/100 tox
|
|-heal|p1a: Gliscor|29/100 tox|[from] ability: Poison Heal
|upkeep
|turn|5
|
|move|p1a: Gliscor|Protect|p1a: Gliscor
|-singleturn|p1a: Gliscor|Protect
|move|p2a: Beach Boy|Outrage|p1a: Gliscor|[from]lockedmove
|-activate|p1a: Gliscor|move: Protect
|-start|p2a: Beach Boy|confusion|[fatigue]
|
|-heal|p1a: Gliscor|41/100 tox|[from] ability: Poison Heal
|-end|p2a: Beach Boy|move: Taunt
|upkeep
|turn|6
|
|switch|p1a: Skarmory|Skarmory, F|50/100
|-activate|p2a: Beach Boy|confusion
|move|p2a: Beach Boy|Outrage|p1a: Skarmory
|-resisted|p1a: Skarmory
|-damage|p1a: Skarmory|7/100
|
|-heal|p1a: Skarmory|13/100|[from] item: Leftovers
|upkeep
|turn|7
|
|-activate|p2a: Beach Boy|confusion
|move|p2a: Beach Boy|Outrage|p1a: Skarmory|[from]lockedmove
|-resisted|p1a: Skarmory
|-damage|p1a: Skarmory|0 fnt
|faint|p1a: Skarmory
|
|upkeep
|
|switch|p1a: Gliscor|Gliscor, F|41/100 tox
|turn|8
|
|-activate|p2a: Beach Boy|confusion
|move|p2a: Beach Boy|Outrage|p1a: Gliscor
|-damage|p1a: Gliscor|0 fnt
|faint|p1a: Gliscor
|
|upkeep
|c|☆TheetumThoor|no consusion
|c|☆TheetumThoor|confusion*
|c|☆CalamityGreed|yeah
|c|☆TheetumThoor|damn
|
|switch|p1a: Alakazam|Alakazam, M|100/100
|turn|9
|c|☆CalamityGreed|you should had stay in with skarm
|c|☆CalamityGreed|and roost stall me
|
|move|p1a: Alakazam|Psyshock|p2a: Beach Boy
|-end|p2a: Beach Boy|Substitute
|-activate|p2a: Beach Boy|confusion
|move|p2a: Beach Boy|Outrage|p1a: Alakazam|[from]lockedmove
|-enditem|p1a: Alakazam|Focus Sash
|-damage|p1a: Alakazam|1/100
|
|upkeep
|turn|10
|c|☆TheetumThoor|yea i fucked up
|c|☆CalamityGreed|or went zam
|c|☆TheetumThoor|i didnt realize you had dragon gem i thought skarm would die regardless
|c|☆TheetumThoor|my mistake
|inactive|TheetumThoor has 120 seconds left.
|
|move|p1a: Alakazam|Psyshock|p2a: Beach Boy
|-damage|p2a: Beach Boy|35/100
|-end|p2a: Beach Boy|confusion
|move|p2a: Beach Boy|Outrage|p1a: Alakazam|[from]lockedmove
|-damage|p1a: Alakazam|0 fnt
|-start|p2a: Beach Boy|confusion|[fatigue]
|faint|p1a: Alakazam
|
|upkeep
|inactive|TheetumThoor has 120 seconds left.
|c|☆CalamityGreed|do you not have hp ice
|
|switch|p1a: Jellicent|Jellicent, M|100/100
|turn|11
|c|☆TheetumThoor|nah
|
|-activate|p2a: Beach Boy|confusion
|move|p2a: Beach Boy|Outrage|p1a: Jellicent
|-damage|p1a: Jellicent|0 fnt
|faint|p1a: Jellicent
|
|upkeep
|c|☆CalamityGreed|you should man
|c|☆TheetumThoor|i dont usually play with this team its supposed to be stall
|c|☆TheetumThoor|was just trying it out
|
|switch|p1a: Tyranitar|Tyranitar, F|100/100
|-weather|Sandstorm|[from] ability: Sand Stream|[of] p1a: Tyranitar
|turn|12
|c|☆TheetumThoor|didnt work lol
|c|☆CalamityGreed|not looking like stall man
|c|☆CalamityGreed|that look like balance
|c|☆TheetumThoor|lmao
|j| KaloPolyKalo
|c|☆CalamityGreed|or Bo
|inactive|CalamityGreed has 120 seconds left.
|
|-activate|p2a: Beach Boy|confusion
|move|p2a: Beach Boy|Outrage|p1a: Tyranitar|[from]lockedmove
|-damage|p1a: Tyranitar|0 fnt
|faint|p1a: Tyranitar
|
|-weather|Sandstorm|[upkeep]
|upkeep
|
|switch|p1a: Breloom|Breloom, M|100/100
|turn|13
|c|☆TheetumThoor|yea its stall
|c|☆TheetumThoor|i just played it wrong lol
|
|-activate|p2a: Beach Boy|confusion
|-damage|p2a: Beach Boy|3/100|[from] confusion
|move|p1a: Breloom|Drain Punch|p2a: Beach Boy
|-damage|p2a: Beach Boy|0 fnt
|-damage|p1a: Breloom|88/100|[from] ability: Rough Skin|[of] p2a: Beach Boy
|faint|p2a: Beach Boy
|
|-weather|Sandstorm|[upkeep]
|-damage|p1a: Breloom|82/100|[from] Sandstorm
|-status|p1a: Breloom|tox|[from] item: Toxic Orb
|upkeep
|
|switch|p2a: Aerosmith|Latios, M, shiny|100/100
|turn|14
|
|move|p2a: Aerosmith|Psyshock|p1a: Breloom
|-supereffective|p1a: Breloom
|-damage|p1a: Breloom|0 fnt
|faint|p1a: Breloom
|
|win|CalamityGreed
|c|☆TheetumThoor|gg
|c|☆CalamityGreed|gg
|raw|TheetumThoor's rating: 1343 &rarr; <strong>1322</strong><br />(-21 for losing)
|raw|CalamityGreed's rating: 1323 &rarr; <strong>1344</strong><br />(+21 for winning)
