|j|☆torinoko city
|j|☆thebestever543
|t:|1707473412
|gametype|singles
|player|p1|torinoko city|miku-flying|1535
|player|p2|thebestever543|koga-gen2|1349
|teamsize|p1|6
|teamsize|p2|6
|gen|5
|tier|[Gen 5] OU
|rated|
|rule|Species Clause: Limit one of each Pokémon
|rule|OHKO Clause: OHKO moves are banned
|rule|Moody Clause: Moody is banned
|rule|Evasion Items Clause: Evasion items are banned
|rule|Evasion Moves Clause: Evasion moves are banned
|rule|Endless Battle Clause: Forcing endless battles is banned
|rule|HP Percentage Mod: HP is shown in percentages
|rule|Evasion Abilities Clause: Evasion abilities are banned
|rule|Sleep Moves Clause: Sleep-inducing moves are banned
|rule|Swagger Clause: Swagger is banned
|rule|Baton Pass Stat Clause: No Baton Passer may have a way to boost its stats
|clearpoke
|poke|p1|Abomasnow, F|item
|poke|p1|Cloyster, F|item
|poke|p1|Dragonite, M|item
|poke|p1|Volcarona, F|item
|poke|p1|Jirachi|item
|poke|p1|Garchomp, M|item
|poke|p2|Celebi|item
|poke|p2|Tentacruel, M|item
|poke|p2|Skarmory, F|item
|poke|p2|Gliscor, F|item
|poke|p2|Tyranitar, M|item
|poke|p2|Scizor, F|item
|teampreview
|inactive|Battle timer is ON: inactive players will automatically lose when time's up. (requested by torinoko city)
|
|t:|1707473421
|start
|switch|p1a: mr chomps|Garchomp, M|100/100
|switch|p2a: Scizor|Scizor, F|100/100
|turn|1
|
|t:|1707473428
|move|p2a: Scizor|Bullet Punch|p1a: mr chomps
|-damage|p1a: mr chomps|46/100
|-damage|p2a: Scizor|88/100|[from] ability: Rough Skin|[of] p1a: mr chomps
|move|p1a: mr chomps|Stealth Rock|p2a: Scizor
|-sidestart|p2: thebestever543|move: Stealth Rock
|
|upkeep
|turn|2
|j| LightningSword6354
|
|t:|1707473435
|switch|p1a: Jirachi|Jirachi|100/100
|move|p2a: Scizor|Bullet Punch|p1a: Jirachi
|-resisted|p1a: Jirachi
|-damage|p1a: Jirachi|75/100
|
|upkeep
|turn|3
|
|t:|1707473439
|move|p2a: Scizor|Bullet Punch|p1a: Jirachi
|-resisted|p1a: Jirachi
|-damage|p1a: Jirachi|52/100
|move|p1a: Jirachi|U-turn|p2a: Scizor
|-resisted|p2a: Scizor
|-damage|p2a: Scizor|76/100
|
|t:|1707473442
|switch|p1a: Volcarona|Volcarona, F|100/100|[from] U-turn
|
|upkeep
|turn|4
|
|t:|1707473448
|switch|p2a: Tentacruel|Tentacruel, M|100/100
|-damage|p2a: Tentacruel|88/100|[from] Stealth Rock
|move|p1a: Volcarona|Quiver Dance|p1a: Volcarona
|-boost|p1a: Volcarona|spa|1
|-boost|p1a: Volcarona|spd|1
|-boost|p1a: Volcarona|spe|1
|
|-heal|p2a: Tentacruel|94/100|[from] item: Black Sludge
|upkeep
|turn|5
|
|t:|1707473462
|move|p1a: Volcarona|Bug Buzz|p2a: Tentacruel
|-resisted|p2a: Tentacruel
|-damage|p2a: Tentacruel|64/100
|move|p2a: Tentacruel|Toxic|p1a: Volcarona
|-status|p1a: Volcarona|tox
|-enditem|p1a: Volcarona|Lum Berry|[eat]
|-curestatus|p1a: Volcarona|tox|[msg]
|
|-heal|p2a: Tentacruel|70/100|[from] item: Black Sludge
|upkeep
|turn|6
|
|t:|1707473466
|move|p1a: Volcarona|Bug Buzz|p2a: Tentacruel
|-resisted|p2a: Tentacruel
|-damage|p2a: Tentacruel|38/100
|move|p2a: Tentacruel|Toxic|p1a: Volcarona
|-status|p1a: Volcarona|tox
|
|-heal|p2a: Tentacruel|44/100|[from] item: Black Sludge
|-damage|p1a: Volcarona|94/100 tox|[from] psn
|upkeep
|turn|7
|
|t:|1707473470
|switch|p1a: mr chomps|Garchomp, M|46/100
|move|p2a: Tentacruel|Protect||[still]
|-fail|p2a: Tentacruel
|
|-heal|p2a: Tentacruel|50/100|[from] item: Black Sludge
|upkeep
|turn|8
|
|t:|1707473474
|move|p2a: Tentacruel|Protect|p2a: Tentacruel
|-singleturn|p2a: Tentacruel|Protect
|move|p1a: mr chomps|Earthquake|p2a: Tentacruel
|-activate|p2a: Tentacruel|move: Protect
|
|-heal|p2a: Tentacruel|57/100|[from] item: Black Sludge
|upkeep
|turn|9
|
|t:|1707473479
|switch|p2a: Gliscor|Gliscor, F|100/100
|-damage|p2a: Gliscor|88/100|[from] Stealth Rock
|move|p1a: mr chomps|Earthquake|p2a: Gliscor
|-immune|p2a: Gliscor
|
|-status|p2a: Gliscor|tox|[from] item: Toxic Orb
|upkeep
|turn|10
|
|t:|1707473486
|switch|p1a: Dragonite|Dragonite, M|100/100
|move|p2a: Gliscor|Facade|p1a: Dragonite
|-damage|p1a: Dragonite|82/100
|
|-heal|p1a: Dragonite|88/100|[from] item: Leftovers
|-heal|p2a: Gliscor|100/100 tox|[from] ability: Poison Heal
|upkeep
|turn|11
|
|t:|1707473493
|switch|p2a: Skarmory|Skarmory, F|100/100
|-damage|p2a: Skarmory|88/100|[from] Stealth Rock
|move|p1a: Dragonite|Dragon Dance|p1a: Dragonite
|-boost|p1a: Dragonite|atk|1
|-boost|p1a: Dragonite|spe|1
|
|-heal|p1a: Dragonite|95/100|[from] item: Leftovers
|-heal|p2a: Skarmory|94/100|[from] item: Leftovers
|upkeep
|turn|12
|
|t:|1707473499
|switch|p1a: Volcarona|Volcarona, F|94/100 tox
|move|p2a: Skarmory|Brave Bird|p1a: Volcarona
|-supereffective|p1a: Volcarona
|-damage|p1a: Volcarona|0 fnt
|faint|p1a: Volcarona
|-damage|p2a: Skarmory|64/100|[from] Recoil
|
|-heal|p2a: Skarmory|70/100|[from] item: Leftovers
|upkeep
|
|t:|1707473501
|switch|p1a: Cloyster|Cloyster, F|100/100
|turn|13
|
|t:|1707473505
|move|p2a: Skarmory|Taunt|p1a: Cloyster
|-start|p1a: Cloyster|move: Taunt
|cant|p1a: Cloyster|move: Taunt|Shell Smash
|
|-heal|p2a: Skarmory|76/100|[from] item: Leftovers
|upkeep
|turn|14
|
|t:|1707473510
|move|p2a: Skarmory|Brave Bird|p1a: Cloyster
|-damage|p1a: Cloyster|70/100
|-damage|p2a: Skarmory|68/100|[from] Recoil
|move|p1a: Cloyster|Icicle Spear|p2a: Skarmory
|-damage|p2a: Skarmory|58/100
|-damage|p2a: Skarmory|47/100
|-damage|p2a: Skarmory|36/100
|-damage|p2a: Skarmory|25/100
|-damage|p2a: Skarmory|13/100
|-hitcount|p2a: Skarmory|5
|
|-heal|p2a: Skarmory|19/100|[from] item: Leftovers
|upkeep
|turn|15
|
|t:|1707473513
|move|p2a: Skarmory|Brave Bird|p1a: Cloyster
|-damage|p1a: Cloyster|39/100
|-damage|p2a: Skarmory|12/100|[from] Recoil
|move|p1a: Cloyster|Icicle Spear|p2a: Skarmory
|-damage|p2a: Skarmory|0 fnt
|faint|p2a: Skarmory
|-hitcount|p2: Skarmory|1
|
|-end|p1a: Cloyster|move: Taunt
|upkeep
|
|t:|1707473518
|switch|p2a: Scizor|Scizor, F|76/100
|-damage|p2a: Scizor|63/100|[from] Stealth Rock
|turn|16
|
|t:|1707473524
|move|p2a: Scizor|Bullet Punch|p1a: Cloyster
|-damage|p1a: Cloyster|0 fnt
|faint|p1a: Cloyster
|
|upkeep
|
|t:|1707473526
|switch|p1a: Dragonite|Dragonite, M|95/100
|turn|17
|
|t:|1707473533
|switch|p2a: Tyranitar|Tyranitar, M|100/100
|-damage|p2a: Tyranitar|88/100|[from] Stealth Rock
|-weather|Sandstorm|[from] ability: Sand Stream|[of] p2a: Tyranitar
|move|p1a: Dragonite|Earthquake|p2a: Tyranitar
|-supereffective|p2a: Tyranitar
|-damage|p2a: Tyranitar|18/100
|
|-weather|Sandstorm|[upkeep]
|-damage|p1a: Dragonite|88/100|[from] Sandstorm
|-heal|p1a: Dragonite|95/100|[from] item: Leftovers
|-heal|p2a: Tyranitar|25/100|[from] item: Leftovers
|upkeep
|turn|18
|
|t:|1707473538
|switch|p2a: Celebi|Celebi|100/100
|-damage|p2a: Celebi|88/100|[from] Stealth Rock
|move|p1a: Dragonite|Earthquake|p2a: Celebi
|-resisted|p2a: Celebi
|-damage|p2a: Celebi|71/100
|
|-weather|Sandstorm|[upkeep]
|-damage|p1a: Dragonite|88/100|[from] Sandstorm
|-damage|p2a: Celebi|64/100|[from] Sandstorm
|-heal|p1a: Dragonite|95/100|[from] item: Leftovers
|-heal|p2a: Celebi|71/100|[from] item: Leftovers
|upkeep
|turn|19
|
|t:|1707473541
|move|p1a: Dragonite|Outrage|p2a: Celebi
|-damage|p2a: Celebi|15/100
|move|p2a: Celebi|Thunder Wave|p1a: Dragonite
|-status|p1a: Dragonite|par
|
|-weather|Sandstorm|[upkeep]
|-damage|p2a: Celebi|9/100|[from] Sandstorm
|-damage|p1a: Dragonite|88/100 par|[from] Sandstorm
|-heal|p2a: Celebi|15/100|[from] item: Leftovers
|-heal|p1a: Dragonite|95/100 par|[from] item: Leftovers
|upkeep
|turn|20
|
|t:|1707473544
|move|p2a: Celebi|Recover|p2a: Celebi
|-heal|p2a: Celebi|65/100
|cant|p1a: Dragonite|par
|
|-weather|Sandstorm|[upkeep]
|-damage|p2a: Celebi|59/100|[from] Sandstorm
|-damage|p1a: Dragonite|88/100 par|[from] Sandstorm
|-heal|p2a: Celebi|65/100|[from] item: Leftovers
|-heal|p1a: Dragonite|95/100 par|[from] item: Leftovers
|upkeep
|turn|21
|
|t:|1707473546
|move|p2a: Celebi|Leech Seed|p1a: Dragonite
|-start|p1a: Dragonite|move: Leech Seed
|move|p1a: Dragonite|Dragon Dance|p1a: Dragonite
|-boost|p1a: Dragonite|atk|1
|-boost|p1a: Dragonite|spe|1
|
|-weather|Sandstorm|[upkeep]
|-damage|p2a: Celebi|59/100|[from] Sandstorm
|-damage|p1a: Dragonite|88/100 par|[from] Sandstorm
|-heal|p2a: Celebi|65/100|[from] item: Leftovers
|-heal|p1a: Dragonite|95/100 par|[from] item: Leftovers
|-damage|p1a: Dragonite|82/100 par|[from] Leech Seed|[of] p2a: Celebi
|-heal|p2a: Celebi|75/100|[silent]
|upkeep
|turn|22
|
|t:|1707473549
|move|p2a: Celebi|U-turn|p1a: Dragonite
|-resisted|p1a: Dragonite
|-crit|p1a: Dragonite
|-damage|p1a: Dragonite|64/100 par
|
|t:|1707473553
|switch|p2a: Tyranitar|Tyranitar, M|25/100|[from] U-turn
|-damage|p2a: Tyranitar|12/100|[from] Stealth Rock
|move|p1a: Dragonite|Dragon Dance|p1a: Dragonite
|-boost|p1a: Dragonite|atk|1
|-boost|p1a: Dragonite|spe|1
|
|-weather|Sandstorm|[upkeep]
|-damage|p1a: Dragonite|57/100 par|[from] Sandstorm
|-heal|p2a: Tyranitar|18/100|[from] item: Leftovers
|-heal|p1a: Dragonite|64/100 par|[from] item: Leftovers
|-damage|p1a: Dragonite|51/100 par|[from] Leech Seed|[of] p2a: Tyranitar
|-heal|p2a: Tyranitar|30/100|[silent]
|upkeep
|turn|23
|
|t:|1707473557
|move|p2a: Tyranitar|Stone Edge|p1a: Dragonite
|-supereffective|p1a: Dragonite
|-damage|p1a: Dragonite|0 fnt
|faint|p1a: Dragonite
|
|-weather|Sandstorm|[upkeep]
|-heal|p2a: Tyranitar|36/100|[from] item: Leftovers
|upkeep
|
|t:|1707473560
|switch|p1a: Abomasnow|Abomasnow, F|100/100
|-weather|Hail|[from] ability: Snow Warning|[of] p1a: Abomasnow
|turn|24
|
|t:|1707473564
|move|p2a: Tyranitar|Fire Punch|p1a: Abomasnow
|-supereffective|p1a: Abomasnow
|-crit|p1a: Abomasnow
|-damage|p1a: Abomasnow|0 fnt
|faint|p1a: Abomasnow
|
|-weather|Hail|[upkeep]
|-damage|p2a: Tyranitar|30/100|[from] Hail
|-heal|p2a: Tyranitar|36/100|[from] item: Leftovers
|upkeep
|
|t:|1707473566
|switch|p1a: mr chomps|Garchomp, M|46/100
|turn|25
|
|t:|1707473568
|move|p1a: mr chomps|Earthquake|p2a: Tyranitar
|-supereffective|p2a: Tyranitar
|-crit|p2a: Tyranitar
|-damage|p2a: Tyranitar|0 fnt
|faint|p2a: Tyranitar
|
|-weather|Hail|[upkeep]
|-damage|p1a: mr chomps|39/100|[from] Hail
|upkeep
|
|t:|1707473573
|switch|p2a: Gliscor|Gliscor, F|100/100 tox
|-damage|p2a: Gliscor|88/100 tox|[from] Stealth Rock
|turn|26
|
|t:|1707473581
|move|p1a: mr chomps|Swords Dance|p1a: mr chomps
|-boost|p1a: mr chomps|atk|2
|move|p2a: Gliscor|Earthquake|p1a: mr chomps
|-damage|p1a: mr chomps|4/100
|
|-weather|Hail|[upkeep]
|-damage|p1a: mr chomps|0 fnt|[from] Hail
|-damage|p2a: Gliscor|82/100 tox|[from] Hail
|faint|p1a: mr chomps
|-heal|p2a: Gliscor|94/100 tox|[from] ability: Poison Heal
|upkeep
|-message|torinoko city forfeited.
|
|win|thebestever543
|raw|torinoko city's rating: 1535 &rarr; <strong>1505</strong><br />(-30 for losing)
|raw|thebestever543's rating: 1349 &rarr; <strong>1379</strong><br />(+30 for winning)
|l|☆torinoko city
|player|p1|
