|j|☆Xalvadore
|j|☆Dr.Smog7
|t:|1741547733
|gametype|singles
|player|p1|Xalvadore|169|1323
|player|p2|Dr.Smog7|blackbelt|1311
|teamsize|p1|6
|teamsize|p2|6
|gen|5
|tier|[Gen 5] OU
|rated|
|rule|Species Clause: Limit one of each Pokémon
|rule|OHKO Clause: OHKO moves are banned
|rule|Moody Clause: Moody is banned
|rule|Evasion Items Clause: Evasion items are banned
|rule|Evasion Moves Clause: Evasion moves are banned
|rule|Endless Battle Clause: Forcing endless battles is banned
|rule|HP Percentage Mod: HP is shown in percentages
|rule|Evasion Abilities Clause: Evasion abilities are banned
|rule|Sleep Moves Clause: Sleep-inducing moves are banned
|rule|Swagger Clause: Swagger is banned
|rule|Baton Pass Stat Clause: No Baton Passer may have a way to boost its stats
|clearpoke
|poke|p1|Ferrothorn, M|item
|poke|p1|Politoed, M|item
|poke|p1|Jellicent, F|item
|poke|p1|Keldeo|item
|poke|p1|Mamoswine, F|item
|poke|p1|Starmie|item
|poke|p2|Rhyperior, M|item
|poke|p2|Heracross, M|item
|poke|p2|Rotom-Wash|item
|poke|p2|Gengar, M|item
|poke|p2|Whimsicott, F|item
|poke|p2|Metagross|item
|teampreview
|inactive|Battle timer is ON: inactive players will automatically lose when time's up. (requested by Dr.Smog7)
|
|t:|1741547747
|start
|switch|p1a: Politoed|Politoed, M|100/100
|switch|p2a: Whimsicott|Whimsicott, F|100/100
|-weather|RainDance|[from] ability: Drizzle|[of] p1a: Politoed
|turn|1
|
|t:|1741547770
|switch|p1a: Ferrothorn|Ferrothorn, M|100/100
|move|p2a: Whimsicott|Stun Spore|p1a: Ferrothorn
|-status|p1a: Ferrothorn|par
|
|-weather|RainDance|[upkeep]
|upkeep
|turn|2
|
|t:|1741547776
|move|p2a: Whimsicott|Taunt|p1a: Ferrothorn
|-start|p1a: Ferrothorn|move: Taunt
|cant|p1a: Ferrothorn|move: Taunt|Stealth Rock
|
|-weather|RainDance|[upkeep]
|upkeep
|turn|3
|
|t:|1741547789
|switch|p2a: Metagross|Metagross, shiny|100/100
|move|p1a: Ferrothorn|Knock Off|p2a: Metagross
|-damage|p2a: Metagross|97/100
|-enditem|p2a: Metagross|Custap Berry|[from] move: Knock Off|[of] p1a: Ferrothorn
|
|-weather|RainDance|[upkeep]
|upkeep
|turn|4
|
|t:|1741547796
|switch|p1a: Politoed|Politoed, M|100/100
|move|p2a: Metagross|Stealth Rock|p1a: Politoed
|-sidestart|p1: Xalvadore|move: Stealth Rock
|
|-weather|RainDance|[upkeep]
|upkeep
|turn|5
|
|t:|1741547807
|move|p1a: Politoed|Scald|p2a: Metagross
|-damage|p2a: Metagross|52/100
|move|p2a: Metagross|Hammer Arm|p1a: Politoed
|-damage|p1a: Politoed|46/100
|-unboost|p2a: Metagross|spe|1
|
|-weather|RainDance|[upkeep]
|upkeep
|turn|6
|
|t:|1741547831
|move|p1a: Politoed|Scald|p2a: Metagross
|-damage|p2a: Metagross|0 fnt
|faint|p2a: Metagross
|
|-weather|RainDance|[upkeep]
|upkeep
|
|t:|1741547848
|switch|p2a: Gengar|Gengar, M|100/100
|turn|7
|
|t:|1741547851
|move|p1a: Politoed|Scald|p2a: Gengar
|-damage|p2a: Gengar|18/100
|move|p2a: Gengar|Disable|p1a: Politoed
|-start|p1a: Politoed|Disable|Scald
|
|-weather|RainDance|[upkeep]
|-heal|p2a: Gengar|24/100|[from] item: Black Sludge
|upkeep
|turn|8
|
|t:|1741547861
|switch|p1a: Ferrothorn|Ferrothorn, M|100/100 par
|-damage|p1a: Ferrothorn|94/100 par|[from] Stealth Rock
|move|p2a: Gengar|Shadow Ball|p1a: Ferrothorn
|-resisted|p1a: Ferrothorn
|-damage|p1a: Ferrothorn|81/100 par
|
|-weather|RainDance|[upkeep]
|-heal|p2a: Gengar|30/100|[from] item: Black Sludge
|-heal|p1a: Ferrothorn|88/100 par|[from] item: Leftovers
|upkeep
|turn|9
|
|t:|1741547875
|switch|p2a: Heracross|Heracross, M, shiny|100/100
|cant|p1a: Ferrothorn|par
|
|-weather|RainDance|[upkeep]
|-heal|p1a: Ferrothorn|94/100 par|[from] item: Leftovers
|upkeep
|turn|10
|
|t:|1741547882
|switch|p1a: Jellicent|Jellicent, F|100/100
|-damage|p1a: Jellicent|88/100|[from] Stealth Rock
|move|p2a: Heracross|Close Combat|p1a: Jellicent
|-immune|p1a: Jellicent
|
|-weather|RainDance|[upkeep]
|-heal|p1a: Jellicent|94/100|[from] item: Leftovers
|upkeep
|turn|11
|
|t:|1741547896
|switch|p2a: Whimsicott|Whimsicott, F|100/100
|move|p1a: Jellicent|Night Shade|p2a: Whimsicott
|-damage|p2a: Whimsicott|70/100
|
|-weather|RainDance|[upkeep]
|-heal|p2a: Whimsicott|76/100|[from] item: Leftovers
|-heal|p1a: Jellicent|100/100|[from] item: Leftovers
|upkeep
|turn|12
|
|t:|1741547906
|move|p2a: Whimsicott|Leech Seed|p1a: Jellicent
|-start|p1a: Jellicent|move: Leech Seed
|move|p1a: Jellicent|Taunt|p2a: Whimsicott
|-start|p2a: Whimsicott|move: Taunt
|
|-weather|RainDance|[upkeep]
|-heal|p2a: Whimsicott|82/100|[from] item: Leftovers
|-damage|p1a: Jellicent|88/100|[from] Leech Seed|[of] p2a: Whimsicott
|-heal|p2a: Whimsicott|97/100|[silent]
|upkeep
|turn|13
|
|t:|1741547917
|switch|p2a: Heracross|Heracross, M, shiny|100/100
|switch|p1a: Mamoswine|Mamoswine, F|100/100
|-damage|p1a: Mamoswine|88/100|[from] Stealth Rock
|
|-weather|RainDance|[upkeep]
|upkeep
|turn|14
|
|t:|1741547931
|switch|p1a: Jellicent|Jellicent, F|88/100
|-damage|p1a: Jellicent|76/100|[from] Stealth Rock
|move|p2a: Heracross|Megahorn|p1a: Jellicent
|-resisted|p1a: Jellicent
|-damage|p1a: Jellicent|47/100
|
|-weather|RainDance|[upkeep]
|-heal|p1a: Jellicent|54/100|[from] item: Leftovers
|upkeep
|turn|15
|
|t:|1741547939
|switch|p2a: Rotom|Rotom-Wash, shiny|100/100
|move|p1a: Jellicent|Will-O-Wisp|p2a: Rotom
|-status|p2a: Rotom|brn
|
|-weather|RainDance|[upkeep]
|-heal|p1a: Jellicent|60/100|[from] item: Leftovers
|-damage|p2a: Rotom|88/100 brn|[from] brn
|upkeep
|turn|16
|
|t:|1741547949
|switch|p1a: Ferrothorn|Ferrothorn, M|94/100 par
|-damage|p1a: Ferrothorn|88/100 par|[from] Stealth Rock
|move|p2a: Rotom|Volt Switch|p1a: Ferrothorn
|-resisted|p1a: Ferrothorn
|-damage|p1a: Ferrothorn|79/100 par
|
|t:|1741547967
|switch|p2a: Whimsicott|Whimsicott, F|97/100|[from] Volt Switch
|
|-weather|RainDance|[upkeep]
|-heal|p2a: Whimsicott|100/100|[from] item: Leftovers
|-heal|p1a: Ferrothorn|86/100 par|[from] item: Leftovers
|upkeep
|turn|17
|
|t:|1741547993
|move|p2a: Whimsicott|Taunt|p1a: Ferrothorn
|-start|p1a: Ferrothorn|move: Taunt
|move|p1a: Ferrothorn|Knock Off|p2a: Whimsicott
|-damage|p2a: Whimsicott|96/100
|-enditem|p2a: Whimsicott|Leftovers|[from] move: Knock Off|[of] p1a: Ferrothorn
|
|-weather|RainDance|[upkeep]
|-heal|p1a: Ferrothorn|92/100 par|[from] item: Leftovers
|upkeep
|turn|18
|
|t:|1741548020
|switch|p2a: Heracross|Heracross, M, shiny|100/100
|switch|p1a: Mamoswine|Mamoswine, F|88/100
|-damage|p1a: Mamoswine|76/100|[from] Stealth Rock
|
|-weather|RainDance|[upkeep]
|upkeep
|turn|19
|inactive|Xalvadore has 120 seconds left.
|inactive|Dr.Smog7 has 120 seconds left.
|inactive|Dr.Smog7 has 90 seconds left.
|
|t:|1741548073
|switch|p2a: Rotom|Rotom-Wash, shiny|88/100 brn
|move|p1a: Mamoswine|Icicle Crash|p2a: Rotom
|-resisted|p2a: Rotom
|-damage|p2a: Rotom|67/100 brn
|
|-weather|RainDance|[upkeep]
|-heal|p2a: Rotom|73/100 brn|[from] item: Leftovers
|-damage|p2a: Rotom|60/100 brn|[from] brn
|upkeep
|turn|20
|inactive|Dr.Smog7 has 90 seconds left.
|
|t:|1741548085
|move|p1a: Mamoswine|Substitute|p1a: Mamoswine
|-start|p1a: Mamoswine|Substitute
|-damage|p1a: Mamoswine|51/100
|move|p2a: Rotom|Will-O-Wisp||[still]
|-fail|p2a: Rotom
|
|-weather|RainDance|[upkeep]
|-heal|p2a: Rotom|67/100 brn|[from] item: Leftovers
|-damage|p2a: Rotom|54/100 brn|[from] brn
|upkeep
|turn|21
|
|t:|1741548094
|move|p1a: Mamoswine|Icicle Crash|p2a: Rotom
|-resisted|p2a: Rotom
|-damage|p2a: Rotom|33/100 brn
|move|p2a: Rotom|Hydro Pump|p1a: Mamoswine
|-supereffective|p1a: Mamoswine
|-end|p1a: Mamoswine|Substitute
|
|-weather|RainDance|[upkeep]
|-heal|p2a: Rotom|40/100 brn|[from] item: Leftovers
|-damage|p2a: Rotom|27/100 brn|[from] brn
|upkeep
|turn|22
|
|t:|1741548105
|move|p1a: Mamoswine|Icicle Crash|p2a: Rotom
|-resisted|p2a: Rotom
|-damage|p2a: Rotom|5/100 brn
|move|p2a: Rotom|Hydro Pump|p1a: Mamoswine
|-supereffective|p1a: Mamoswine
|-damage|p1a: Mamoswine|0 fnt
|faint|p1a: Mamoswine
|
|-weather|RainDance|[upkeep]
|-heal|p2a: Rotom|12/100 brn|[from] item: Leftovers
|-damage|p2a: Rotom|0 fnt|[from] brn
|faint|p2a: Rotom
|upkeep
|inactive|Xalvadore has 120 seconds left.
|
|t:|1741548119
|switch|p1a: Keldeo|Keldeo|100/100
|switch|p2a: Heracross|Heracross, M, shiny|100/100
|-damage|p1a: Keldeo|94/100|[from] Stealth Rock
|turn|23
|inactive|Xalvadore has 120 seconds left.
|
|t:|1741548127
|switch|p2a: Whimsicott|Whimsicott, F|96/100
|move|p1a: Keldeo|Surf|p2a: Whimsicott
|-resisted|p2a: Whimsicott
|-damage|p2a: Whimsicott|44/100
|
|-weather|RainDance|[upkeep]
|upkeep
|turn|24
|
|t:|1741548139
|move|p2a: Whimsicott|Taunt|p1a: Keldeo
|-start|p1a: Keldeo|move: Taunt
|move|p1a: Keldeo|Surf|p2a: Whimsicott
|-resisted|p2a: Whimsicott
|-damage|p2a: Whimsicott|0 fnt
|faint|p2a: Whimsicott
|
|-weather|RainDance|[upkeep]
|upkeep
|
|t:|1741548152
|switch|p2a: Gengar|Gengar, M|30/100
|turn|25
|
|t:|1741548165
|switch|p1a: Politoed|Politoed, M|46/100
|-damage|p1a: Politoed|33/100|[from] Stealth Rock
|move|p2a: Gengar|Disable||[still]
|-fail|p2a: Gengar
|
|-weather|RainDance|[upkeep]
|-heal|p2a: Gengar|36/100|[from] item: Black Sludge
|upkeep
|turn|26
|inactive|Dr.Smog7 has 90 seconds left.
|
|t:|1741548186
|move|p1a: Politoed|Hydro Pump|p2a: Gengar
|-damage|p2a: Gengar|0 fnt
|faint|p2a: Gengar
|
|-weather|RainDance|[upkeep]
|upkeep
|inactive|Dr.Smog7 has 90 seconds left.
|
|t:|1741548193
|switch|p2a: Heracross|Heracross, M, shiny|100/100
|turn|27
|inactive|Dr.Smog7 has 90 seconds left.
|
|t:|1741548216
|move|p2a: Heracross|Megahorn|p1a: Politoed
|-damage|p1a: Politoed|0 fnt
|faint|p1a: Politoed
|-ability|p2a: Heracross|Moxie|boost
|-boost|p2a: Heracross|atk|1
|
|-weather|RainDance|[upkeep]
|upkeep
|
|t:|1741548236
|switch|p1a: Ferrothorn|Ferrothorn, M|92/100 par
|-damage|p1a: Ferrothorn|86/100 par|[from] Stealth Rock
|turn|28
|
|t:|1741548241
|switch|p2a: Rhyperior|Rhyperior, M, shiny|100/100
|move|p1a: Ferrothorn|Power Whip|p2a: Rhyperior
|-supereffective|p2a: Rhyperior
|-damage|p2a: Rhyperior|20/100
|
|-weather|RainDance|[upkeep]
|-heal|p1a: Ferrothorn|92/100 par|[from] item: Leftovers
|upkeep
|turn|29
|inactive|Dr.Smog7 has 90 seconds left.
|
|t:|1741548258
|move|p2a: Rhyperior|Earthquake|p1a: Ferrothorn
|-damage|p1a: Ferrothorn|37/100 par
|-damage|p2a: Rhyperior|10/100|[from] item: Life Orb
|cant|p1a: Ferrothorn|par
|
|-weather|RainDance|[upkeep]
|-heal|p1a: Ferrothorn|44/100 par|[from] item: Leftovers
|upkeep
|turn|30
|
|t:|1741548267
|move|p2a: Rhyperior|Earthquake|p1a: Ferrothorn
|-damage|p1a: Ferrothorn|0 fnt
|faint|p1a: Ferrothorn
|-damage|p2a: Rhyperior|0 fnt|[from] item: Life Orb
|faint|p2a: Rhyperior
|
|-weather|RainDance|[upkeep]
|upkeep
|
|t:|1741548274
|switch|p2a: Heracross|Heracross, M, shiny|100/100
|switch|p1a: Jellicent|Jellicent, F|60/100
|-damage|p1a: Jellicent|47/100|[from] Stealth Rock
|turn|31
|
|t:|1741548291
|move|p2a: Heracross|Night Slash|p1a: Jellicent
|-supereffective|p1a: Jellicent
|-damage|p1a: Jellicent|1/100
|move|p1a: Jellicent|Recover|p1a: Jellicent
|-heal|p1a: Jellicent|51/100
|
|-weather|RainDance|[upkeep]
|-heal|p1a: Jellicent|57/100|[from] item: Leftovers
|upkeep
|turn|32
|c|☆Dr.Smog7|gg wp
|c|☆Xalvadore|gg
|-message|Dr.Smog7 forfeited.
|
|win|Xalvadore
|raw|Xalvadore's rating: 1323 &rarr; <strong>1342</strong><br />(+19 for winning)
|raw|Dr.Smog7's rating: 1311 &rarr; <strong>1292</strong><br />(-19 for losing)
|l|☆Dr.Smog7
|player|p2|
