|j|☆LadderGod1
|j|☆SkillfullBeing
|t:|1727615780
|gametype|singles
|player|p1|LadderGod1|170|1306
|player|p2|SkillfullBeing|nate|1385
|teamsize|p1|6
|teamsize|p2|6
|gen|5
|tier|[Gen 5] OU
|rated|
|rule|Species Clause: Limit one of each Pokémon
|rule|OHKO Clause: OHKO moves are banned
|rule|Moody Clause: Moody is banned
|rule|Evasion Items Clause: Evasion items are banned
|rule|Evasion Moves Clause: Evasion moves are banned
|rule|Endless Battle Clause: Forcing endless battles is banned
|rule|HP Percentage Mod: HP is shown in percentages
|rule|Evasion Abilities Clause: Evasion abilities are banned
|rule|Sleep Moves Clause: Sleep-inducing moves are banned
|rule|Swagger Clause: Swagger is banned
|rule|Baton Pass Stat Clause: No Baton Passer may have a way to boost its stats
|clearpoke
|poke|p1|Garchomp, M|item
|poke|p1|Breloom, F|item
|poke|p1|Volcarona, F|item
|poke|p1|Starmie|item
|poke|p1|Scizor, F|item
|poke|p1|Latios, M|item
|poke|p2|Tyranitar, M|item
|poke|p2|Amoonguss, M|item
|poke|p2|Gliscor, M|item
|poke|p2|Jirachi|item
|poke|p2|Keldeo|item
|poke|p2|Excadrill, M|item
|teampreview
|inactive|Battle timer is ON: inactive players will automatically lose when time's up. (requested by SkillfullBeing)
|
|t:|1727615798
|start
|switch|p1a: Volcarona|Volcarona, F|100/100
|switch|p2a: Tyranitar|Tyranitar, M|100/100
|-weather|Sandstorm|[from] ability: Sand Stream|[of] p2a: Tyranitar
|turn|1
|
|t:|1727615806
|switch|p1a: Scizor|Scizor, F|100/100
|move|p2a: Tyranitar|Stone Edge|p1a: Scizor
|-crit|p1a: Scizor
|-damage|p1a: Scizor|4/100
|
|-weather|Sandstorm|[upkeep]
|upkeep
|turn|2
|inactive|LadderGod1 has 120 seconds left.
|
|t:|1727615836
|switch|p2a: Jirachi|Jirachi|100/100
|move|p1a: Scizor|Bullet Punch|p2a: Jirachi
|-resisted|p2a: Jirachi
|-damage|p2a: Jirachi|83/100
|-damage|p1a: Scizor|0 fnt|[from] item: Life Orb
|faint|p1a: Scizor
|
|-weather|Sandstorm|[upkeep]
|upkeep
|
|t:|1727615840
|switch|p1a: Garchomp|Garchomp, M|100/100
|turn|3
|
|t:|1727615846
|move|p2a: Jirachi|U-turn|p1a: Garchomp
|-damage|p1a: Garchomp|86/100
|-damage|p2a: Jirachi|70/100|[from] ability: Rough Skin|[of] p1a: Garchomp
|
|t:|1727615851
|switch|p2a: Gliscor|Gliscor, M|100/100|[from] U-turn
|move|p1a: Garchomp|Stealth Rock|p2a: Gliscor
|-sidestart|p2: SkillfullBeing|move: Stealth Rock
|
|-weather|Sandstorm|[upkeep]
|-status|p2a: Gliscor|tox|[from] item: Toxic Orb
|upkeep
|turn|4
|
|t:|1727615856
|move|p1a: Garchomp|Swords Dance|p1a: Garchomp
|-boost|p1a: Garchomp|atk|2
|move|p2a: Gliscor|U-turn|p1a: Garchomp
|-damage|p1a: Garchomp|70/100
|-damage|p2a: Gliscor|88/100 tox|[from] ability: Rough Skin|[of] p1a: Garchomp
|
|t:|1727615870
|switch|p2a: Jirachi|Jirachi|70/100|[from] U-turn
|-damage|p2a: Jirachi|64/100|[from] Stealth Rock
|
|-weather|Sandstorm|[upkeep]
|upkeep
|turn|5
|
|t:|1727615873
|move|p2a: Jirachi|Icy Wind|p1a: Garchomp
|-supereffective|p1a: Garchomp
|-damage|p1a: Garchomp|16/100
|-unboost|p1a: Garchomp|spe|1
|move|p1a: Garchomp|Earthquake|p2a: Jirachi
|-supereffective|p2a: Jirachi
|-damage|p2a: Jirachi|0 fnt
|faint|p2a: Jirachi
|
|-weather|Sandstorm|[upkeep]
|upkeep
|inactive|SkillfullBeing has 120 seconds left.
|
|t:|1727615906
|switch|p2a: Excadrill|Excadrill, M|100/100
|-damage|p2a: Excadrill|98/100|[from] Stealth Rock
|-item|p2a: Excadrill|Air Balloon
|turn|6
|
|t:|1727615912
|move|p2a: Excadrill|Earthquake|p1a: Garchomp
|-damage|p1a: Garchomp|0 fnt
|faint|p1a: Garchomp
|
|-weather|Sandstorm|[upkeep]
|upkeep
|
|t:|1727615916
|switch|p1a: Volcarona|Volcarona, F|100/100
|turn|7
|
|t:|1727615922
|move|p1a: Volcarona|Fiery Dance|p2a: Excadrill
|-supereffective|p2a: Excadrill
|-damage|p2a: Excadrill|0 fnt
|-boost|p1a: Volcarona|spa|1
|-enditem|p2a: Excadrill|Air Balloon
|faint|p2a: Excadrill
|
|-weather|Sandstorm|[upkeep]
|-damage|p1a: Volcarona|94/100|[from] Sandstorm
|upkeep
|
|t:|1727615926
|switch|p2a: Gliscor|Gliscor, M|88/100 tox
|-damage|p2a: Gliscor|76/100 tox|[from] Stealth Rock
|turn|8
|
|t:|1727615935
|move|p1a: Volcarona|Fiery Dance|p2a: Gliscor
|-damage|p2a: Gliscor|0 fnt
|-boost|p1a: Volcarona|spa|1
|faint|p2a: Gliscor
|
|-weather|Sandstorm|[upkeep]
|-damage|p1a: Volcarona|88/100|[from] Sandstorm
|upkeep
|
|t:|1727615938
|switch|p2a: Tyranitar|Tyranitar, M|100/100
|-damage|p2a: Tyranitar|88/100|[from] Stealth Rock
|turn|9
|
|t:|1727615944
|move|p1a: Volcarona|Bug Buzz|p2a: Tyranitar
|-supereffective|p2a: Tyranitar
|-damage|p2a: Tyranitar|4/100
|move|p2a: Tyranitar|Stone Edge|p1a: Volcarona|[miss]
|-miss|p2a: Tyranitar|p1a: Volcarona
|
|-weather|Sandstorm|[upkeep]
|-damage|p1a: Volcarona|82/100|[from] Sandstorm
|upkeep
|turn|10
|
|t:|1727615951
|move|p1a: Volcarona|Giga Drain|p2a: Tyranitar
|-supereffective|p2a: Tyranitar
|-damage|p2a: Tyranitar|0 fnt
|-heal|p1a: Volcarona|84/100|[from] drain|[of] p2a: Tyranitar
|faint|p2a: Tyranitar
|
|-weather|Sandstorm|[upkeep]
|-damage|p1a: Volcarona|78/100|[from] Sandstorm
|upkeep
|-message|SkillfullBeing forfeited.
|
|win|LadderGod1
|raw|LadderGod1's rating: 1306 &rarr; <strong>1330</strong><br />(+24 for winning)
|raw|SkillfullBeing's rating: 1385 &rarr; <strong>1361</strong><br />(-24 for losing)
