|j|☆Spritzalcianuro96
|j|☆Hanouna2022
|t:|1595690370
|player|p1|Spritzalcianuro96|clair|1495
|player|p2|Hanouna2022|galacticgrunt|1348
|teamsize|p1|6
|teamsize|p2|6
|gametype|singles
|gen|5
|tier|[Gen 5] OU
|rated|
|clearpoke
|poke|p1|Skarmory, M|item
|poke|p1|Gengar, M|item
|poke|p1|Hydreigon, F|item
|poke|p1|Tyranitar, F|item
|poke|p1|Celebi|item
|poke|p1|Alakazam, F|item
|poke|p2|Cobalion|item
|poke|p2|Azelf|item
|poke|p2|Breloom, M|item
|poke|p2|Tornadus, M|item
|poke|p2|Keldeo|item
|poke|p2|Latios, M|item
|rule|Species Clause: Limit one of each Pokémon
|rule|OHKO Clause: OHKO moves are banned
|rule|Moody Clause: Moody is banned
|rule|Evasion Moves Clause: Evasion moves are banned
|rule|Endless Battle Clause: Forcing endless battles is banned
|rule|HP Percentage Mod: HP is shown in percentages
|rule|Evasion Abilities Clause: Evasion abilities are banned
|rule|Baton Pass Clause: Limit one Baton Passer, can't pass Spe and other stats simultaneously
|rule|Sleep Clause: Sleep-inducing moves are banned
|rule|Swagger Clause: Swagger is banned
|teampreview
|inactive|Battle timer is ON: inactive players will automatically lose when time's up. (requested by Spritzalcianuro96)
|
|t:|1595690409
|start
|switch|p1a: Alakazam|Alakazam, F|100/100
|switch|p2a: Cobalion|Cobalion|100/100
|turn|1
|
|t:|1595690435
|move|p1a: Alakazam|Thunder Wave|p2a: Cobalion
|-status|p2a: Cobalion|par
|move|p2a: Cobalion|Stealth Rock|p1a: Alakazam
|-sidestart|p1: Spritzalcianuro96|move: Stealth Rock
|
|upkeep
|turn|2
|
|t:|1595690450
|switch|p1a: Skarmory|Skarmory, M|100/100
|-damage|p1a: Skarmory|88/100|[from] Stealth Rock
|move|p2a: Cobalion|Hidden Power|p1a: Skarmory
|-damage|p1a: Skarmory|56/100
|
|upkeep
|turn|3
|
|t:|1595690461
|switch|p2a: Tornadus|Tornadus, M|100/100
|move|p1a: Skarmory|Stealth Rock|p2a: Tornadus
|-sidestart|p2: Hanouna2022|move: Stealth Rock
|
|upkeep
|turn|4
|inactive|Spritzalcianuro96 has 120 seconds left.
|
|t:|1595690481
|move|p2a: Tornadus|Taunt|p1a: Skarmory
|-start|p1a: Skarmory|move: Taunt
|cant|p1a: Skarmory|move: Taunt|Spikes
|
|upkeep
|turn|5
|
|t:|1595690491
|move|p2a: Tornadus|Bulk Up|p2a: Tornadus
|-boost|p2a: Tornadus|atk|1
|-boost|p2a: Tornadus|def|1
|move|p1a: Skarmory|Brave Bird|p2a: Tornadus
|-damage|p2a: Tornadus|53/100
|-damage|p1a: Skarmory|39/100|[from] Recoil
|
|upkeep
|turn|6
|
|t:|1595690507
|move|p2a: Tornadus|Bulk Up|p2a: Tornadus
|-boost|p2a: Tornadus|atk|1
|-boost|p2a: Tornadus|def|1
|move|p1a: Skarmory|Brave Bird|p2a: Tornadus
|-crit|p2a: Tornadus
|-damage|p2a: Tornadus|0 fnt
|-damage|p1a: Skarmory|20/100|[from] Recoil
|faint|p2a: Tornadus
|
|-end|p1a: Skarmory|move: Taunt
|upkeep
|
|t:|1595690523
|switch|p2a: Breloom|Breloom, M|100/100
|-damage|p2a: Breloom|94/100|[from] Stealth Rock
|turn|7
|-enditem|p1a: Skarmory|Custap Berry|[eat]
|-activate|p1a: Skarmory|item: Custap Berry|[consumed]
|
|t:|1595690529
|move|p2a: Breloom|Mach Punch|p1a: Skarmory
|-damage|p1a: Skarmory|0 fnt
|-damage|p2a: Breloom|84/100|[from] item: Life Orb
|faint|p1a: Skarmory
|
|upkeep
|
|t:|1595690537
|switch|p1a: Alakazam|Alakazam, F|100/100
|turn|8
|
|t:|1595690545
|move|p2a: Breloom|Mach Punch|p1a: Alakazam
|-resisted|p1a: Alakazam
|-damage|p1a: Alakazam|45/100
|-damage|p2a: Breloom|74/100|[from] item: Life Orb
|move|p1a: Alakazam|Psychic|p2a: Breloom
|-supereffective|p2a: Breloom
|-damage|p2a: Breloom|0 fnt
|faint|p2a: Breloom
|
|upkeep
|
|t:|1595690555
|switch|p2a: Latios|Latios, M|100/100
|-damage|p2a: Latios|88/100|[from] Stealth Rock
|turn|9
|
|t:|1595690564
|switch|p1a: Celebi|Celebi|100/100
|-damage|p1a: Celebi|88/100|[from] Stealth Rock
|move|p2a: Latios|Dragon Pulse|p1a: Celebi
|-damage|p1a: Celebi|43/100
|
|upkeep
|turn|10
|
|t:|1595690571
|move|p2a: Latios|Dragon Pulse|p1a: Celebi
|-damage|p1a: Celebi|0 fnt
|faint|p1a: Celebi
|
|upkeep
|
|t:|1595690574
|switch|p1a: Tyranitar|Tyranitar, F|100/100
|-damage|p1a: Tyranitar|88/100|[from] Stealth Rock
|-weather|Sandstorm|[from] ability: Sand Stream|[of] p1a: Tyranitar
|turn|11
|
|t:|1595690578
|move|p2a: Latios|Dragon Pulse|p1a: Tyranitar
|-damage|p1a: Tyranitar|59/100
|move|p1a: Tyranitar|Pursuit|p2a: Latios
|-supereffective|p2a: Latios
|-damage|p2a: Latios|0 fnt
|faint|p2a: Latios
|
|-weather|Sandstorm|[upkeep]
|upkeep
|
|t:|1595690606
|switch|p2a: Keldeo|Keldeo|100/100
|-damage|p2a: Keldeo|94/100|[from] Stealth Rock
|turn|12
|
|t:|1595690613
|move|p2a: Keldeo|Substitute|p2a: Keldeo
|-start|p2a: Keldeo|Substitute
|-damage|p2a: Keldeo|70/100
|move|p1a: Tyranitar|Pursuit|p2a: Keldeo
|-resisted|p2a: Keldeo
|-activate|p2a: Keldeo|Substitute|[damage]
|
|-weather|Sandstorm|[upkeep]
|-damage|p2a: Keldeo|63/100|[from] Sandstorm
|-heal|p2a: Keldeo|70/100|[from] item: Leftovers
|upkeep
|turn|13
|
|t:|1595690631
|move|p2a: Keldeo|Surf|p1a: Tyranitar
|-supereffective|p1a: Tyranitar
|-damage|p1a: Tyranitar|3/100
|move|p1a: Tyranitar|Pursuit|p2a: Keldeo
|-resisted|p2a: Keldeo
|-end|p2a: Keldeo|Substitute
|
|-weather|Sandstorm|[upkeep]
|-damage|p2a: Keldeo|63/100|[from] Sandstorm
|-heal|p2a: Keldeo|70/100|[from] item: Leftovers
|upkeep
|turn|14
|
|t:|1595690645
|switch|p1a: Gengar|Gengar, M|100/100
|-damage|p1a: Gengar|88/100|[from] Stealth Rock
|move|p2a: Keldeo|Substitute|p2a: Keldeo
|-start|p2a: Keldeo|Substitute
|-damage|p2a: Keldeo|45/100
|
|-weather|Sandstorm|[upkeep]
|-damage|p1a: Gengar|82/100|[from] Sandstorm
|-damage|p2a: Keldeo|39/100|[from] Sandstorm
|-heal|p1a: Gengar|88/100|[from] item: Leftovers
|-heal|p2a: Keldeo|45/100|[from] item: Leftovers
|upkeep
|turn|15
|
|t:|1595690651
|move|p1a: Gengar|Shadow Ball|p2a: Keldeo
|-end|p2a: Keldeo|Substitute
|move|p2a: Keldeo|Surf|p1a: Gengar
|-damage|p1a: Gengar|26/100
|
|-weather|Sandstorm|[upkeep]
|-damage|p1a: Gengar|20/100|[from] Sandstorm
|-damage|p2a: Keldeo|39/100|[from] Sandstorm
|-heal|p1a: Gengar|26/100|[from] item: Leftovers
|-heal|p2a: Keldeo|45/100|[from] item: Leftovers
|upkeep
|turn|16
|
|t:|1595690664
|move|p1a: Gengar|Shadow Ball|p2a: Keldeo
|-damage|p2a: Keldeo|3/100
|move|p2a: Keldeo|Surf|p1a: Gengar
|-damage|p1a: Gengar|0 fnt
|faint|p1a: Gengar
|
|-weather|Sandstorm|[upkeep]
|-damage|p2a: Keldeo|0 fnt|[from] Sandstorm
|faint|p2a: Keldeo
|upkeep
|
|t:|1595690690
|switch|p1a: Alakazam|Alakazam, F|45/100
|switch|p2a: Azelf|Azelf|100/100
|-damage|p2a: Azelf|88/100|[from] Stealth Rock
|turn|17
|
|t:|1595690699
|switch|p1a: Tyranitar|Tyranitar, F|3/100
|-damage|p1a: Tyranitar|0 fnt|[from] Stealth Rock
|faint|p1a: Tyranitar
|move|p2a: Azelf|Explosion|p1: Tyranitar|[notarget]
|-fail|p2a: Azelf
|faint|p2a: Azelf
|
|-weather|Sandstorm|[upkeep]
|upkeep
|
|t:|1595690707
|switch|p2a: Cobalion|Cobalion|100/100 par
|switch|p1a: Hydreigon|Hydreigon, F|100/100
|-damage|p1a: Hydreigon|88/100|[from] Stealth Rock
|-damage|p2a: Cobalion|97/100 par|[from] Stealth Rock
|turn|18
|
|t:|1595690712
|move|p1a: Hydreigon|Flamethrower|p2a: Cobalion
|-supereffective|p2a: Cobalion
|-damage|p2a: Cobalion|0 fnt
|-damage|p1a: Hydreigon|78/100|[from] item: Life Orb
|faint|p2a: Cobalion
|
|win|Spritzalcianuro96
|l|☆Hanouna2022
|raw|Spritzalcianuro96's rating: 1501 &rarr; <strong>1514</strong><br />(+13 for winning)
|raw|Hanouna2022's rating: 1364 &rarr; <strong>1351</strong><br />(-13 for losing)
