|j|☆killerfishsandiego
|j|☆Blossummm
|t:|1716687867
|gametype|singles
|player|p1|killerfishsandiego|266|1507
|player|p2|Blossummm|roxie|1499
|teamsize|p1|6
|teamsize|p2|6
|gen|5
|tier|[Gen 5] OU
|rated|
|rule|Species Clause: Limit one of each Pokémon
|rule|OHKO Clause: OHKO moves are banned
|rule|Moody Clause: Moody is banned
|rule|Evasion Items Clause: Evasion items are banned
|rule|Evasion Moves Clause: Evasion moves are banned
|rule|Endless Battle Clause: Forcing endless battles is banned
|rule|HP Percentage Mod: HP is shown in percentages
|rule|Evasion Abilities Clause: Evasion abilities are banned
|rule|Sleep Moves Clause: Sleep-inducing moves are banned
|rule|Swagger Clause: Swagger is banned
|rule|Baton Pass Stat Clause: No Baton Passer may have a way to boost its stats
|clearpoke
|poke|p1|Magneton|item
|poke|p1|Excadrill, M|item
|poke|p1|Tangrowth, F|item
|poke|p1|Blissey, F|item
|poke|p1|Ninetales, F|item
|poke|p1|Infernape, F|item
|poke|p2|Tyranitar, F|item
|poke|p2|Alakazam, F|item
|poke|p2|Latios, M|item
|poke|p2|Ferrothorn, F|item
|poke|p2|Keldeo|item
|poke|p2|Landorus-Therian, M|item
|teampreview
|
|t:|1716687887
|start
|switch|p1a: Ninetales|Ninetales, F|100/100
|switch|p2a: Landorus|Landorus-Therian, M|100/100
|-weather|SunnyDay|[from] ability: Drought|[of] p1a: Ninetales
|-ability|p2a: Landorus|Intimidate|boost
|-unboost|p1a: Ninetales|atk|1
|turn|1
|
|t:|1716687894
|switch|p1a: Tangrowth|Tangrowth, F|100/100
|move|p2a: Landorus|Earthquake|p1a: Tangrowth
|-resisted|p1a: Tangrowth
|-damage|p1a: Tangrowth|87/100
|
|-weather|SunnyDay|[upkeep]
|-heal|p1a: Tangrowth|93/100|[from] item: Leftovers
|upkeep
|turn|2
|
|t:|1716687898
|move|p2a: Landorus|U-turn|p1a: Tangrowth
|-supereffective|p1a: Tangrowth
|-crit|p1a: Tangrowth
|-damage|p1a: Tangrowth|39/100
|c|☆killerfishsandiego|just the
|
|t:|1716687907
|switch|p2a: Tyranitar|Tyranitar, F, shiny|100/100|[from] U-turn
|-weather|Sandstorm|[from] ability: Sand Stream|[of] p2a: Tyranitar
|move|p1a: Tangrowth|Stun Spore|p2a: Tyranitar
|-status|p2a: Tyranitar|par
|
|-weather|Sandstorm|[upkeep]
|-damage|p1a: Tangrowth|33/100|[from] Sandstorm
|-heal|p1a: Tangrowth|39/100|[from] item: Leftovers
|upkeep
|turn|3
|c|☆killerfishsandiego|luckiest person in the world lol
|
|t:|1716687913
|move|p1a: Tangrowth|Giga Drain|p2a: Tyranitar
|-supereffective|p2a: Tyranitar
|-damage|p2a: Tyranitar|73/100 par
|-heal|p1a: Tangrowth|53/100|[from] drain|[of] p2a: Tyranitar
|move|p2a: Tyranitar|Crunch|p1a: Tangrowth
|-damage|p1a: Tangrowth|28/100
|
|-weather|Sandstorm|[upkeep]
|-damage|p1a: Tangrowth|22/100|[from] Sandstorm
|-heal|p1a: Tangrowth|28/100|[from] item: Leftovers
|upkeep
|turn|4
|
|t:|1716687922
|switch|p1a: Magneton|Magneton|100/100
|switch|p2a: Ferrothorn|Ferrothorn, F|100/100
|
|-weather|Sandstorm|[upkeep]
|upkeep
|turn|5
|
|t:|1716687927
|move|p1a: Magneton|Hidden Power|p2a: Ferrothorn
|-supereffective|p2a: Ferrothorn
|-damage|p2a: Ferrothorn|31/100
|move|p2a: Ferrothorn|Knock Off|p1a: Magneton
|-resisted|p1a: Magneton
|-damage|p1a: Magneton|97/100
|-enditem|p1a: Magneton|Choice Scarf|[from] move: Knock Off|[of] p2a: Ferrothorn
|
|-weather|Sandstorm|[upkeep]
|upkeep
|turn|6
|
|t:|1716687930
|move|p1a: Magneton|Hidden Power|p2a: Ferrothorn
|-supereffective|p2a: Ferrothorn
|-damage|p2a: Ferrothorn|0 fnt
|faint|p2a: Ferrothorn
|
|-weather|Sandstorm|[upkeep]
|upkeep
|
|t:|1716687947
|switch|p2a: Landorus|Landorus-Therian, M|100/100
|-ability|p2a: Landorus|Intimidate|boost
|-unboost|p1a: Magneton|atk|1
|turn|7
|
|t:|1716687957
|move|p2a: Landorus|Earthquake|p1a: Magneton
|-supereffective|p1a: Magneton
|-damage|p1a: Magneton|0 fnt
|faint|p1a: Magneton
|
|-weather|Sandstorm|[upkeep]
|upkeep
|
|t:|1716687959
|switch|p1a: Tangrowth|Tangrowth, F|61/100
|turn|8
|
|t:|1716687972
|move|p2a: Landorus|Hidden Power|p1a: Tangrowth
|-supereffective|p1a: Tangrowth
|-damage|p1a: Tangrowth|22/100
|move|p1a: Tangrowth|Giga Drain|p2a: Landorus
|-damage|p2a: Landorus|60/100
|-heal|p1a: Tangrowth|39/100|[from] drain|[of] p2a: Landorus
|
|-weather|Sandstorm|[upkeep]
|-damage|p1a: Tangrowth|32/100|[from] Sandstorm
|-heal|p2a: Landorus|67/100|[from] item: Leftovers
|-heal|p1a: Tangrowth|39/100|[from] item: Leftovers
|upkeep
|turn|9
|
|t:|1716687978
|switch|p1a: Blissey|Blissey, F|100/100
|move|p2a: Landorus|Hidden Power|p1a: Blissey
|-damage|p1a: Blissey|95/100
|
|-weather|Sandstorm|[upkeep]
|-damage|p1a: Blissey|88/100|[from] Sandstorm
|-heal|p2a: Landorus|73/100|[from] item: Leftovers
|-heal|p1a: Blissey|95/100|[from] item: Leftovers
|upkeep
|turn|10
|
|t:|1716687983
|move|p2a: Landorus|U-turn|p1a: Blissey
|-damage|p1a: Blissey|77/100
|
|t:|1716687986
|switch|p2a: Keldeo|Keldeo|100/100|[from] U-turn
|move|p1a: Blissey|Ice Beam|p2a: Keldeo
|-resisted|p2a: Keldeo
|-damage|p2a: Keldeo|91/100
|
|-weather|Sandstorm|[upkeep]
|-damage|p2a: Keldeo|85/100|[from] Sandstorm
|-damage|p1a: Blissey|70/100|[from] Sandstorm
|-heal|p2a: Keldeo|91/100|[from] item: Leftovers
|-heal|p1a: Blissey|77/100|[from] item: Leftovers
|upkeep
|turn|11
|
|t:|1716687990
|switch|p1a: Ninetales|Ninetales, F|100/100
|-weather|SunnyDay|[from] ability: Drought|[of] p1a: Ninetales
|move|p2a: Keldeo|Secret Sword|p1a: Ninetales
|-damage|p1a: Ninetales|51/100
|
|-weather|SunnyDay|[upkeep]
|-heal|p2a: Keldeo|97/100|[from] item: Leftovers
|-heal|p1a: Ninetales|57/100|[from] item: Leftovers
|upkeep
|turn|12
|
|t:|1716687996
|switch|p1a: Tangrowth|Tangrowth, F|72/100
|move|p2a: Keldeo|Secret Sword|p1a: Tangrowth
|-damage|p1a: Tangrowth|46/100
|
|-weather|SunnyDay|[upkeep]
|-heal|p2a: Keldeo|100/100|[from] item: Leftovers
|-heal|p1a: Tangrowth|53/100|[from] item: Leftovers
|upkeep
|turn|13
|
|t:|1716688019
|switch|p2a: Tyranitar|Tyranitar, F, shiny|73/100 par
|-weather|Sandstorm|[from] ability: Sand Stream|[of] p2a: Tyranitar
|move|p1a: Tangrowth|Giga Drain|p2a: Tyranitar
|-supereffective|p2a: Tyranitar
|-damage|p2a: Tyranitar|46/100 par
|-heal|p1a: Tangrowth|66/100|[from] drain|[of] p2a: Tyranitar
|
|-weather|Sandstorm|[upkeep]
|-damage|p1a: Tangrowth|60/100|[from] Sandstorm
|-heal|p1a: Tangrowth|66/100|[from] item: Leftovers
|upkeep
|turn|14
|
|t:|1716688025
|move|p1a: Tangrowth|Giga Drain|p2a: Tyranitar
|-supereffective|p2a: Tyranitar
|-damage|p2a: Tyranitar|17/100 par
|-heal|p1a: Tangrowth|81/100|[from] drain|[of] p2a: Tyranitar
|move|p2a: Tyranitar|Crunch|p1a: Tangrowth
|-damage|p1a: Tangrowth|58/100
|-unboost|p1a: Tangrowth|def|1
|
|-weather|Sandstorm|[upkeep]
|-damage|p1a: Tangrowth|52/100|[from] Sandstorm
|-heal|p1a: Tangrowth|58/100|[from] item: Leftovers
|upkeep
|turn|15
|
|t:|1716688032
|switch|p2a: Landorus|Landorus-Therian, M|73/100
|-ability|p2a: Landorus|Intimidate|boost
|-unboost|p1a: Tangrowth|atk|1
|move|p1a: Tangrowth|Giga Drain|p2a: Landorus
|-damage|p2a: Landorus|38/100
|-heal|p1a: Tangrowth|73/100|[from] drain|[of] p2a: Landorus
|
|-weather|Sandstorm|[upkeep]
|-damage|p1a: Tangrowth|67/100|[from] Sandstorm
|-heal|p2a: Landorus|44/100|[from] item: Leftovers
|-heal|p1a: Tangrowth|73/100|[from] item: Leftovers
|upkeep
|turn|16
|
|t:|1716688052
|move|p2a: Landorus|U-turn|p1a: Tangrowth
|-supereffective|p1a: Tangrowth
|-damage|p1a: Tangrowth|31/100
|
|t:|1716688065
|switch|p2a: Alakazam|Alakazam, F|100/100|[from] U-turn
|move|p1a: Tangrowth|Stun Spore|p2a: Alakazam
|-status|p2a: Alakazam|par
|
|-weather|Sandstorm|[upkeep]
|-damage|p1a: Tangrowth|25/100|[from] Sandstorm
|-heal|p1a: Tangrowth|31/100|[from] item: Leftovers
|upkeep
|turn|17
|
|t:|1716688071
|switch|p1a: Blissey|Blissey, F|77/100
|move|p2a: Alakazam|Hidden Power|p1a: Blissey
|-damage|p1a: Blissey|65/100
|
|-weather|Sandstorm|[upkeep]
|-damage|p1a: Blissey|59/100|[from] Sandstorm
|-heal|p1a: Blissey|65/100|[from] item: Leftovers
|upkeep
|turn|18
|
|t:|1716688081
|switch|p2a: Landorus|Landorus-Therian, M|44/100
|-ability|p2a: Landorus|Intimidate|boost
|-unboost|p1a: Blissey|atk|1
|move|p1a: Blissey|Soft-Boiled|p1a: Blissey
|-heal|p1a: Blissey|100/100
|
|-weather|Sandstorm|[upkeep]
|-damage|p1a: Blissey|94/100|[from] Sandstorm
|-heal|p2a: Landorus|50/100|[from] item: Leftovers
|-heal|p1a: Blissey|100/100|[from] item: Leftovers
|upkeep
|turn|19
|
|t:|1716688095
|move|p2a: Landorus|U-turn|p1a: Blissey
|-damage|p1a: Blissey|81/100
|
|t:|1716688097
|switch|p2a: Keldeo|Keldeo|100/100|[from] U-turn
|move|p1a: Blissey|Ice Beam|p2a: Keldeo
|-resisted|p2a: Keldeo
|-damage|p2a: Keldeo|91/100
|
|-weather|Sandstorm|[upkeep]
|-damage|p2a: Keldeo|85/100|[from] Sandstorm
|-damage|p1a: Blissey|74/100|[from] Sandstorm
|-heal|p2a: Keldeo|91/100|[from] item: Leftovers
|-heal|p1a: Blissey|81/100|[from] item: Leftovers
|upkeep
|turn|20
|
|t:|1716688103
|move|p2a: Keldeo|Secret Sword|p1a: Blissey
|-supereffective|p1a: Blissey
|-damage|p1a: Blissey|0 fnt
|faint|p1a: Blissey
|
|-weather|Sandstorm|[upkeep]
|-damage|p2a: Keldeo|85/100|[from] Sandstorm
|-heal|p2a: Keldeo|91/100|[from] item: Leftovers
|upkeep
|
|t:|1716688110
|switch|p1a: Ninetales|Ninetales, F|57/100
|-weather|SunnyDay|[from] ability: Drought|[of] p1a: Ninetales
|turn|21
|
|t:|1716688113
|move|p2a: Keldeo|Secret Sword|p1a: Ninetales
|-damage|p1a: Ninetales|5/100
|move|p1a: Ninetales|Pain Split|p2a: Keldeo
|-sethp|p2a: Keldeo|48/100|[from] move: Pain Split|[silent]
|-sethp|p1a: Ninetales|44/100|[from] move: Pain Split
|
|-weather|SunnyDay|[upkeep]
|-heal|p2a: Keldeo|54/100|[from] item: Leftovers
|-heal|p1a: Ninetales|50/100|[from] item: Leftovers
|upkeep
|turn|22
|
|t:|1716688117
|switch|p1a: Tangrowth|Tangrowth, F|65/100
|move|p2a: Keldeo|Secret Sword|p1a: Tangrowth
|-damage|p1a: Tangrowth|41/100
|
|-weather|SunnyDay|[upkeep]
|-heal|p2a: Keldeo|60/100|[from] item: Leftovers
|-heal|p1a: Tangrowth|47/100|[from] item: Leftovers
|upkeep
|turn|23
|
|t:|1716688122
|move|p2a: Keldeo|Secret Sword|p1a: Tangrowth
|-damage|p1a: Tangrowth|21/100
|move|p1a: Tangrowth|Giga Drain|p2a: Keldeo
|-supereffective|p2a: Keldeo
|-damage|p2a: Keldeo|0 fnt
|-heal|p1a: Tangrowth|45/100|[from] drain|[of] p2a: Keldeo
|faint|p2a: Keldeo
|
|-weather|SunnyDay|[upkeep]
|-heal|p1a: Tangrowth|52/100|[from] item: Leftovers
|upkeep
|
|t:|1716688129
|switch|p2a: Latios|Latios, M|100/100
|turn|24
|
|t:|1716688139
|switch|p1a: Infernape|Infernape, F|100/100
|-item|p1a: Infernape|Air Balloon
|move|p2a: Latios|Draco Meteor|p1a: Infernape
|-crit|p1a: Infernape
|-damage|p1a: Infernape|0 fnt
|-unboost|p2a: Latios|spa|2
|-enditem|p1a: Infernape|Air Balloon
|faint|p1a: Infernape
|
|-weather|SunnyDay|[upkeep]
|upkeep
|
|t:|1716688163
|switch|p1a: Excadrill|Excadrill, M|100/100
|-ability|p1a: Excadrill|Mold Breaker
|-item|p1a: Excadrill|Air Balloon
|turn|25
|
|t:|1716688171
|switch|p2a: Landorus|Landorus-Therian, M|50/100
|-ability|p2a: Landorus|Intimidate|boost
|-unboost|p1a: Excadrill|atk|1
|move|p1a: Excadrill|Iron Head|p2a: Landorus
|-damage|p2a: Landorus|25/100
|
|-weather|SunnyDay|[upkeep]
|-heal|p2a: Landorus|31/100|[from] item: Leftovers
|upkeep
|turn|26
|
|t:|1716688178
|move|p2a: Landorus|Hidden Power|p1a: Excadrill
|-damage|p1a: Excadrill|79/100
|-enditem|p1a: Excadrill|Air Balloon
|move|p1a: Excadrill|Iron Head|p2a: Landorus
|-damage|p2a: Landorus|3/100
|
|-weather|SunnyDay|[upkeep]
|-heal|p2a: Landorus|9/100|[from] item: Leftovers
|upkeep
|turn|27
|
|t:|1716688183
|switch|p1a: Tangrowth|Tangrowth, F|85/100
|move|p2a: Landorus|Earthquake|p1a: Tangrowth
|-resisted|p1a: Tangrowth
|-damage|p1a: Tangrowth|72/100
|
|-weather|SunnyDay|[upkeep]
|-heal|p2a: Landorus|15/100|[from] item: Leftovers
|-heal|p1a: Tangrowth|78/100|[from] item: Leftovers
|upkeep
|turn|28
|
|t:|1716688192
|move|p2a: Landorus|Hidden Power|p1a: Tangrowth
|-supereffective|p1a: Tangrowth
|-damage|p1a: Tangrowth|40/100
|move|p1a: Tangrowth|Giga Drain|p2a: Landorus
|-damage|p2a: Landorus|0 fnt
|-heal|p1a: Tangrowth|47/100|[from] drain|[of] p2a: Landorus
|faint|p2a: Landorus
|
|-weather|SunnyDay|[upkeep]
|-heal|p1a: Tangrowth|53/100|[from] item: Leftovers
|upkeep
|
|t:|1716688199
|switch|p2a: Latios|Latios, M|100/100
|turn|29
|
|t:|1716688227
|switch|p1a: Ninetales|Ninetales, F|50/100
|move|p2a: Latios|Dragon Pulse|p1a: Ninetales
|-damage|p1a: Ninetales|5/100
|
|-weather|SunnyDay|[upkeep]
|-heal|p1a: Ninetales|11/100|[from] item: Leftovers
|upkeep
|turn|30
|
|t:|1716688232
|switch|p1a: Excadrill|Excadrill, M|79/100
|-ability|p1a: Excadrill|Mold Breaker
|move|p2a: Latios|Dragon Pulse|p1a: Excadrill
|-resisted|p1a: Excadrill
|-crit|p1a: Excadrill
|-damage|p1a: Excadrill|11/100
|
|-weather|SunnyDay|[upkeep]
|upkeep
|turn|31
|c|☆killerfishsandiego|LMFAOO
|c|☆killerfishsandiego|MQKDHDHQKZB HA
|c|☆killerfishsandiego|akzjjahshxushqja
|c|☆killerfishsandiego|zk osuwhbd bksoiw
|c|☆killerfishsandiego|cisywbdn mkdowuq
|c|☆killerfishsandiego|s
|
|t:|1716688251
|move|p2a: Latios|Dragon Pulse|p1a: Excadrill
|-resisted|p1a: Excadrill
|-damage|p1a: Excadrill|0 fnt
|faint|p1a: Excadrill
|
|-weather|SunnyDay|[upkeep]
|upkeep
|
|t:|1716688252
|switch|p1a: Tangrowth|Tangrowth, F|86/100
|turn|32
|
|t:|1716688258
|switch|p2a: Tyranitar|Tyranitar, F, shiny|17/100 par
|-weather|Sandstorm|[from] ability: Sand Stream|[of] p2a: Tyranitar
|move|p1a: Tangrowth|Stun Spore|p2a: Tyranitar
|-fail|p2a: Tyranitar|par
|
|-weather|Sandstorm|[upkeep]
|-damage|p1a: Tangrowth|80/100|[from] Sandstorm
|-heal|p1a: Tangrowth|86/100|[from] item: Leftovers
|upkeep
|turn|33
|
|t:|1716688265
|move|p1a: Tangrowth|Giga Drain|p2a: Tyranitar
|-supereffective|p2a: Tyranitar
|-damage|p2a: Tyranitar|0 fnt
|-heal|p1a: Tangrowth|95/100|[from] drain|[of] p2a: Tyranitar
|faint|p2a: Tyranitar
|
|-weather|Sandstorm|[upkeep]
|-damage|p1a: Tangrowth|88/100|[from] Sandstorm
|-heal|p1a: Tangrowth|95/100|[from] item: Leftovers
|upkeep
|
|t:|1716688268
|switch|p2a: Alakazam|Alakazam, F|100/100 par
|turn|34
|c|☆killerfishsandiego|ur the
|c|☆killerfishsandiego|luckiest fucking person
|c|☆killerfishsandiego|i’ve ever seen on this shit
|
|t:|1716688279
|move|p1a: Tangrowth|Giga Drain|p2a: Alakazam
|-damage|p2a: Alakazam|60/100 par
|-heal|p1a: Tangrowth|100/100|[from] drain|[of] p2a: Alakazam
|move|p2a: Alakazam|Hidden Power|p1a: Tangrowth
|-supereffective|p1a: Tangrowth
|-damage|p1a: Tangrowth|27/100
|
|-weather|Sandstorm|[upkeep]
|-damage|p1a: Tangrowth|20/100|[from] Sandstorm
|-heal|p1a: Tangrowth|27/100|[from] item: Leftovers
|upkeep
|turn|35
|
|t:|1716688285
|move|p1a: Tangrowth|Giga Drain|p2a: Alakazam
|-damage|p2a: Alakazam|13/100 par
|-heal|p1a: Tangrowth|41/100|[from] drain|[of] p2a: Alakazam
|move|p2a: Alakazam|Hidden Power|p1a: Tangrowth
|-supereffective|p1a: Tangrowth
|-damage|p1a: Tangrowth|0 fnt
|faint|p1a: Tangrowth
|
|-weather|Sandstorm|[upkeep]
|upkeep
|c|☆killerfishsandiego|f u
|
|t:|1716688292
|switch|p1a: Ninetales|Ninetales, F|11/100
|-weather|SunnyDay|[from] ability: Drought|[of] p1a: Ninetales
|turn|36
|c|☆Blossummm|i didnt make the game do that
|
|t:|1716688300
|move|p1a: Ninetales|Flamethrower|p2a: Alakazam
|-damage|p2a: Alakazam|0 fnt
|faint|p2a: Alakazam
|
|-weather|SunnyDay|[upkeep]
|-heal|p1a: Ninetales|17/100|[from] item: Leftovers
|upkeep
|
|t:|1716688302
|switch|p2a: Latios|Latios, M|100/100
|turn|37
|
|t:|1716688305
|move|p2a: Latios|Dragon Pulse|p1a: Ninetales
|-damage|p1a: Ninetales|0 fnt
|faint|p1a: Ninetales
|
|win|Blossummm
|raw|killerfishsandiego's rating: 1507 &rarr; <strong>1487</strong><br />(-20 for losing)
|raw|Blossummm's rating: 1499 &rarr; <strong>1519</strong><br />(+20 for winning)
|c|☆killerfishsandiego|fucking luckiest person ever
|c|☆killerfishsandiego|how does it feel
|c|☆killerfishsandiego|to be this fucking lucky
|c|☆killerfishsandiego|and bailed out every game
|c|☆killerfishsandiego|when you missplay
|c|☆killerfishsandiego|lmfao
|c|☆Blossummm|idk
|c|☆killerfishsandiego|you clearly do bud
|c|☆killerfishsandiego|you clearly fucking do
|c|☆Blossummm|im chillin
|c|☆killerfishsandiego|so how is it
|c|☆killerfishsandiego|seems so
|c|☆killerfishsandiego|don’t have to play for shit
|c|☆killerfishsandiego|game gives it to you every time
|c|☆killerfishsandiego|regardless of whether you played like shit
|c|☆killerfishsandiego|must be nice
|c|☆Blossummm|its whatever
|c|☆killerfishsandiego|i’m sure
|c|☆Blossummm|im chillin
|c|☆killerfishsandiego|this is just a regular day for u i’m sure
|c|☆killerfishsandiego|the games luckiest player
|c|☆Blossummm|ive had pretty bad days
|c|☆killerfishsandiego|fuck out of here
|c|☆killerfishsandiego|with that bullshit lie
|c|☆killerfishsandiego|lmfaooo
|c|☆killerfishsandiego|like be fucking serious
|c|☆Blossummm|ive lost so many games to missed draco meteors
|c|☆killerfishsandiego|lying through your teeth
|c|☆killerfishsandiego|lmfaoooooooooooo
|c|☆Blossummm|thats just how it is ig
|c|☆killerfishsandiego|lmfaoooooo
|c|☆Blossummm|it sucks
|c|☆killerfishsandiego|fraud
|c|☆Blossummm|being a fraud implies im trying to seem better
|c|☆Blossummm|i dont give a fuck
|c|☆Blossummm|im chillin
|c|☆killerfishsandiego|ur boosted by ur luck so
|c|☆killerfishsandiego|it’s inherent to ur nature
|c|☆killerfishsandiego|as a person, as a player
|c|☆Blossummm|u done?
|c|☆killerfishsandiego|u can leave bud
|c|☆killerfishsandiego|who is stopping you
|c|☆Blossummm|idk i just wanted to see how long this would go
|c|☆killerfishsandiego|then wdym u done
|c|☆killerfishsandiego|just daft
|c|☆killerfishsandiego|the illusion of skill in this game is crazy because in reality only lucky players are rewarded under any circumstance lmfao
|c|☆killerfishsandiego|ppl like this, just deceitful
|l|☆killerfishsandiego
|player|p1|
