|j|☆Rarax
|j|☆HANMA JACK
|t:|1735135603
|gametype|singles
|player|p1|Rarax|caitlin-masters|1466
|player|p2|HANMA JACK|169|1599
|teamsize|p1|6
|teamsize|p2|6
|gen|5
|tier|[Gen 5] OU
|rated|
|rule|Species Clause: Limit one of each Pokémon
|rule|OHKO Clause: OHKO moves are banned
|rule|Moody Clause: Moody is banned
|rule|Evasion Items Clause: Evasion items are banned
|rule|Evasion Moves Clause: Evasion moves are banned
|rule|Endless Battle Clause: Forcing endless battles is banned
|rule|HP Percentage Mod: HP is shown in percentages
|rule|Evasion Abilities Clause: Evasion abilities are banned
|rule|Sleep Moves Clause: Sleep-inducing moves are banned
|rule|Swagger Clause: Swagger is banned
|rule|Baton Pass Stat Clause: No Baton Passer may have a way to boost its stats
|clearpoke
|poke|p1|Politoed, F|item
|poke|p1|Kyurem-Black|item
|poke|p1|Starmie|item
|poke|p1|Ferrothorn, F|item
|poke|p1|Garchomp, M|item
|poke|p1|Thundurus-Therian, M|item
|poke|p2|Abomasnow, M|item
|poke|p2|Blissey, F|item
|poke|p2|Forretress, F|item
|poke|p2|Gastrodon, M|item
|poke|p2|Kyurem|item
|poke|p2|Mandibuzz, F|item
|teampreview
|inactive|Battle timer is ON: inactive players will automatically lose when time's up. (requested by Rarax)
|c|☆HANMA JACK|gl hf
|c|☆Rarax|glhf
|
|t:|1735135636
|start
|switch|p1a: Kyurem|Kyurem-Black|100/100
|switch|p2a: Kyurem|Kyurem|100/100
|-ability|p1a: Kyurem|Teravolt
|-ability|p2a: Kyurem|Pressure
|turn|1
|
|t:|1735135645
|move|p1a: Kyurem|Stone Edge|p2a: Kyurem
|-supereffective|p2a: Kyurem
|-damage|p2a: Kyurem|8/100
|move|p2a: Kyurem|Draco Meteor|p1a: Kyurem|[miss]
|-miss|p2a: Kyurem|p1a: Kyurem
|
|upkeep
|turn|2
|
|t:|1735135656
|switch|p2a: Forretress|Forretress, F|100/100
|move|p1a: Kyurem|Stone Edge|p2a: Forretress|[miss]
|-miss|p1a: Kyurem|p2a: Forretress
|
|upkeep
|turn|3
|
|t:|1735135661
|switch|p1a: Thundurus|Thundurus-Therian, M|100/100
|move|p2a: Forretress|Spikes|p1a: Thundurus
|-sidestart|p1: Rarax|Spikes
|
|upkeep
|turn|4
|
|t:|1735135665
|switch|p2a: Blissey|Blissey, F|100/100
|move|p1a: Thundurus|Substitute|p1a: Thundurus
|-start|p1a: Thundurus|Substitute
|-damage|p1a: Thundurus|76/100
|
|-heal|p1a: Thundurus|82/100|[from] item: Leftovers
|upkeep
|turn|5
|
|t:|1735135668
|move|p1a: Thundurus|Focus Blast|p2a: Blissey
|-supereffective|p2a: Blissey
|-damage|p2a: Blissey|70/100
|-unboost|p2a: Blissey|spd|1
|move|p2a: Blissey|Stealth Rock|p1a: Thundurus
|-sidestart|p1: Rarax|move: Stealth Rock
|
|-heal|p1a: Thundurus|88/100|[from] item: Leftovers
|-heal|p2a: Blissey|76/100|[from] item: Leftovers
|upkeep
|turn|6
|
|t:|1735135677
|move|p1a: Thundurus|Focus Blast|p2a: Blissey|[miss]
|-miss|p1a: Thundurus|p2a: Blissey
|move|p2a: Blissey|Soft-Boiled|p2a: Blissey
|-heal|p2a: Blissey|100/100
|
|-heal|p1a: Thundurus|94/100|[from] item: Leftovers
|upkeep
|turn|7
|
|t:|1735135682
|switch|p1a: Ferrothorn|Ferrothorn, F|100/100
|-damage|p1a: Ferrothorn|88/100|[from] Spikes
|-damage|p1a: Ferrothorn|82/100|[from] Stealth Rock
|move|p2a: Blissey|Seismic Toss|p1a: Ferrothorn
|-damage|p1a: Ferrothorn|54/100
|-damage|p2a: Blissey|88/100|[from] ability: Iron Barbs|[of] p1a: Ferrothorn
|
|-heal|p2a: Blissey|94/100|[from] item: Leftovers
|-heal|p1a: Ferrothorn|60/100|[from] item: Leftovers
|upkeep
|turn|8
|
|t:|1735135699
|move|p2a: Blissey|Seismic Toss|p1a: Ferrothorn
|-damage|p1a: Ferrothorn|31/100
|-damage|p2a: Blissey|82/100|[from] ability: Iron Barbs|[of] p1a: Ferrothorn
|move|p1a: Ferrothorn|Leech Seed|p2a: Blissey
|-start|p2a: Blissey|move: Leech Seed
|
|-heal|p2a: Blissey|88/100|[from] item: Leftovers
|-heal|p1a: Ferrothorn|37/100|[from] item: Leftovers
|-damage|p2a: Blissey|76/100|[from] Leech Seed|[of] p1a: Ferrothorn
|-heal|p1a: Ferrothorn|61/100|[silent]
|upkeep
|turn|9
|
|t:|1735135709
|switch|p2a: Abomasnow|Abomasnow, M|100/100
|-weather|Hail|[from] ability: Snow Warning|[of] p2a: Abomasnow
|move|p1a: Ferrothorn|Spikes|p2a: Abomasnow
|-sidestart|p2: HANMA JACK|Spikes
|
|-weather|Hail|[upkeep]
|-damage|p1a: Ferrothorn|55/100|[from] Hail
|-heal|p1a: Ferrothorn|61/100|[from] item: Leftovers
|upkeep
|turn|10
|
|t:|1735135737
|move|p2a: Abomasnow|Hidden Power|p1a: Ferrothorn
|-supereffective|p1a: Ferrothorn
|-damage|p1a: Ferrothorn|0 fnt
|faint|p1a: Ferrothorn
|
|-weather|Hail|[upkeep]
|upkeep
|inactive|Rarax has 120 seconds left.
|
|t:|1735135753
|switch|p1a: Starmie|Starmie|100/100
|-damage|p1a: Starmie|88/100|[from] Stealth Rock
|-item|p1a: Starmie|Air Balloon
|turn|11
|inactive|Rarax has 120 seconds left.
|
|t:|1735135773
|move|p1a: Starmie|Rapid Spin|p2a: Abomasnow
|-damage|p2a: Abomasnow|97/100
|-sideend|p1: Rarax|Spikes|[from] move: Rapid Spin|[of] p1a: Starmie
|-sideend|p1: Rarax|Stealth Rock|[from] move: Rapid Spin|[of] p1a: Starmie
|move|p2a: Abomasnow|Giga Drain|p1a: Starmie
|-supereffective|p1a: Starmie
|-damage|p1a: Starmie|0 fnt
|-heal|p2a: Abomasnow|100/100|[from] drain|[of] p1a: Starmie
|-enditem|p1a: Starmie|Air Balloon
|faint|p1a: Starmie
|
|-weather|Hail|[upkeep]
|upkeep
|l|☆Rarax
|inactive|Rarax disconnected and has a minute to reconnect!
|player|p1|
|c|☆HANMA JACK|gg
|j|☆Rarax
|inactive|Rarax reconnected and has 75 seconds left.
|player|p1|Rarax|caitlin-masters|
|c|☆HANMA JACK|oh
|c|☆HANMA JACK|sorry
|inactive|Rarax has 60 seconds left.
|c|☆HANMA JACK|assumed you left for other reasons
|c|☆HANMA JACK|haha
|c|☆Rarax|wifi issues
|c|☆Rarax|but ngl im cooked
|
|t:|1735135856
|switch|p1a: Politoed|Politoed, F|100/100
|-weather|RainDance|[from] ability: Drizzle|[of] p1a: Politoed
|turn|12
|
|t:|1735135863
|switch|p2a: Kyurem|Kyurem|8/100
|-damage|p2a: Kyurem|0 fnt|[from] Spikes
|faint|p2a: Kyurem
|move|p1a: Politoed|Toxic|p2: Kyurem|[notarget]
|-fail|p1a: Politoed
|
|-weather|RainDance|[upkeep]
|upkeep
|
|t:|1735135867
|switch|p2a: Abomasnow|Abomasnow, M|100/100
|-damage|p2a: Abomasnow|88/100|[from] Spikes
|-weather|Hail|[from] ability: Snow Warning|[of] p2a: Abomasnow
|turn|13
|
|t:|1735135871
|move|p2a: Abomasnow|Giga Drain|p1a: Politoed
|-supereffective|p1a: Politoed
|-damage|p1a: Politoed|50/100
|-heal|p2a: Abomasnow|100/100|[from] drain|[of] p1a: Politoed
|move|p1a: Politoed|Toxic|p2a: Abomasnow
|-status|p2a: Abomasnow|tox
|
|-weather|Hail|[upkeep]
|-damage|p1a: Politoed|44/100|[from] Hail
|-heal|p1a: Politoed|50/100|[from] item: Leftovers
|-damage|p2a: Abomasnow|94/100 tox|[from] psn
|upkeep
|turn|14
|
|t:|1735135882
|move|p1a: Politoed|Protect|p1a: Politoed
|-singleturn|p1a: Politoed|Protect
|move|p2a: Abomasnow|Rest|p2a: Abomasnow
|-status|p2a: Abomasnow|slp|[from] move: Rest
|-heal|p2a: Abomasnow|100/100 slp|[silent]
|-enditem|p2a: Abomasnow|Chesto Berry|[eat]
|-curestatus|p2a: Abomasnow|slp|[msg]
|
|-weather|Hail|[upkeep]
|-damage|p1a: Politoed|44/100|[from] Hail
|-heal|p1a: Politoed|50/100|[from] item: Leftovers
|upkeep
|turn|15
|
|t:|1735135894
|switch|p1a: Kyurem|Kyurem-Black|100/100
|-ability|p1a: Kyurem|Teravolt
|move|p2a: Abomasnow|Giga Drain|p1a: Kyurem
|-resisted|p1a: Kyurem
|-crit|p1a: Kyurem
|-damage|p1a: Kyurem|67/100
|
|-weather|Hail|[upkeep]
|upkeep
|turn|16
|
|t:|1735135901
|switch|p2a: Mandibuzz|Mandibuzz, F|100/100
|move|p1a: Kyurem|Stone Edge|p2a: Mandibuzz|[miss]
|-miss|p1a: Kyurem|p2a: Mandibuzz
|
|-weather|Hail|[upkeep]
|upkeep
|turn|17
|
|t:|1735135919
|switch|p1a: Politoed|Politoed, F|50/100
|-weather|RainDance|[from] ability: Drizzle|[of] p1a: Politoed
|move|p2a: Mandibuzz|Roost||[still]
|-fail|p2a: Mandibuzz|heal
|
|-weather|RainDance|[upkeep]
|-heal|p1a: Politoed|57/100|[from] item: Leftovers
|upkeep
|turn|18
|inactive|Rarax has 90 seconds left.
|
|t:|1735135926
|switch|p2a: Abomasnow|Abomasnow, M|100/100
|-damage|p2a: Abomasnow|88/100|[from] Spikes
|-weather|Hail|[from] ability: Snow Warning|[of] p2a: Abomasnow
|move|p1a: Politoed|Toxic|p2a: Abomasnow
|-status|p2a: Abomasnow|tox
|
|-weather|Hail|[upkeep]
|-damage|p1a: Politoed|50/100|[from] Hail
|-heal|p1a: Politoed|57/100|[from] item: Leftovers
|-damage|p2a: Abomasnow|82/100 tox|[from] psn
|upkeep
|turn|19
|
|t:|1735135930
|move|p1a: Politoed|Protect|p1a: Politoed
|-singleturn|p1a: Politoed|Protect
|move|p2a: Abomasnow|Giga Drain|p1a: Politoed
|-activate|p1a: Politoed|move: Protect
|
|-weather|Hail|[upkeep]
|-damage|p1a: Politoed|50/100|[from] Hail
|-heal|p1a: Politoed|57/100|[from] item: Leftovers
|-damage|p2a: Abomasnow|70/100 tox|[from] psn
|upkeep
|turn|20
|
|t:|1735135937
|switch|p1a: Thundurus|Thundurus-Therian, M|94/100
|move|p2a: Abomasnow|Giga Drain|p1a: Thundurus
|-resisted|p1a: Thundurus
|-damage|p1a: Thundurus|71/100
|-heal|p2a: Abomasnow|81/100 tox|[from] drain|[of] p1a: Thundurus
|
|-weather|Hail|[upkeep]
|-damage|p1a: Thundurus|65/100|[from] Hail
|-heal|p1a: Thundurus|71/100|[from] item: Leftovers
|-damage|p2a: Abomasnow|63/100 tox|[from] psn
|upkeep
|turn|21
|
|t:|1735135945
|switch|p2a: Gastrodon|Gastrodon, M|100/100
|-damage|p2a: Gastrodon|88/100|[from] Spikes
|move|p1a: Thundurus|Focus Blast|p2a: Gastrodon
|-damage|p2a: Gastrodon|48/100
|-unboost|p2a: Gastrodon|spd|1
|
|-weather|Hail|[upkeep]
|-damage|p1a: Thundurus|65/100|[from] Hail
|-damage|p2a: Gastrodon|42/100|[from] Hail
|-heal|p1a: Thundurus|71/100|[from] item: Leftovers
|-heal|p2a: Gastrodon|48/100|[from] item: Leftovers
|upkeep
|turn|22
|inactive|Rarax has 120 seconds left.
|
|t:|1735135952
|switch|p2a: Mandibuzz|Mandibuzz, F|100/100
|move|p1a: Thundurus|Focus Blast|p2a: Mandibuzz
|-damage|p2a: Mandibuzz|64/100
|
|-weather|Hail|[upkeep]
|-damage|p1a: Thundurus|65/100|[from] Hail
|-heal|p1a: Thundurus|71/100|[from] item: Leftovers
|-heal|p2a: Mandibuzz|70/100|[from] item: Leftovers
|upkeep
|turn|23
|
|t:|1735135956
|move|p1a: Thundurus|Thunder|p2a: Mandibuzz
|-supereffective|p2a: Mandibuzz
|-damage|p2a: Mandibuzz|0 fnt
|faint|p2a: Mandibuzz
|
|-weather|Hail|[upkeep]
|-damage|p1a: Thundurus|65/100|[from] Hail
|-heal|p1a: Thundurus|71/100|[from] item: Leftovers
|upkeep
|
|t:|1735135959
|switch|p2a: Blissey|Blissey, F|76/100
|-damage|p2a: Blissey|63/100|[from] Spikes
|turn|24
|
|t:|1735135966
|switch|p1a: Garchomp|Garchomp, M|100/100
|move|p2a: Blissey|Soft-Boiled|p2a: Blissey
|-heal|p2a: Blissey|100/100
|
|-weather|Hail|[upkeep]
|-damage|p1a: Garchomp|94/100|[from] Hail
|-damage|p2a: Blissey|94/100|[from] Hail
|-heal|p2a: Blissey|100/100|[from] item: Leftovers
|upkeep
|turn|25
|
|t:|1735135978
|switch|p2a: Forretress|Forretress, F|100/100
|-damage|p2a: Forretress|88/100|[from] Spikes
|move|p1a: Garchomp|Swords Dance|p1a: Garchomp
|-boost|p1a: Garchomp|atk|2
|
|-weather|Hail|[upkeep]
|-damage|p1a: Garchomp|88/100|[from] Hail
|-heal|p2a: Forretress|94/100|[from] item: Leftovers
|upkeep
|turn|26
|
|t:|1735135984
|move|p1a: Garchomp|Earthquake|p2a: Forretress
|-damage|p2a: Forretress|35/100
|move|p2a: Forretress|Gyro Ball|p1a: Garchomp
|-damage|p1a: Garchomp|50/100
|-damage|p2a: Forretress|23/100|[from] ability: Rough Skin|[of] p1a: Garchomp
|
|-weather|Hail|[upkeep]
|-damage|p1a: Garchomp|44/100|[from] Hail
|-heal|p2a: Forretress|29/100|[from] item: Leftovers
|upkeep
|turn|27
|
|t:|1735136009
|move|p1a: Garchomp|Earthquake|p2a: Forretress
|-damage|p2a: Forretress|0 fnt
|faint|p2a: Forretress
|
|-weather|Hail|[upkeep]
|-damage|p1a: Garchomp|38/100|[from] Hail
|upkeep
|
|t:|1735136011
|switch|p2a: Abomasnow|Abomasnow, M|63/100 tox
|-damage|p2a: Abomasnow|51/100 tox|[from] Spikes
|turn|28
|
|t:|1735136016
|move|p1a: Garchomp|Outrage|p2a: Abomasnow
|-damage|p2a: Abomasnow|0 fnt
|faint|p2a: Abomasnow
|
|-weather|Hail|[upkeep]
|-damage|p1a: Garchomp|32/100|[from] Hail
|upkeep
|
|t:|1735136020
|switch|p2a: Gastrodon|Gastrodon, M|48/100
|-damage|p2a: Gastrodon|35/100|[from] Spikes
|turn|29
|
|t:|1735136028
|move|p1a: Garchomp|Outrage|p2a: Gastrodon|[from]lockedmove
|-damage|p2a: Gastrodon|0 fnt
|faint|p2a: Gastrodon
|-start|p1a: Garchomp|confusion|[fatigue]
|
|-weather|Hail|[upkeep]
|-damage|p1a: Garchomp|26/100|[from] Hail
|upkeep
|
|t:|1735136030
|switch|p2a: Blissey|Blissey, F|100/100
|-damage|p2a: Blissey|88/100|[from] Spikes
|turn|30
|c|☆HANMA JACK|o lord give hax
|
|t:|1735136051
|-activate|p1a: Garchomp|confusion
|-damage|p1a: Garchomp|0 fnt|[from] confusion
|faint|p1a: Garchomp
|move|p2a: Blissey|Seismic Toss|p1: Garchomp|[notarget]
|-fail|p2a: Blissey
|
|-weather|Hail|[upkeep]
|-damage|p2a: Blissey|82/100|[from] Hail
|-heal|p2a: Blissey|88/100|[from] item: Leftovers
|upkeep
|
|t:|1735136054
|switch|p1a: Kyurem|Kyurem-Black|67/100
|-ability|p1a: Kyurem|Teravolt
|turn|31
|c|☆Rarax|gg
|
|t:|1735136059
|move|p1a: Kyurem|Outrage|p2a: Blissey
|-crit|p2a: Blissey
|-damage|p2a: Blissey|0 fnt
|faint|p2a: Blissey
|
|win|Rarax
|raw|Rarax's rating: 1466 &rarr; <strong>1493</strong><br />(+27 for winning)
|raw|HANMA JACK's rating: 1599 &rarr; <strong>1572</strong><br />(-27 for losing)
|c|☆HANMA JACK|gg
