|j|☆Tamanivalu
|j|☆insta influencer
|player|p1|Tamanivalu|101
|player|p2|insta influencer|169
|teamsize|p1|6
|teamsize|p2|6
|gametype|singles
|gen|5
|tier|[Gen 5] OU
|rated|
|rule|Sleep Clause Mod: Limit one foe put to sleep
|rule|Species Clause: Limit one of each Pokémon
|rule|OHKO Clause: OHKO moves are banned
|rule|Moody Clause: Moody is banned
|rule|Evasion Moves Clause: Evasion moves are banned
|rule|Endless Battle Clause: Forcing endless battles is banned
|rule|HP Percentage Mod: HP is shown in percentages
|rule|Evasion Abilities Clause: Evasion abilities are banned
|rule|Baton Pass Clause: Limit one Baton Passer, can't pass Spe and other stats simultaneously
|rule|Swagger Clause: Swagger is banned
|clearpoke
|poke|p1|Tyranitar, M|item
|poke|p1|Garchomp, M|item
|poke|p1|Ferrothorn, M|item
|poke|p1|Landorus-Therian, M|item
|poke|p1|Rotom-Wash|item
|poke|p1|Hydreigon, M|item
|poke|p2|Excadrill, M|item
|poke|p2|Garchomp, M|item
|poke|p2|Ninetales, M|item
|poke|p2|Cresselia, F|item
|poke|p2|Victini|item
|poke|p2|Chansey, F|item
|teampreview
|raw|<div class="broadcast-red"><strong>This room is now invite only!</strong><br />Users must be rank + or invited with <code>/invite</code> to join</div>
|c|☆Tamanivalu|/log Tamanivalu set modjoin to +.
|c|☆Tamanivalu|/log Tamanivalu made this room hidden.
|inactive|Battle timer is ON: inactive players will automatically lose when time's up. (requested by insta influencer)
|
|start
|switch|p1a: Hydreigon|Hydreigon, M|100/100
|switch|p2a: Ninetales|Ninetales, M|100/100
|-weather|SunnyDay|[from] ability: Drought|[of] p2a: Ninetales
|turn|1
|
|move|p2a: Ninetales|Protect|p2a: Ninetales
|-singleturn|p2a: Ninetales|Protect
|move|p1a: Hydreigon|Draco Meteor|p2a: Ninetales
|-activate|p2a: Ninetales|move: Protect
|
|-weather|SunnyDay|[upkeep]
|upkeep
|turn|2
|
|switch|p2a: Chansey|Chansey, F|100/100
|move|p1a: Hydreigon|Draco Meteor|p2a: Chansey
|-damage|p2a: Chansey|72/100
|-unboost|p1a: Hydreigon|spa|2
|-damage|p1a: Hydreigon|91/100|[from] item: Life Orb
|
|-weather|SunnyDay|[upkeep]
|upkeep
|turn|3
|
|move|p1a: Hydreigon|Superpower|p2a: Chansey
|-supereffective|p2a: Chansey
|-crit|p2a: Chansey
|-damage|p2a: Chansey|0 fnt
|-unboost|p1a: Hydreigon|atk|1
|-unboost|p1a: Hydreigon|def|1
|-damage|p1a: Hydreigon|81/100|[from] item: Life Orb
|faint|p2a: Chansey
|
|-weather|SunnyDay|[upkeep]
|upkeep
|c|☆insta influencer|nice
|inactive|insta influencer has 120 seconds left.
|
|switch|p2a: Victini|Victini|100/100
|turn|4
|
|switch|p1a: Garchomp|Garchomp, M|100/100
|move|p2a: Victini|U-turn|p1a: Garchomp
|-damage|p1a: Garchomp|79/100
|-damage|p2a: Victini|88/100|[from] ability: Rough Skin|[of] p1a: Garchomp
|
|switch|p2a: Cresselia|Cresselia, F|100/100
|
|-weather|SunnyDay|[upkeep]
|upkeep
|turn|5
|
|switch|p1a: Tyranitar|Tyranitar, M|100/100
|-weather|Sandstorm|[from] ability: Sand Stream|[of] p1a: Tyranitar
|switch|p2a: Garchomp|Garchomp, M|100/100
|
|-weather|Sandstorm|[upkeep]
|upkeep
|turn|6
|
|switch|p1a: Landorus-T|Landorus-Therian, M|100/100
|-ability|p1a: Landorus-T|Intimidate|boost
|-unboost|p2a: Garchomp|atk|1
|move|p2a: Garchomp|Swords Dance|p2a: Garchomp
|-boost|p2a: Garchomp|atk|2
|
|-weather|Sandstorm|[upkeep]
|upkeep
|turn|7
|
|switch|p1a: Ferrothorn|Ferrothorn, M|100/100
|move|p2a: Garchomp|Dragon Claw|p1a: Ferrothorn
|-resisted|p1a: Ferrothorn
|-damage|p1a: Ferrothorn|77/100
|-damage|p2a: Garchomp|88/100|[from] ability: Iron Barbs|[of] p1a: Ferrothorn
|
|-weather|Sandstorm|[upkeep]
|-heal|p1a: Ferrothorn|83/100|[from] item: Leftovers
|upkeep
|turn|8
|
|switch|p1a: Landorus-T|Landorus-Therian, M|100/100
|-ability|p1a: Landorus-T|Intimidate|boost
|-unboost|p2a: Garchomp|atk|1
|move|p2a: Garchomp|Swords Dance|p2a: Garchomp
|-boost|p2a: Garchomp|atk|2
|
|-weather|Sandstorm|[upkeep]
|upkeep
|turn|9
|
|move|p2a: Garchomp|Dragon Claw|p1a: Landorus-T
|-damage|p1a: Landorus-T|4/100
|move|p1a: Landorus-T|Hidden Power|p2a: Garchomp
|-supereffective|p2a: Garchomp
|-damage|p2a: Garchomp|21/100
|
|-weather|Sandstorm|[upkeep]
|upkeep
|turn|10
|
|move|p2a: Garchomp|Fire Fang|p1a: Landorus-T|[miss]
|-miss|p2a: Garchomp|p1a: Landorus-T
|move|p1a: Landorus-T|Earthquake|p2a: Garchomp
|-damage|p2a: Garchomp|0 fnt
|faint|p2a: Garchomp
|
|-weather|Sandstorm|[upkeep]
|upkeep
|inactive|insta influencer has 120 seconds left.
|
|switch|p2a: Victini|Victini|88/100
|turn|11
|
|switch|p1a: Rotom|Rotom-Wash|100/100
|move|p2a: Victini|U-turn|p1a: Rotom
|-damage|p1a: Rotom|84/100
|
|switch|p2a: Ninetales|Ninetales, M|100/100
|-weather|SunnyDay|[from] ability: Drought|[of] p2a: Ninetales
|
|-weather|SunnyDay|[upkeep]
|-heal|p1a: Rotom|90/100|[from] item: Leftovers
|upkeep
|turn|12
|
|switch|p1a: Hydreigon|Hydreigon, M|81/100
|move|p2a: Ninetales|Will-O-Wisp|p1a: Hydreigon|[miss]
|-miss|p2a: Ninetales|p1a: Hydreigon
|
|-weather|SunnyDay|[upkeep]
|upkeep
|turn|13
|c|☆insta influencer|lmfao
|-message|insta influencer forfeited.
|
|win|Tamanivalu
|l|☆insta influencer
|raw|Tamanivalu's rating: 1384 &rarr; <strong>1404</strong><br />(+20 for winning)
|raw|insta influencer's rating: 1390 &rarr; <strong>1369</strong><br />(-21 for losing)
|c|☆Tamanivalu|/log Tamanivalu made this room public.
|c|☆Tamanivalu|gg noob
