|j|tapu makelele
|j|adjourney
|player|p1|tapu makelele|101
|player|p2|adjourney|1
|gametype|singles
|gen|5
|tier|[Gen 5] OU
|rated
|seed|57506,63901,3311,16330
|rule|Evasion Abilities Clause: Evasion abilities are banned
|rule|Baton Pass Clause: Limit one Baton Passer, can't pass Spe and other stats simultaneously
|rule|Swagger Clause: Swagger is banned
|clearpoke
|poke|p1|Politoed, M|item
|poke|p1|Excadrill, M|item
|poke|p1|Ferrothorn, F|item
|poke|p1|Latios, M|item
|poke|p1|Keldeo|item
|poke|p1|Tornadus, M|item
|poke|p2|Politoed, M, shiny|item
|poke|p2|Ferrothorn, F, shiny|item
|poke|p2|Chansey, F|item
|poke|p2|Gothitelle, M, shiny|item
|poke|p2|Skarmory, F|item
|poke|p2|Tentacruel, M|item
|rule|Sleep Clause Mod: Limit one foe put to sleep
|rule|Species Clause: Limit one of each Pokémon
|rule|OHKO Clause: OHKO moves are banned
|rule|Moody Clause: Moody is banned
|rule|Evasion Moves Clause: Evasion moves are banned
|rule|Endless Battle Clause: Forcing endless battles is banned
|rule|HP Percentage Mod: HP is shown in percentages
|teampreview
|j|viral left stroke
|choice|team 1, team 2, team 3, team 4, team 5, team 6|team 4, team 2, team 3, team 1, team 5, team 6
|
|start
|switch|p1a: Politoed|Politoed, M|361/361
|switch|p2a: Gothitelle|Gothitelle, M, shiny|343/343
|-weather|RainDance|[from] ability: Drizzle|[of] p1a: Politoed
|turn|1
|choice|move hydropump|switch 3
|
|switch|p2a: Chansey|Chansey, F|704/704
|move|p1a: Politoed|Hydro Pump|p2a: Chansey
|-enditem|p1a: Politoed|Water Gem|[from] gem|[move] Hydro Pump
|-damage|p2a: Chansey|436/704
|
|-weather|RainDance|[upkeep]
|upkeep
|turn|2
|l|viral left stroke
|choice|switch 3|move softboiled
|
|switch|p1a: Ferrothorn|Ferrothorn, F|351/351
|move|p2a: Chansey|Soft-Boiled|p2a: Chansey
|-heal|p2a: Chansey|704/704
|
|-weather|RainDance|[upkeep]
|upkeep
|turn|3
|choice|move stealthrock|switch 3
|
|switch|p2a: Gothitelle|Gothitelle, M, shiny|343/343
|move|p1a: Ferrothorn|Stealth Rock|p2a: Gothitelle
|-sidestart|p2: adjourney|move: Stealth Rock
|
|-weather|RainDance|[upkeep]
|upkeep
|turn|4
|c|☆tapu makelele|hm
|c|☆tapu makelele|i inted.
|choice|move powerwhip|move trick
|
|move|p2a: Gothitelle|Trick|p1a: Ferrothorn
|-activate|p2a: Gothitelle|move: Trick|[of] p1a: Ferrothorn
|-item|p1a: Ferrothorn|Choice Scarf|[from] move: Trick
|-item|p2a: Gothitelle|Leftovers|[from] move: Trick
|move|p1a: Ferrothorn|Power Whip|p2a: Gothitelle
|-damage|p2a: Gothitelle|216/343
|
|-weather|RainDance|[upkeep]
|-heal|p2a: Gothitelle|237/343|[from] item: Leftovers
|upkeep
|turn|5
|choice|move powerwhip|switch 2
|
|switch|p2a: Ferrothorn|Ferrothorn, F, shiny|352/352
|-damage|p2a: Ferrothorn|330/352|[from] Stealth Rock
|move|p1a: Ferrothorn|Power Whip|p2a: Ferrothorn
|-resisted|p2a: Ferrothorn
|-damage|p2a: Ferrothorn|308/352
|-damage|p1a: Ferrothorn|308/351|[from] ability: Iron Barbs|[of] p2a: Ferrothorn
|
|-weather|RainDance|[upkeep]
|-heal|p2a: Ferrothorn|330/352|[from] item: Leftovers
|upkeep
|turn|6
|choice|switch 2|move leechseed
|
|switch|p1a: Excadrill|Excadrill, M|361/361
|-item|p1a: Excadrill|Air Balloon
|move|p2a: Ferrothorn|Leech Seed|p1a: Excadrill
|-start|p1a: Excadrill|move: Leech Seed
|
|-weather|RainDance|[upkeep]
|-heal|p2a: Ferrothorn|352/352|[from] item: Leftovers
|-damage|p1a: Excadrill|316/361|[from] Leech Seed|[of] p2a: Ferrothorn
|upkeep
|turn|7
|choice|switch 6|move powerwhip
|
|switch|p1a: Tornadus|Tornadus, M|299/299
|move|p2a: Ferrothorn|Power Whip|p1a: Tornadus
|-resisted|p1a: Tornadus
|-damage|p1a: Tornadus|203/299
|
|-weather|RainDance|[upkeep]
|upkeep
|turn|8
|choice|move hurricane|move protect
|
|move|p2a: Ferrothorn|Protect|p2a: Ferrothorn
|-singleturn|p2a: Ferrothorn|Protect
|move|p1a: Tornadus|Hurricane|p2a: Ferrothorn
|-activate|p2a: Ferrothorn|move: Protect
|
|-weather|RainDance|[upkeep]
|upkeep
|turn|9
|choice|move hurricane|switch 3
|
|switch|p2a: Chansey|Chansey, F|704/704
|-damage|p2a: Chansey|616/704|[from] Stealth Rock
|move|p1a: Tornadus|Hurricane|p2a: Chansey
|-damage|p2a: Chansey|444/704
|
|-weather|RainDance|[upkeep]
|upkeep
|turn|10
|choice|move uturn|move softboiled
|
|move|p1a: Tornadus|U-turn|p2a: Chansey
|-damage|p2a: Chansey|355/704
|choice|switch 6|
|
|switch|p1a: Excadrill|Excadrill, M|316/361
|-item|p1a: Excadrill|Air Balloon
|move|p2a: Chansey|Soft-Boiled|p2a: Chansey
|-heal|p2a: Chansey|704/704
|
|-weather|RainDance|[upkeep]
|upkeep
|turn|11
|choice|move swordsdance|move seismictoss
|
|move|p1a: Excadrill|Swords Dance|p1a: Excadrill
|-boost|p1a: Excadrill|atk|2
|move|p2a: Chansey|Seismic Toss|p1a: Excadrill
|-damage|p1a: Excadrill|216/361
|-enditem|p1a: Excadrill|Air Balloon
|
|-weather|RainDance|[upkeep]
|upkeep
|turn|12
|choice|move swordsdance|switch 5
|
|switch|p2a: Skarmory|Skarmory, F|333/333
|-damage|p2a: Skarmory|292/333|[from] Stealth Rock
|move|p1a: Excadrill|Swords Dance|p1a: Excadrill
|-boost|p1a: Excadrill|atk|2
|
|-weather|RainDance|[upkeep]
|-heal|p2a: Skarmory|312/333|[from] item: Leftovers
|upkeep
|turn|13
|choice|move ironhead|move whirlwind
|
|move|p1a: Excadrill|Iron Head|p2a: Skarmory
|-resisted|p2a: Skarmory
|-damage|p2a: Skarmory|145/333
|cant|p2a: Skarmory|flinch
|
|-weather|RainDance|[upkeep]
|-heal|p2a: Skarmory|165/333|[from] item: Leftovers
|upkeep
|turn|14
|choice|move ironhead|switch 2
|
|switch|p2a: Gothitelle|Gothitelle, M, shiny|237/343
|-damage|p2a: Gothitelle|195/343|[from] Stealth Rock
|move|p1a: Excadrill|Iron Head|p2a: Gothitelle
|-damage|p2a: Gothitelle|0 fnt
|faint|p2a: Gothitelle
|
|-weather|RainDance|[upkeep]
|upkeep
|choice||switch 4
|
|switch|p2a: Politoed|Politoed, M, shiny|383/383
|-damage|p2a: Politoed|336/383|[from] Stealth Rock
|turn|15
|choice|switch 3|move surf
|
|switch|p1a: Politoed|Politoed, M|361/361
|move|p2a: Politoed|Surf|p1a: Politoed
|-resisted|p1a: Politoed
|-damage|p1a: Politoed|278/361
|
|-weather|RainDance|[upkeep]
|upkeep
|turn|16
|choice|move scald|switch 5
|
|switch|p2a: Chansey|Chansey, F|704/704
|-damage|p2a: Chansey|616/704|[from] Stealth Rock
|move|p1a: Politoed|Scald|p2a: Chansey
|-damage|p2a: Chansey|496/704
|-status|p2a: Chansey|brn
|
|-weather|RainDance|[upkeep]
|-damage|p2a: Chansey|408/704 brn|[from] brn
|upkeep
|turn|17
|choice|switch 2|move softboiled
|
|switch|p1a: Ferrothorn|Ferrothorn, F|308/351
|move|p2a: Chansey|Soft-Boiled|p2a: Chansey
|-heal|p2a: Chansey|704/704 brn
|
|-weather|RainDance|[upkeep]
|-damage|p2a: Chansey|616/704 brn|[from] brn
|upkeep
|turn|18
|choice|move leechseed|switch 6
|
|-curestatus|p2a: Chansey|brn|[from] ability: Natural Cure
|switch|p2a: Tentacruel|Tentacruel, M|364/364
|-damage|p2a: Tentacruel|319/364|[from] Stealth Rock
|move|p1a: Ferrothorn|Leech Seed|p2a: Tentacruel
|-start|p2a: Tentacruel|move: Leech Seed
|
|-weather|RainDance|[upkeep]
|-heal|p2a: Tentacruel|341/364|[from] ability: Rain Dish
|-heal|p2a: Tentacruel|363/364|[from] item: Black Sludge
|-damage|p2a: Tentacruel|318/364|[from] Leech Seed|[of] p1a: Ferrothorn
|-heal|p1a: Ferrothorn|351/351|[silent]
|upkeep
|turn|19
|choice|switch 4|move rapidspin
|
|switch|p1a: Latios|Latios, M|301/301
|move|p2a: Tentacruel|Rapid Spin|p1a: Latios
|-damage|p1a: Latios|288/301
|-end|p2a: Tentacruel|Leech Seed|[from] move: Rapid Spin|[of] p2a: Tentacruel
|-sideend|p2: adjourney|Stealth Rock|[from] move: Rapid Spin|[of] p2a: Tentacruel
|
|-weather|RainDance|[upkeep]
|-heal|p2a: Tentacruel|340/364|[from] ability: Rain Dish
|-heal|p2a: Tentacruel|362/364|[from] item: Black Sludge
|upkeep
|turn|20
|choice|move psyshock|move protect
|
|move|p2a: Tentacruel|Protect|p2a: Tentacruel
|-singleturn|p2a: Tentacruel|Protect
|move|p1a: Latios|Psyshock|p2a: Tentacruel
|-activate|p2a: Tentacruel|move: Protect
|
|-weather|RainDance|[upkeep]
|-heal|p2a: Tentacruel|364/364|[from] ability: Rain Dish
|upkeep
|turn|21
|choice|switch 2|switch 3
|
|switch|p1a: Politoed|Politoed, M|278/361
|switch|p2a: Ferrothorn|Ferrothorn, F, shiny|352/352
|
|-weather|RainDance|[upkeep]
|upkeep
|turn|22
|choice|move hypnosis|switch 6
|
|switch|p2a: Chansey|Chansey, F|616/704
|move|p1a: Politoed|Hypnosis|p2a: Chansey
|-status|p2a: Chansey|slp
|
|-weather|RainDance|[upkeep]
|upkeep
|turn|23
|choice|switch 4|switch 5
|
|switch|p1a: Ferrothorn|Ferrothorn, F|351/351
|-curestatus|p2a: Chansey|slp|[from] ability: Natural Cure
|switch|p2a: Politoed|Politoed, M, shiny|336/383
|
|-weather|RainDance|[upkeep]
|upkeep
|turn|24
|choice|move stealthrock|switch 3
|
|switch|p2a: Tentacruel|Tentacruel, M|364/364
|move|p1a: Ferrothorn|Stealth Rock|p2a: Tentacruel
|-sidestart|p2: adjourney|move: Stealth Rock
|
|-weather|RainDance|[upkeep]
|upkeep
|turn|25
|choice|switch 4|move rapidspin
|
|switch|p1a: Politoed|Politoed, M|278/361
|move|p2a: Tentacruel|Rapid Spin|p1a: Politoed
|-damage|p1a: Politoed|267/361
|-sideend|p2: adjourney|Stealth Rock|[from] move: Rapid Spin|[of] p2a: Tentacruel
|
|-weather|RainDance|[upkeep]
|upkeep
|turn|26
|choice|move hypnosis|move protect
|
|move|p2a: Tentacruel|Protect|p2a: Tentacruel
|-singleturn|p2a: Tentacruel|Protect
|move|p1a: Politoed|Hypnosis|p2a: Tentacruel
|-activate|p2a: Tentacruel|move: Protect
|
|-weather|RainDance|[upkeep]
|upkeep
|turn|27
|choice|move scald|switch 6
|
|switch|p2a: Ferrothorn|Ferrothorn, F, shiny|352/352
|move|p1a: Politoed|Scald|p2a: Ferrothorn
|-resisted|p2a: Ferrothorn
|-damage|p2a: Ferrothorn|281/352
|-status|p2a: Ferrothorn|brn
|
|-weather|RainDance|[upkeep]
|-heal|p2a: Ferrothorn|303/352 brn|[from] item: Leftovers
|-damage|p2a: Ferrothorn|259/352 brn|[from] brn
|upkeep
|turn|28
|choice|switch 6|move stealthrock
|
|switch|p1a: Tornadus|Tornadus, M|203/299
|move|p2a: Ferrothorn|Stealth Rock|p1a: Tornadus
|-sidestart|p1: tapu makelele|move: Stealth Rock
|
|-weather|RainDance|[upkeep]
|-heal|p2a: Ferrothorn|281/352 brn|[from] item: Leftovers
|-damage|p2a: Ferrothorn|237/352 brn|[from] brn
|upkeep
|turn|29
|choice|move hurricane|switch 5
|
|switch|p2a: Chansey|Chansey, F|616/704
|move|p1a: Tornadus|Hurricane|p2a: Chansey
|-damage|p2a: Chansey|457/704
|
|-weather|RainDance|[upkeep]
|upkeep
|turn|30
|choice|move uturn|move softboiled
|
|move|p1a: Tornadus|U-turn|p2a: Chansey
|-damage|p2a: Chansey|373/704
|choice|switch 4|
|
|switch|p1a: Ferrothorn|Ferrothorn, F|351/351
|-damage|p1a: Ferrothorn|330/351|[from] Stealth Rock
|move|p2a: Chansey|Soft-Boiled|p2a: Chansey
|-heal|p2a: Chansey|704/704
|
|-weather|RainDance|[upkeep]
|upkeep
|turn|31
|choice|move leechseed|switch 6
|
|switch|p2a: Tentacruel|Tentacruel, M|364/364
|move|p1a: Ferrothorn|Leech Seed|p2a: Tentacruel
|-start|p2a: Tentacruel|move: Leech Seed
|
|-weather|RainDance|[upkeep]
|-damage|p2a: Tentacruel|319/364|[from] Leech Seed|[of] p1a: Ferrothorn
|-heal|p1a: Ferrothorn|351/351|[silent]
|upkeep
|turn|32
|choice|move leechseed|move scald
|
|move|p2a: Tentacruel|Scald|p1a: Ferrothorn
|-resisted|p1a: Ferrothorn
|-damage|p1a: Ferrothorn|306/351
|-status|p1a: Ferrothorn|brn
|move|p1a: Ferrothorn|Leech Seed|p2a: Tentacruel
|-fail|p2a: Tentacruel
|
|-weather|RainDance|[upkeep]
|-heal|p2a: Tentacruel|341/364|[from] ability: Rain Dish
|-heal|p2a: Tentacruel|363/364|[from] item: Black Sludge
|-damage|p2a: Tentacruel|318/364|[from] Leech Seed|[of] p1a: Ferrothorn
|-heal|p1a: Ferrothorn|351/351 brn|[silent]
|-damage|p1a: Ferrothorn|308/351 brn|[from] brn
|upkeep
|turn|33
|choice|move leechseed|move toxic
|
|move|p2a: Tentacruel|Toxic|p1a: Ferrothorn
|-fail|p1a: Ferrothorn
|move|p1a: Ferrothorn|Leech Seed|p2a: Tentacruel
|-fail|p2a: Tentacruel
|
|-weather|RainDance|[upkeep]
|-heal|p2a: Tentacruel|340/364|[from] ability: Rain Dish
|-heal|p2a: Tentacruel|362/364|[from] item: Black Sludge
|-damage|p2a: Tentacruel|317/364|[from] Leech Seed|[of] p1a: Ferrothorn
|-heal|p1a: Ferrothorn|351/351 brn|[silent]
|-damage|p1a: Ferrothorn|308/351 brn|[from] brn
|upkeep
|turn|34
|choice|move leechseed|move scald
|
|move|p2a: Tentacruel|Scald|p1a: Ferrothorn
|-resisted|p1a: Ferrothorn
|-damage|p1a: Ferrothorn|265/351 brn
|move|p1a: Ferrothorn|Leech Seed|p2a: Tentacruel
|-fail|p2a: Tentacruel
|
|-weather|RainDance|[upkeep]
|-heal|p2a: Tentacruel|339/364|[from] ability: Rain Dish
|-heal|p2a: Tentacruel|361/364|[from] item: Black Sludge
|-damage|p2a: Tentacruel|316/364|[from] Leech Seed|[of] p1a: Ferrothorn
|-heal|p1a: Ferrothorn|310/351 brn|[silent]
|-damage|p1a: Ferrothorn|267/351 brn|[from] brn
|upkeep
|turn|35
|choice|switch 2|move toxic
|
|switch|p1a: Latios|Latios, M|288/301
|-damage|p1a: Latios|251/301|[from] Stealth Rock
|move|p2a: Tentacruel|Toxic|p1a: Latios
|-status|p1a: Latios|tox
|
|-weather|RainDance|[upkeep]
|-heal|p2a: Tentacruel|338/364|[from] ability: Rain Dish
|-heal|p2a: Tentacruel|360/364|[from] item: Black Sludge
|-damage|p2a: Tentacruel|315/364|[from] Leech Seed|[of] p1a: Latios
|-heal|p1a: Latios|296/301 tox|[silent]
|-damage|p1a: Latios|278/301 tox|[from] psn
|upkeep
|turn|36
|choice|move psyshock|move protect
|
|move|p2a: Tentacruel|Protect|p2a: Tentacruel
|-singleturn|p2a: Tentacruel|Protect
|move|p1a: Latios|Psyshock|p2a: Tentacruel
|-activate|p2a: Tentacruel|move: Protect
|
|-weather|RainDance|[upkeep]
|-heal|p2a: Tentacruel|337/364|[from] ability: Rain Dish
|-heal|p2a: Tentacruel|359/364|[from] item: Black Sludge
|-damage|p2a: Tentacruel|314/364|[from] Leech Seed|[of] p1a: Latios
|-heal|p1a: Latios|301/301 tox|[silent]
|-damage|p1a: Latios|265/301 tox|[from] psn
|upkeep
|turn|37
|choice|switch 3|switch 5
|
|switch|p1a: Excadrill|Excadrill, M|216/361
|-damage|p1a: Excadrill|205/361|[from] Stealth Rock
|switch|p2a: Ferrothorn|Ferrothorn, F, shiny|237/352 brn
|
|-weather|RainDance|[upkeep]
|-heal|p2a: Ferrothorn|259/352 brn|[from] item: Leftovers
|-damage|p2a: Ferrothorn|215/352 brn|[from] brn
|upkeep
|turn|38
|choice|move earthquake|move leechseed
|
|move|p1a: Excadrill|Earthquake|p2a: Ferrothorn
|-crit|p2a: Ferrothorn
|-damage|p2a: Ferrothorn|0 fnt
|faint|p2a: Ferrothorn
|
|-weather|RainDance|[upkeep]
|upkeep
|choice||switch 3
|
|switch|p2a: Politoed|Politoed, M, shiny|336/383
|turn|39
|choice|switch 2|move surf
|
|switch|p1a: Ferrothorn|Ferrothorn, F|267/351 brn
|-damage|p1a: Ferrothorn|246/351 brn|[from] Stealth Rock
|move|p2a: Politoed|Surf|p1a: Ferrothorn
|-resisted|p1a: Ferrothorn
|-damage|p1a: Ferrothorn|186/351 brn
|
|-weather|RainDance|[upkeep]
|-damage|p1a: Ferrothorn|143/351 brn|[from] brn
|upkeep
|turn|40
|choice|move leechseed|switch 5
|
|switch|p2a: Tentacruel|Tentacruel, M|314/364
|move|p1a: Ferrothorn|Leech Seed|p2a: Tentacruel
|-start|p2a: Tentacruel|move: Leech Seed
|
|-weather|RainDance|[upkeep]
|-heal|p2a: Tentacruel|336/364|[from] ability: Rain Dish
|-heal|p2a: Tentacruel|358/364|[from] item: Black Sludge
|-damage|p2a: Tentacruel|313/364|[from] Leech Seed|[of] p1a: Ferrothorn
|-heal|p1a: Ferrothorn|188/351 brn|[silent]
|-damage|p1a: Ferrothorn|145/351 brn|[from] brn
|upkeep
|turn|41
|choice|switch 6|move scald
|
|switch|p1a: Politoed|Politoed, M|267/361
|-damage|p1a: Politoed|222/361|[from] Stealth Rock
|move|p2a: Tentacruel|Scald|p1a: Politoed
|-resisted|p1a: Politoed
|-damage|p1a: Politoed|163/361
|
|-weather|RainDance|[upkeep]
|-heal|p2a: Tentacruel|335/364|[from] ability: Rain Dish
|-heal|p2a: Tentacruel|357/364|[from] item: Black Sludge
|-damage|p2a: Tentacruel|312/364|[from] Leech Seed|[of] p1a: Politoed
|-heal|p1a: Politoed|208/361|[silent]
|upkeep
|turn|42
|choice|move scald|switch 6
|
|switch|p2a: Chansey|Chansey, F|704/704
|move|p1a: Politoed|Scald|p2a: Chansey
|-damage|p2a: Chansey|595/704
|
|-weather|RainDance|[upkeep]
|upkeep
|turn|43
|choice|move hypnosis|move seismictoss
|
|move|p1a: Politoed|Hypnosis|p2a: Chansey
|-status|p2a: Chansey|slp
|cant|p2a: Chansey|slp
|
|-weather|RainDance|[upkeep]
|upkeep
|turn|44
|choice|move scald|switch 5
|
|-curestatus|p2a: Chansey|slp|[from] ability: Natural Cure
|switch|p2a: Politoed|Politoed, M, shiny|336/383
|move|p1a: Politoed|Scald|p2a: Politoed
|-resisted|p2a: Politoed
|-damage|p2a: Politoed|238/383
|-status|p2a: Politoed|brn
|
|-weather|RainDance|[upkeep]
|-damage|p2a: Politoed|191/383 brn|[from] brn
|upkeep
|turn|45
|choice|move hydropump|move surf
|
|move|p2a: Politoed|Surf|p1a: Politoed
|-resisted|p1a: Politoed
|-damage|p1a: Politoed|138/361
|move|p1a: Politoed|Hydro Pump|p2a: Politoed
|-resisted|p2a: Politoed
|-damage|p2a: Politoed|50/383 brn
|
|-weather|RainDance|[upkeep]
|-damage|p2a: Politoed|3/383 brn|[from] brn
|upkeep
|turn|46
|choice|move scald|move surf
|
|move|p2a: Politoed|Surf|p1a: Politoed
|-resisted|p1a: Politoed
|-damage|p1a: Politoed|58/361
|move|p1a: Politoed|Scald|p2a: Politoed
|-resisted|p2a: Politoed
|-crit|p2a: Politoed
|-damage|p2a: Politoed|0 fnt
|faint|p2a: Politoed
|
|-weather|RainDance|[upkeep]
|upkeep
|choice||switch 5
|
|switch|p2a: Chansey|Chansey, F|595/704
|turn|47
|choice|move hypnosis|move seismictoss
|
|move|p1a: Politoed|Hypnosis|p2a: Chansey
|-status|p2a: Chansey|slp
|cant|p2a: Chansey|slp
|
|-weather|RainDance|[upkeep]
|upkeep
|turn|48
|choice|switch 2|move seismictoss
|
|switch|p1a: Excadrill|Excadrill, M|205/361
|-damage|p1a: Excadrill|194/361|[from] Stealth Rock
|cant|p2a: Chansey|slp
|
|-weather|RainDance|[upkeep]
|upkeep
|turn|49
|choice|move rapidspin|switch 2
|
|-curestatus|p2a: Chansey|slp|[from] ability: Natural Cure
|switch|p2a: Skarmory|Skarmory, F|165/333
|move|p1a: Excadrill|Rapid Spin|p2a: Skarmory
|-resisted|p2a: Skarmory
|-damage|p2a: Skarmory|156/333
|-sideend|p1: tapu makelele|Stealth Rock|[from] move: Rapid Spin|[of] p1a: Excadrill
|
|-weather|RainDance|[upkeep]
|-heal|p2a: Skarmory|176/333|[from] item: Leftovers
|upkeep
|turn|50
|choice|move swordsdance|move roost
|
|move|p1a: Excadrill|Swords Dance|p1a: Excadrill
|-boost|p1a: Excadrill|atk|2
|move|p2a: Skarmory|Roost|p2a: Skarmory
|-heal|p2a: Skarmory|333/333
|
|-weather|RainDance|[upkeep]
|upkeep
|turn|51
|choice|move ironhead|move bravebird
|
|move|p1a: Excadrill|Iron Head|p2a: Skarmory
|-resisted|p2a: Skarmory
|-damage|p2a: Skarmory|223/333
|move|p2a: Skarmory|Brave Bird|p1a: Excadrill
|-resisted|p1a: Excadrill
|-crit|p1a: Excadrill
|-damage|p1a: Excadrill|29/361
|-damage|p2a: Skarmory|169/333|[from] recoil|[of] p1a: Excadrill
|
|-weather|RainDance|[upkeep]
|-heal|p2a: Skarmory|189/333|[from] item: Leftovers
|upkeep
|turn|52
|choice|move ironhead|move roost
|
|move|p1a: Excadrill|Iron Head|p2a: Skarmory
|-resisted|p2a: Skarmory
|-damage|p2a: Skarmory|90/333
|cant|p2a: Skarmory|flinch
|
|-weather|RainDance|[upkeep]
|-heal|p2a: Skarmory|110/333|[from] item: Leftovers
|upkeep
|turn|53
|choice|move ironhead|move roost
|
|move|p1a: Excadrill|Iron Head|p2a: Skarmory
|-resisted|p2a: Skarmory
|-damage|p2a: Skarmory|1/333
|move|p2a: Skarmory|Roost|p2a: Skarmory
|-heal|p2a: Skarmory|168/333
|
|-weather|RainDance|[upkeep]
|-heal|p2a: Skarmory|188/333|[from] item: Leftovers
|upkeep
|turn|54
|choice|move ironhead|move roost
|
|move|p1a: Excadrill|Iron Head|p2a: Skarmory
|-resisted|p2a: Skarmory
|-damage|p2a: Skarmory|88/333
|move|p2a: Skarmory|Roost|p2a: Skarmory
|-heal|p2a: Skarmory|255/333
|
|-weather|RainDance|[upkeep]
|-heal|p2a: Skarmory|275/333|[from] item: Leftovers
|upkeep
|turn|55
|choice|move swordsdance|move bravebird
|
|move|p1a: Excadrill|Swords Dance|p1a: Excadrill
|-boost|p1a: Excadrill|atk|2
|move|p2a: Skarmory|Brave Bird|p1a: Excadrill
|-resisted|p1a: Excadrill
|-damage|p1a: Excadrill|0 fnt
|-damage|p2a: Skarmory|265/333|[from] recoil|[of] p1a: Excadrill
|faint|p1a: Excadrill
|
|-weather|RainDance|[upkeep]
|-heal|p2a: Skarmory|285/333|[from] item: Leftovers
|upkeep
|choice|switch 5|
|
|switch|p1a: Keldeo|Keldeo|323/323
|turn|56
|choice|move scald|switch 2
|
|switch|p2a: Chansey|Chansey, F|595/704
|move|p1a: Keldeo|Scald|p2a: Chansey
|-damage|p2a: Chansey|454/704
|
|-weather|RainDance|[upkeep]
|upkeep
|turn|57
|choice|switch 6|move seismictoss
|
|switch|p1a: Ferrothorn|Ferrothorn, F|145/351 brn
|move|p2a: Chansey|Seismic Toss|p1a: Ferrothorn
|-damage|p1a: Ferrothorn|45/351 brn
|-damage|p2a: Chansey|366/704|[from] ability: Iron Barbs|[of] p1a: Ferrothorn
|
|-weather|RainDance|[upkeep]
|-damage|p1a: Ferrothorn|2/351 brn|[from] brn
|upkeep
|turn|58
|choice|move leechseed|move seismictoss
|
|move|p2a: Chansey|Seismic Toss|p1a: Ferrothorn
|-damage|p1a: Ferrothorn|0 fnt
|-damage|p2a: Chansey|278/704|[from] ability: Iron Barbs|[of] p1a: Ferrothorn
|faint|p1a: Ferrothorn
|
|-weather|RainDance|[upkeep]
|upkeep
|choice|switch 3|
|
|switch|p1a: Latios|Latios, M|265/301 tox
|turn|59
|choice|move psyshock|move softboiled
|
|move|p1a: Latios|Psyshock|p2a: Chansey
|-damage|p2a: Chansey|0 fnt
|faint|p2a: Chansey
|
|-weather|RainDance|[upkeep]
|-damage|p1a: Latios|247/301 tox|[from] psn
|upkeep
|choice||switch 2
|
|switch|p2a: Skarmory|Skarmory, F|285/333
|turn|60
|choice|switch 2|move bravebird
|
|switch|p1a: Politoed|Politoed, M|58/361
|move|p2a: Skarmory|Brave Bird|p1a: Politoed
|-damage|p1a: Politoed|0 fnt
|-damage|p2a: Skarmory|266/333|[from] recoil|[of] p1a: Politoed
|faint|p1a: Politoed
|
|-weather|RainDance|[upkeep]
|-heal|p2a: Skarmory|286/333|[from] item: Leftovers
|upkeep
|choice|switch 6|
|
|switch|p1a: Keldeo|Keldeo|323/323
|turn|61
|choice|move scald|switch 6
|
|switch|p2a: Tentacruel|Tentacruel, M|312/364
|move|p1a: Keldeo|Scald|p2a: Tentacruel
|-resisted|p2a: Tentacruel
|-damage|p2a: Tentacruel|228/364
|
|-weather|RainDance|[upkeep]
|-heal|p2a: Tentacruel|250/364|[from] ability: Rain Dish
|-heal|p2a: Tentacruel|272/364|[from] item: Black Sludge
|upkeep
|turn|62
|choice|move scald|move toxic
|
|move|p1a: Keldeo|Scald|p2a: Tentacruel
|-resisted|p2a: Tentacruel
|-crit|p2a: Tentacruel
|-damage|p2a: Tentacruel|86/364
|move|p2a: Tentacruel|Toxic|p1a: Keldeo
|-status|p1a: Keldeo|tox
|
|-weather|RainDance|[upkeep]
|-heal|p2a: Tentacruel|108/364|[from] ability: Rain Dish
|-heal|p2a: Tentacruel|130/364|[from] item: Black Sludge
|-damage|p1a: Keldeo|303/323 tox|[from] psn
|upkeep
|turn|63
|choice|move scald|move protect
|
|move|p2a: Tentacruel|Protect|p2a: Tentacruel
|-singleturn|p2a: Tentacruel|Protect
|move|p1a: Keldeo|Scald|p2a: Tentacruel
|-activate|p2a: Tentacruel|move: Protect
|
|-weather|RainDance|[upkeep]
|-heal|p2a: Tentacruel|152/364|[from] ability: Rain Dish
|-heal|p2a: Tentacruel|174/364|[from] item: Black Sludge
|-damage|p1a: Keldeo|263/323 tox|[from] psn
|upkeep
|turn|64
|choice|move scald|move protect
|
|move|p2a: Tentacruel|Protect|p2a: Tentacruel
|-fail|p2a: Tentacruel
|move|p1a: Keldeo|Scald|p2a: Tentacruel
|-resisted|p2a: Tentacruel
|-damage|p2a: Tentacruel|78/364
|
|-weather|RainDance|[upkeep]
|-heal|p2a: Tentacruel|100/364|[from] ability: Rain Dish
|-heal|p2a: Tentacruel|122/364|[from] item: Black Sludge
|-damage|p1a: Keldeo|203/323 tox|[from] psn
|upkeep
|turn|65
|choice|switch 2|move protect
|
|switch|p1a: Latios|Latios, M|247/301 tox
|move|p2a: Tentacruel|Protect|p2a: Tentacruel
|-fail|p2a: Tentacruel
|
|-weather|RainDance|[upkeep]
|-heal|p2a: Tentacruel|144/364|[from] ability: Rain Dish
|-heal|p2a: Tentacruel|166/364|[from] item: Black Sludge
|-damage|p1a: Latios|229/301 tox|[from] psn
|upkeep
|turn|66
|choice|move dracometeor|move protect
|
|move|p2a: Tentacruel|Protect|p2a: Tentacruel
|-singleturn|p2a: Tentacruel|Protect
|move|p1a: Latios|Draco Meteor|p2a: Tentacruel
|-activate|p2a: Tentacruel|move: Protect
|
|-weather|RainDance|[upkeep]
|-heal|p2a: Tentacruel|188/364|[from] ability: Rain Dish
|-heal|p2a: Tentacruel|210/364|[from] item: Black Sludge
|-damage|p1a: Latios|193/301 tox|[from] psn
|upkeep
|turn|67
|choice|move dracometeor|switch 6
|
|switch|p2a: Skarmory|Skarmory, F|286/333
|move|p1a: Latios|Draco Meteor|p2a: Skarmory
|-resisted|p2a: Skarmory
|-damage|p2a: Skarmory|88/333
|-unboost|p1a: Latios|spa|2
|
|-weather|RainDance|[upkeep]
|-heal|p2a: Skarmory|108/333|[from] item: Leftovers
|-damage|p1a: Latios|139/301 tox|[from] psn
|upkeep
|turn|68
|choice|switch 2|switch 6
|
|switch|p1a: Keldeo|Keldeo|203/323 tox
|switch|p2a: Tentacruel|Tentacruel, M|210/364
|
|-weather|RainDance|[upkeep]
|-heal|p2a: Tentacruel|232/364|[from] ability: Rain Dish
|-heal|p2a: Tentacruel|254/364|[from] item: Black Sludge
|-damage|p1a: Keldeo|183/323 tox|[from] psn
|upkeep
|turn|69
|choice|move scald|move protect
|
|move|p2a: Tentacruel|Protect|p2a: Tentacruel
|-singleturn|p2a: Tentacruel|Protect
|move|p1a: Keldeo|Scald|p2a: Tentacruel
|-activate|p2a: Tentacruel|move: Protect
|
|-weather|RainDance|[upkeep]
|-heal|p2a: Tentacruel|276/364|[from] ability: Rain Dish
|-heal|p2a: Tentacruel|298/364|[from] item: Black Sludge
|-damage|p1a: Keldeo|143/323 tox|[from] psn
|upkeep
|turn|70
|choice|move scald|move protect
|
|move|p2a: Tentacruel|Protect|p2a: Tentacruel
|-singleturn|p2a: Tentacruel|Protect
|move|p1a: Keldeo|Scald|p2a: Tentacruel
|-activate|p2a: Tentacruel|move: Protect
|
|-weather|RainDance|[upkeep]
|-heal|p2a: Tentacruel|320/364|[from] ability: Rain Dish
|-heal|p2a: Tentacruel|342/364|[from] item: Black Sludge
|-damage|p1a: Keldeo|83/323 tox|[from] psn
|upkeep
|turn|71
|choice|move scald|move scald
|
|move|p1a: Keldeo|Scald|p2a: Tentacruel
|-resisted|p2a: Tentacruel
|-damage|p2a: Tentacruel|258/364
|-status|p2a: Tentacruel|brn
|move|p2a: Tentacruel|Scald|p1a: Keldeo
|-resisted|p1a: Keldeo
|-crit|p1a: Keldeo
|-damage|p1a: Keldeo|0 fnt
|faint|p1a: Keldeo
|
|-weather|RainDance|[upkeep]
|-heal|p2a: Tentacruel|280/364 brn|[from] ability: Rain Dish
|-heal|p2a: Tentacruel|302/364 brn|[from] item: Black Sludge
|-damage|p2a: Tentacruel|257/364 brn|[from] brn
|upkeep
|choice|switch 2|
|
|switch|p1a: Latios|Latios, M|139/301 tox
|turn|72
|choice|move psyshock|move protect
|
|move|p2a: Tentacruel|Protect|p2a: Tentacruel
|-singleturn|p2a: Tentacruel|Protect
|move|p1a: Latios|Psyshock|p2a: Tentacruel
|-activate|p2a: Tentacruel|move: Protect
|
|-weather|RainDance|[upkeep]
|-heal|p2a: Tentacruel|279/364 brn|[from] ability: Rain Dish
|-heal|p2a: Tentacruel|301/364 brn|[from] item: Black Sludge
|-damage|p1a: Latios|121/301 tox|[from] psn
|-damage|p2a: Tentacruel|256/364 brn|[from] brn
|upkeep
|turn|73
|j|hanbonman
|choice|move psyshock|switch 6
|
|switch|p2a: Skarmory|Skarmory, F|108/333
|move|p1a: Latios|Psyshock|p2a: Skarmory
|-resisted|p2a: Skarmory
|-damage|p2a: Skarmory|33/333
|
|-weather|RainDance|[upkeep]
|-heal|p2a: Skarmory|53/333|[from] item: Leftovers
|-damage|p1a: Latios|85/301 tox|[from] psn
|upkeep
|turn|74
|choice|move psyshock|move roost
|
|move|p1a: Latios|Psyshock|p2a: Skarmory
|-resisted|p2a: Skarmory
|-damage|p2a: Skarmory|0 fnt
|faint|p2a: Skarmory
|
|-weather|RainDance|[upkeep]
|-damage|p1a: Latios|31/301 tox|[from] psn
|upkeep
|choice||switch 6
|
|switch|p2a: Tentacruel|Tentacruel, M|256/364 brn
|turn|75
|choice|switch 4|move protect
|
|switch|p1a: Tornadus|Tornadus, M|203/299
|move|p2a: Tentacruel|Protect|p2a: Tentacruel
|-fail|p2a: Tentacruel
|
|-weather|RainDance|[upkeep]
|-heal|p2a: Tentacruel|278/364 brn|[from] ability: Rain Dish
|-heal|p2a: Tentacruel|300/364 brn|[from] item: Black Sludge
|-damage|p2a: Tentacruel|255/364 brn|[from] brn
|upkeep
|turn|76
|choice|move hurricane|move scald
|
|move|p1a: Tornadus|Hurricane|p2a: Tentacruel
|-damage|p2a: Tentacruel|39/364 brn
|move|p2a: Tentacruel|Scald|p1a: Tornadus
|-damage|p1a: Tornadus|38/299
|
|-weather|RainDance|[upkeep]
|-heal|p2a: Tentacruel|61/364 brn|[from] ability: Rain Dish
|-heal|p2a: Tentacruel|83/364 brn|[from] item: Black Sludge
|-damage|p2a: Tentacruel|38/364 brn|[from] brn
|upkeep
|turn|77
|choice|move hurricane|move scald
|
|move|p1a: Tornadus|Hurricane|p2a: Tentacruel
|-damage|p2a: Tentacruel|0 fnt
|faint|p2a: Tentacruel
|
|win|tapu makelele
|c|☆tapu makelele|gg
|raw|tapu makelele's rating: 1394 &rarr; <strong>1411</strong><br />(+17 for winning)
|raw|adjourney's rating: 1340 &rarr; <strong>1323</strong><br />(-17 for losing)
|c|☆adjourney|not really
|c|☆adjourney|gg
|c|☆tapu makelele|lol.
|c|☆adjourney|i misplayed and you got lucky
|c|☆adjourney|thanks for game
|c|☆tapu makelele|you did missplay
|c|☆adjourney|i mean
|c|☆adjourney|u got lucky
|c|☆adjourney|burn on ferro toed constant hypnos
|c|☆adjourney|burn on tenta
|c|☆tapu makelele|i mean you had a matchup that was so good
|c|☆adjourney|yea i shoulda won i think
|c|☆adjourney|i honestly dont take this team seriously
|c|☆adjourney|its so bad
|c|☆adjourney|but im glad i learned
|j|PeanusLover
|c|☆adjourney|it can beat this team thru misplay and hax
|c|☆adjourney|gg
|l|adjourney
|l|hanbonman
|l|tapu makelele
|j|viral left stroke
|j|tapu makelele
|l|tapu makelele