|j|☆I love Neco Arc
|j|☆bxh318916
|t:|1730204978
|gametype|singles
|player|p1|I love Neco Arc|pokemonranger|1396
|player|p2|bxh318916|steven|1502
|teamsize|p1|6
|teamsize|p2|6
|gen|5
|tier|[Gen 5] OU
|rated|
|rule|Species Clause: Limit one of each Pokémon
|rule|OHKO Clause: OHKO moves are banned
|rule|Moody Clause: Moody is banned
|rule|Evasion Items Clause: Evasion items are banned
|rule|Evasion Moves Clause: Evasion moves are banned
|rule|Endless Battle Clause: Forcing endless battles is banned
|rule|HP Percentage Mod: HP is shown in percentages
|rule|Evasion Abilities Clause: Evasion abilities are banned
|rule|Sleep Moves Clause: Sleep-inducing moves are banned
|rule|Swagger Clause: Swagger is banned
|rule|Baton Pass Stat Clause: No Baton Passer may have a way to boost its stats
|clearpoke
|poke|p1|Scizor, F|item
|poke|p1|Excadrill, M|item
|poke|p1|Hippowdon, M|item
|poke|p1|Ferrothorn, M|item
|poke|p1|Jellicent, F|item
|poke|p1|Latios, M|item
|poke|p2|Tyranitar, M|item
|poke|p2|Keldeo|item
|poke|p2|Garchomp, F|item
|poke|p2|Zapdos|item
|poke|p2|Scizor, M|item
|poke|p2|Starmie|item
|teampreview
|inactive|Battle timer is ON: inactive players will automatically lose when time's up. (requested by I love Neco Arc)
|
|t:|1730205004
|start
|switch|p1a: Jellicent|Jellicent, F|100/100
|switch|p2a: Zapdos|Zapdos|100/100
|-ability|p2a: Zapdos|Pressure
|turn|1
|
|t:|1730205015
|switch|p1a: Hippowdon|Hippowdon, M|100/100
|-weather|Sandstorm|[from] ability: Sand Stream|[of] p1a: Hippowdon
|move|p2a: Zapdos|Toxic|p1a: Hippowdon
|-status|p1a: Hippowdon|tox
|
|-weather|Sandstorm|[upkeep]
|-damage|p2a: Zapdos|94/100|[from] Sandstorm
|-heal|p2a: Zapdos|100/100|[from] item: Leftovers
|-damage|p1a: Hippowdon|94/100 tox|[from] psn
|upkeep
|turn|2
|
|t:|1730205031
|switch|p2a: Starmie|Starmie|100/100
|move|p1a: Hippowdon|Stealth Rock|p2a: Starmie
|-sidestart|p2: bxh318916|move: Stealth Rock
|
|-weather|Sandstorm|[upkeep]
|-damage|p2a: Starmie|94/100|[from] Sandstorm
|-heal|p2a: Starmie|100/100|[from] item: Leftovers
|-damage|p1a: Hippowdon|82/100 tox|[from] psn
|upkeep
|turn|3
|
|t:|1730205042
|switch|p1a: Ferrothorn|Ferrothorn, M|100/100
|move|p2a: Starmie|Rapid Spin|p1a: Ferrothorn
|-resisted|p1a: Ferrothorn
|-damage|p1a: Ferrothorn|99/100
|-damage|p2a: Starmie|88/100|[from] ability: Iron Barbs|[of] p1a: Ferrothorn
|-sideend|p2: bxh318916|Stealth Rock|[from] move: Rapid Spin|[of] p2a: Starmie
|
|-weather|Sandstorm|[upkeep]
|-damage|p2a: Starmie|82/100|[from] Sandstorm
|-heal|p2a: Starmie|88/100|[from] item: Leftovers
|-heal|p1a: Ferrothorn|100/100|[from] item: Leftovers
|upkeep
|turn|4
|
|t:|1730205054
|move|p2a: Starmie|Thunder Wave|p1a: Ferrothorn
|-status|p1a: Ferrothorn|par
|move|p1a: Ferrothorn|Leech Seed|p2a: Starmie
|-start|p2a: Starmie|move: Leech Seed
|
|-weather|Sandstorm|[upkeep]
|-damage|p2a: Starmie|82/100|[from] Sandstorm
|-heal|p2a: Starmie|88/100|[from] item: Leftovers
|-damage|p2a: Starmie|76/100|[from] Leech Seed|[of] p1a: Ferrothorn
|upkeep
|turn|5
|
|t:|1730205066
|switch|p2a: Scizor|Scizor, M|100/100
|move|p1a: Ferrothorn|Spikes|p2a: Scizor
|-sidestart|p2: bxh318916|Spikes
|
|-weather|Sandstorm|[upkeep]
|upkeep
|turn|6
|
|t:|1730205073
|switch|p1a: Hippowdon|Hippowdon, M|82/100 tox
|move|p2a: Scizor|U-turn|p1a: Hippowdon
|-damage|p1a: Hippowdon|67/100 tox
|-damage|p2a: Scizor|84/100|[from] item: Rocky Helmet|[of] p1a: Hippowdon
|
|t:|1730205081
|switch|p2a: Starmie|Starmie|76/100|[from] U-turn
|-damage|p2a: Starmie|63/100|[from] Spikes
|
|-weather|Sandstorm|[upkeep]
|-damage|p2a: Starmie|57/100|[from] Sandstorm
|-heal|p2a: Starmie|63/100|[from] item: Leftovers
|-damage|p1a: Hippowdon|60/100 tox|[from] psn
|upkeep
|turn|7
|
|t:|1730205092
|switch|p1a: Ferrothorn|Ferrothorn, M|100/100 par
|move|p2a: Starmie|Recover|p2a: Starmie
|-heal|p2a: Starmie|100/100
|
|-weather|Sandstorm|[upkeep]
|-damage|p2a: Starmie|94/100|[from] Sandstorm
|-heal|p2a: Starmie|100/100|[from] item: Leftovers
|upkeep
|turn|8
|
|t:|1730205102
|switch|p2a: Zapdos|Zapdos|100/100
|-ability|p2a: Zapdos|Pressure
|move|p1a: Ferrothorn|Power Whip|p2a: Zapdos
|-resisted|p2a: Zapdos
|-damage|p2a: Zapdos|80/100
|
|-weather|Sandstorm|[upkeep]
|-damage|p2a: Zapdos|74/100|[from] Sandstorm
|-heal|p2a: Zapdos|80/100|[from] item: Leftovers
|upkeep
|turn|9
|
|t:|1730205116
|switch|p1a: Hippowdon|Hippowdon, M|60/100 tox
|move|p2a: Zapdos|Heat Wave|p1a: Hippowdon
|-damage|p1a: Hippowdon|29/100 tox
|
|-weather|Sandstorm|[upkeep]
|-damage|p2a: Zapdos|74/100|[from] Sandstorm
|-heal|p2a: Zapdos|80/100|[from] item: Leftovers
|-damage|p1a: Hippowdon|23/100 tox|[from] psn
|upkeep
|turn|10
|
|t:|1730205127
|move|p2a: Zapdos|Heat Wave|p1a: Hippowdon|[miss]
|-miss|p2a: Zapdos|p1a: Hippowdon
|move|p1a: Hippowdon|Slack Off|p1a: Hippowdon
|-heal|p1a: Hippowdon|73/100 tox
|
|-weather|Sandstorm|[upkeep]
|-damage|p2a: Zapdos|74/100|[from] Sandstorm
|-heal|p2a: Zapdos|80/100|[from] item: Leftovers
|-damage|p1a: Hippowdon|60/100 tox|[from] psn
|upkeep
|turn|11
|
|t:|1730205138
|move|p2a: Zapdos|Heat Wave|p1a: Hippowdon
|-damage|p1a: Hippowdon|33/100 tox
|move|p1a: Hippowdon|Slack Off|p1a: Hippowdon
|-heal|p1a: Hippowdon|83/100 tox
|
|-weather|Sandstorm|[upkeep]
|-damage|p2a: Zapdos|74/100|[from] Sandstorm
|-heal|p2a: Zapdos|80/100|[from] item: Leftovers
|-damage|p1a: Hippowdon|65/100 tox|[from] psn
|upkeep
|turn|12
|
|t:|1730205151
|switch|p2a: Starmie|Starmie|100/100
|-damage|p2a: Starmie|88/100|[from] Spikes
|switch|p1a: Latios|Latios, M|100/100
|
|-weather|Sandstorm|[upkeep]
|-damage|p1a: Latios|95/100|[from] Sandstorm
|-damage|p2a: Starmie|82/100|[from] Sandstorm
|-heal|p2a: Starmie|88/100|[from] item: Leftovers
|upkeep
|turn|13
|
|t:|1730205163
|switch|p2a: Tyranitar|Tyranitar, M|100/100
|-damage|p2a: Tyranitar|88/100|[from] Spikes
|move|p1a: Latios|Thunderbolt|p2a: Tyranitar
|-damage|p2a: Tyranitar|69/100
|
|-weather|Sandstorm|[upkeep]
|-damage|p1a: Latios|89/100|[from] Sandstorm
|upkeep
|turn|14
|
|t:|1730205176
|switch|p1a: Hippowdon|Hippowdon, M|65/100 tox
|move|p2a: Tyranitar|Crunch|p1a: Hippowdon
|-damage|p1a: Hippowdon|28/100 tox
|-damage|p2a: Tyranitar|53/100|[from] item: Rocky Helmet|[of] p1a: Hippowdon
|
|-weather|Sandstorm|[upkeep]
|-damage|p1a: Hippowdon|21/100 tox|[from] psn
|upkeep
|turn|15
|
|t:|1730205188
|switch|p2a: Starmie|Starmie|88/100
|-damage|p2a: Starmie|76/100|[from] Spikes
|switch|p1a: Ferrothorn|Ferrothorn, M|100/100 par
|
|-weather|Sandstorm|[upkeep]
|-damage|p2a: Starmie|70/100|[from] Sandstorm
|-heal|p2a: Starmie|76/100|[from] item: Leftovers
|upkeep
|turn|16
|
|t:|1730205201
|switch|p2a: Zapdos|Zapdos|80/100
|-ability|p2a: Zapdos|Pressure
|move|p1a: Ferrothorn|Leech Seed|p2a: Zapdos
|-start|p2a: Zapdos|move: Leech Seed
|
|-weather|Sandstorm|[upkeep]
|-damage|p2a: Zapdos|74/100|[from] Sandstorm
|-heal|p2a: Zapdos|80/100|[from] item: Leftovers
|-damage|p2a: Zapdos|68/100|[from] Leech Seed|[of] p1a: Ferrothorn
|upkeep
|turn|17
|
|t:|1730205217
|switch|p2a: Starmie|Starmie|76/100
|-damage|p2a: Starmie|63/100|[from] Spikes
|switch|p1a: Latios|Latios, M|89/100
|
|-weather|Sandstorm|[upkeep]
|-damage|p1a: Latios|83/100|[from] Sandstorm
|-damage|p2a: Starmie|57/100|[from] Sandstorm
|-heal|p2a: Starmie|63/100|[from] item: Leftovers
|upkeep
|turn|18
|
|t:|1730205232
|switch|p2a: Tyranitar|Tyranitar, M|53/100
|-damage|p2a: Tyranitar|40/100|[from] Spikes
|move|p1a: Latios|Draco Meteor|p2a: Tyranitar
|-damage|p2a: Tyranitar|0 fnt
|-unboost|p1a: Latios|spa|2
|faint|p2a: Tyranitar
|
|-weather|Sandstorm|[upkeep]
|-damage|p1a: Latios|77/100|[from] Sandstorm
|upkeep
|
|t:|1730205245
|switch|p2a: Zapdos|Zapdos|68/100
|-ability|p2a: Zapdos|Pressure
|turn|19
|
|t:|1730205259
|switch|p1a: Hippowdon|Hippowdon, M|21/100 tox
|move|p2a: Zapdos|Roost|p2a: Zapdos
|-heal|p2a: Zapdos|100/100
|-singleturn|p2a: Zapdos|move: Roost
|
|-weather|Sandstorm|[upkeep]
|-damage|p2a: Zapdos|94/100|[from] Sandstorm
|-heal|p2a: Zapdos|100/100|[from] item: Leftovers
|-damage|p1a: Hippowdon|15/100 tox|[from] psn
|upkeep
|turn|20
|
|t:|1730205271
|move|p2a: Zapdos|Heat Wave|p1a: Hippowdon
|-crit|p1a: Hippowdon
|-damage|p1a: Hippowdon|0 fnt
|faint|p1a: Hippowdon
|
|-weather|Sandstorm|[upkeep]
|-damage|p2a: Zapdos|94/100|[from] Sandstorm
|-heal|p2a: Zapdos|100/100|[from] item: Leftovers
|upkeep
|
|t:|1730205282
|switch|p1a: Latios|Latios, M|77/100
|turn|21
|
|t:|1730205290
|move|p1a: Latios|Trick|p2a: Zapdos
|-activate|p1a: Latios|move: Trick|[of] p2a: Zapdos
|-item|p2a: Zapdos|Choice Scarf|[from] move: Trick
|-item|p1a: Latios|Leftovers|[from] move: Trick
|move|p2a: Zapdos|Toxic|p1a: Latios
|-status|p1a: Latios|tox
|
|-weather|Sandstorm|[upkeep]
|-damage|p2a: Zapdos|94/100|[from] Sandstorm
|-damage|p1a: Latios|71/100 tox|[from] Sandstorm
|-heal|p1a: Latios|77/100 tox|[from] item: Leftovers
|-damage|p1a: Latios|71/100 tox|[from] psn
|upkeep
|turn|22
|
|t:|1730205306
|switch|p2a: Scizor|Scizor, M|84/100
|-damage|p2a: Scizor|71/100|[from] Spikes
|move|p1a: Latios|Thunderbolt|p2a: Scizor
|-damage|p2a: Scizor|31/100
|
|-weather|Sandstorm|[upkeep]
|-damage|p1a: Latios|65/100 tox|[from] Sandstorm
|-heal|p1a: Latios|71/100 tox|[from] item: Leftovers
|-heal|p2a: Scizor|37/100|[from] item: Leftovers
|-damage|p1a: Latios|59/100 tox|[from] psn
|upkeep
|turn|23
|
|t:|1730205320
|switch|p2a: Garchomp|Garchomp, F|100/100
|-damage|p2a: Garchomp|88/100|[from] Spikes
|move|p1a: Latios|Thunderbolt|p2a: Garchomp
|-immune|p2a: Garchomp
|
|-weather|Sandstorm|[upkeep]
|-damage|p1a: Latios|53/100 tox|[from] Sandstorm
|-heal|p1a: Latios|59/100 tox|[from] item: Leftovers
|-damage|p1a: Latios|41/100 tox|[from] psn
|upkeep
|turn|24
|
|t:|1730205335
|switch|p1a: Ferrothorn|Ferrothorn, M|100/100 par
|move|p2a: Garchomp|Stone Edge|p1a: Ferrothorn
|-resisted|p1a: Ferrothorn
|-crit|p1a: Ferrothorn
|-damage|p1a: Ferrothorn|81/100 par
|
|-weather|Sandstorm|[upkeep]
|-heal|p1a: Ferrothorn|87/100 par|[from] item: Leftovers
|upkeep
|turn|25
|
|t:|1730205348
|switch|p2a: Zapdos|Zapdos|94/100
|-ability|p2a: Zapdos|Pressure
|cant|p1a: Ferrothorn|par
|
|-weather|Sandstorm|[upkeep]
|-damage|p2a: Zapdos|88/100|[from] Sandstorm
|-heal|p1a: Ferrothorn|93/100 par|[from] item: Leftovers
|upkeep
|turn|26
|
|t:|1730205362
|switch|p1a: Jellicent|Jellicent, F|100/100
|move|p2a: Zapdos|Heat Wave|p1a: Jellicent
|-resisted|p1a: Jellicent
|-damage|p1a: Jellicent|89/100
|
|-weather|Sandstorm|[upkeep]
|-damage|p2a: Zapdos|82/100|[from] Sandstorm
|-damage|p1a: Jellicent|82/100|[from] Sandstorm
|-heal|p1a: Jellicent|89/100|[from] item: Leftovers
|upkeep
|turn|27
|
|t:|1730205381
|switch|p2a: Starmie|Starmie|63/100
|-damage|p2a: Starmie|51/100|[from] Spikes
|switch|p1a: Ferrothorn|Ferrothorn, M|93/100 par
|
|-weather|Sandstorm|[upkeep]
|-damage|p2a: Starmie|45/100|[from] Sandstorm
|-heal|p2a: Starmie|51/100|[from] item: Leftovers
|-heal|p1a: Ferrothorn|99/100 par|[from] item: Leftovers
|upkeep
|turn|28
|
|t:|1730205393
|move|p2a: Starmie|Recover|p2a: Starmie
|-heal|p2a: Starmie|100/100
|move|p1a: Ferrothorn|Thunder Wave|p2a: Starmie
|-status|p2a: Starmie|par
|
|-weather|Sandstorm|[upkeep]
|-damage|p2a: Starmie|94/100 par|[from] Sandstorm
|-heal|p2a: Starmie|100/100 par|[from] item: Leftovers
|-heal|p1a: Ferrothorn|100/100 par|[from] item: Leftovers
|upkeep
|turn|29
|
|t:|1730205404
|move|p2a: Starmie|Rapid Spin|p1a: Ferrothorn
|-resisted|p1a: Ferrothorn
|-damage|p1a: Ferrothorn|99/100 par
|-damage|p2a: Starmie|88/100 par|[from] ability: Iron Barbs|[of] p1a: Ferrothorn
|-sideend|p2: bxh318916|Spikes|[from] move: Rapid Spin|[of] p2a: Starmie
|move|p1a: Ferrothorn|Leech Seed|p2a: Starmie
|-start|p2a: Starmie|move: Leech Seed
|
|-weather|Sandstorm|[upkeep]
|-damage|p2a: Starmie|82/100 par|[from] Sandstorm
|-heal|p2a: Starmie|88/100 par|[from] item: Leftovers
|-heal|p1a: Ferrothorn|100/100 par|[from] item: Leftovers
|-damage|p2a: Starmie|76/100 par|[from] Leech Seed|[of] p1a: Ferrothorn
|upkeep
|turn|30
|
|t:|1730205419
|-curestatus|p2a: Starmie|par|[from] ability: Natural Cure
|switch|p2a: Zapdos|Zapdos|82/100
|-ability|p2a: Zapdos|Pressure
|move|p1a: Ferrothorn|Spikes|p2a: Zapdos
|-sidestart|p2: bxh318916|Spikes
|
|-weather|Sandstorm|[upkeep]
|-damage|p2a: Zapdos|76/100|[from] Sandstorm
|upkeep
|turn|31
|
|t:|1730205448
|switch|p1a: Jellicent|Jellicent, F|89/100
|move|p2a: Zapdos|Volt Switch|p1a: Jellicent
|-supereffective|p1a: Jellicent
|-damage|p1a: Jellicent|36/100
|
|t:|1730205458
|switch|p2a: Starmie|Starmie|76/100|[from] Volt Switch
|-damage|p2a: Starmie|63/100|[from] Spikes
|
|-weather|Sandstorm|[upkeep]
|-damage|p2a: Starmie|57/100|[from] Sandstorm
|-damage|p1a: Jellicent|30/100|[from] Sandstorm
|-heal|p2a: Starmie|63/100|[from] item: Leftovers
|-heal|p1a: Jellicent|36/100|[from] item: Leftovers
|upkeep
|turn|32
|
|t:|1730205468
|switch|p1a: Ferrothorn|Ferrothorn, M|100/100 par
|move|p2a: Starmie|Thunder Wave|p1a: Ferrothorn
|-fail|p1a: Ferrothorn|par
|
|-weather|Sandstorm|[upkeep]
|-damage|p2a: Starmie|57/100|[from] Sandstorm
|-heal|p2a: Starmie|63/100|[from] item: Leftovers
|upkeep
|turn|33
|
|t:|1730205479
|switch|p2a: Zapdos|Zapdos|76/100
|-ability|p2a: Zapdos|Pressure
|move|p1a: Ferrothorn|Thunder Wave|p2a: Zapdos
|-status|p2a: Zapdos|par
|
|-weather|Sandstorm|[upkeep]
|-damage|p2a: Zapdos|70/100 par|[from] Sandstorm
|upkeep
|turn|34
|
|t:|1730205497
|switch|p1a: Excadrill|Excadrill, M|100/100
|move|p2a: Zapdos|Heat Wave|p1a: Excadrill
|-supereffective|p1a: Excadrill
|-damage|p1a: Excadrill|25/100
|
|-weather|Sandstorm|[upkeep]
|-damage|p2a: Zapdos|64/100 par|[from] Sandstorm
|-heal|p1a: Excadrill|31/100|[from] item: Leftovers
|upkeep
|turn|35
|
|t:|1730205510
|move|p1a: Excadrill|Iron Head|p2a: Zapdos
|-resisted|p2a: Zapdos
|-damage|p2a: Zapdos|35/100 par
|move|p2a: Zapdos|Heat Wave|p1a: Excadrill
|-supereffective|p1a: Excadrill
|-damage|p1a: Excadrill|0 fnt
|faint|p1a: Excadrill
|
|-weather|Sandstorm|[upkeep]
|-damage|p2a: Zapdos|29/100 par|[from] Sandstorm
|upkeep
|
|t:|1730205518
|switch|p1a: Latios|Latios, M|41/100 tox
|turn|36
|
|t:|1730205529
|move|p1a: Latios|Draco Meteor|p2a: Zapdos
|-damage|p2a: Zapdos|0 fnt
|-unboost|p1a: Latios|spa|2
|faint|p2a: Zapdos
|
|-weather|Sandstorm|[upkeep]
|-damage|p1a: Latios|35/100 tox|[from] Sandstorm
|-heal|p1a: Latios|41/100 tox|[from] item: Leftovers
|-damage|p1a: Latios|35/100 tox|[from] psn
|upkeep
|
|t:|1730205540
|switch|p2a: Scizor|Scizor, M|37/100
|-damage|p2a: Scizor|24/100|[from] Spikes
|turn|37
|
|t:|1730205549
|switch|p1a: Scizor|Scizor, F|100/100
|move|p2a: Scizor|Roost|p2a: Scizor
|-heal|p2a: Scizor|74/100
|-singleturn|p2a: Scizor|move: Roost
|
|-weather|Sandstorm|[upkeep]
|-heal|p2a: Scizor|80/100|[from] item: Leftovers
|upkeep
|turn|38
|
|t:|1730205562
|move|p2a: Scizor|Swords Dance|p2a: Scizor
|-boost|p2a: Scizor|atk|2
|move|p1a: Scizor|Superpower|p2a: Scizor
|-damage|p2a: Scizor|28/100
|-unboost|p1a: Scizor|atk|1
|-unboost|p1a: Scizor|def|1
|
|-weather|Sandstorm|[upkeep]
|-heal|p2a: Scizor|35/100|[from] item: Leftovers
|upkeep
|turn|39
|
|t:|1730205577
|move|p1a: Scizor|Superpower|p2a: Scizor
|-damage|p2a: Scizor|1/100
|-unboost|p1a: Scizor|atk|1
|-unboost|p1a: Scizor|def|1
|move|p2a: Scizor|Roost|p2a: Scizor
|-heal|p2a: Scizor|51/100
|-singleturn|p2a: Scizor|move: Roost
|
|-weather|Sandstorm|[upkeep]
|-heal|p2a: Scizor|57/100|[from] item: Leftovers
|upkeep
|turn|40
|
|t:|1730205595
|switch|p1a: Ferrothorn|Ferrothorn, M|100/100 par
|move|p2a: Scizor|Bullet Punch|p1a: Ferrothorn
|-resisted|p1a: Ferrothorn
|-damage|p1a: Ferrothorn|85/100 par
|-damage|p2a: Scizor|45/100|[from] ability: Iron Barbs|[of] p1a: Ferrothorn
|
|-weather|Sandstorm|[upkeep]
|-heal|p2a: Scizor|51/100|[from] item: Leftovers
|-heal|p1a: Ferrothorn|91/100 par|[from] item: Leftovers
|upkeep
|turn|41
|
|t:|1730205606
|move|p2a: Scizor|Roost|p2a: Scizor
|-heal|p2a: Scizor|100/100
|-singleturn|p2a: Scizor|move: Roost
|cant|p1a: Ferrothorn|par
|
|-weather|Sandstorm|[upkeep]
|-heal|p1a: Ferrothorn|97/100 par|[from] item: Leftovers
|upkeep
|turn|42
|
|t:|1730205618
|move|p2a: Scizor|Swords Dance|p2a: Scizor
|-boost|p2a: Scizor|atk|2
|move|p1a: Ferrothorn|Thunder Wave|p2a: Scizor
|-status|p2a: Scizor|par
|
|-weather|Sandstorm|[upkeep]
|-heal|p1a: Ferrothorn|100/100 par|[from] item: Leftovers
|upkeep
|turn|43
|
|t:|1730205627
|move|p2a: Scizor|Swords Dance|p2a: Scizor
|-boost|p2a: Scizor|atk|2
|move|p1a: Ferrothorn|Leech Seed|p2a: Scizor
|-start|p2a: Scizor|move: Leech Seed
|
|-weather|Sandstorm|[upkeep]
|-damage|p2a: Scizor|88/100 par|[from] Leech Seed|[of] p1a: Ferrothorn
|upkeep
|turn|44
|
|t:|1730205639
|cant|p2a: Scizor|par
|move|p1a: Ferrothorn|Power Whip|p2a: Scizor
|-resisted|p2a: Scizor
|-damage|p2a: Scizor|82/100 par
|
|-weather|Sandstorm|[upkeep]
|-heal|p2a: Scizor|88/100 par|[from] item: Leftovers
|-damage|p2a: Scizor|75/100 par|[from] Leech Seed|[of] p1a: Ferrothorn
|upkeep
|turn|45
|
|t:|1730205650
|move|p2a: Scizor|U-turn|p1a: Ferrothorn
|-damage|p1a: Ferrothorn|36/100 par
|-damage|p2a: Scizor|63/100 par|[from] ability: Iron Barbs|[of] p1a: Ferrothorn
|
|t:|1730205662
|switch|p2a: Keldeo|Keldeo|100/100|[from] U-turn
|-damage|p2a: Keldeo|88/100|[from] Spikes
|move|p1a: Ferrothorn|Power Whip|p2a: Keldeo
|-supereffective|p2a: Keldeo
|-damage|p2a: Keldeo|0 fnt
|faint|p2a: Keldeo
|
|-weather|Sandstorm|[upkeep]
|-heal|p1a: Ferrothorn|42/100 par|[from] item: Leftovers
|upkeep
|
|t:|1730205679
|switch|p2a: Garchomp|Garchomp, F|88/100
|-damage|p2a: Garchomp|76/100|[from] Spikes
|turn|46
|
|t:|1730205685
|move|p2a: Garchomp|Earthquake|p1a: Ferrothorn
|-damage|p1a: Ferrothorn|14/100 par
|move|p1a: Ferrothorn|Leech Seed|p2a: Garchomp
|-start|p2a: Garchomp|move: Leech Seed
|
|-weather|Sandstorm|[upkeep]
|-heal|p1a: Ferrothorn|20/100 par|[from] item: Leftovers
|-damage|p2a: Garchomp|64/100|[from] Leech Seed|[of] p1a: Ferrothorn
|-heal|p1a: Ferrothorn|33/100 par|[silent]
|upkeep
|turn|47
|
|t:|1730205699
|switch|p2a: Scizor|Scizor, M|63/100 par
|-damage|p2a: Scizor|50/100 par|[from] Spikes
|switch|p1a: Latios|Latios, M|35/100 tox
|
|-weather|Sandstorm|[upkeep]
|-damage|p1a: Latios|29/100 tox|[from] Sandstorm
|-heal|p1a: Latios|35/100 tox|[from] item: Leftovers
|-heal|p2a: Scizor|56/100 par|[from] item: Leftovers
|-damage|p1a: Latios|29/100 tox|[from] psn
|upkeep
|turn|48
|
|t:|1730205715
|move|p1a: Latios|Thunderbolt|p2a: Scizor
|-damage|p2a: Scizor|17/100 par
|move|p2a: Scizor|Roost|p2a: Scizor
|-heal|p2a: Scizor|67/100 par
|-singleturn|p2a: Scizor|move: Roost
|
|-weather|Sandstorm|[upkeep]
|-damage|p1a: Latios|23/100 tox|[from] Sandstorm
|-heal|p1a: Latios|29/100 tox|[from] item: Leftovers
|-heal|p2a: Scizor|73/100 par|[from] item: Leftovers
|-damage|p1a: Latios|17/100 tox|[from] psn
|upkeep
|turn|49
|
|t:|1730205728
|move|p1a: Latios|Thunderbolt|p2a: Scizor
|-damage|p2a: Scizor|35/100 par
|cant|p2a: Scizor|par
|
|-weather|Sandstorm|[upkeep]
|-damage|p1a: Latios|11/100 tox|[from] Sandstorm
|-heal|p1a: Latios|17/100 tox|[from] item: Leftovers
|-heal|p2a: Scizor|41/100 par|[from] item: Leftovers
|-damage|p1a: Latios|0 fnt|[from] psn
|faint|p1a: Latios
|upkeep
|
|t:|1730205734
|switch|p1a: Jellicent|Jellicent, F|36/100
|turn|50
|
|t:|1730205744
|switch|p2a: Starmie|Starmie|63/100
|-damage|p2a: Starmie|51/100|[from] Spikes
|move|p1a: Jellicent|Recover|p1a: Jellicent
|-heal|p1a: Jellicent|87/100
|
|-weather|Sandstorm|[upkeep]
|-damage|p2a: Starmie|45/100|[from] Sandstorm
|-damage|p1a: Jellicent|80/100|[from] Sandstorm
|-heal|p2a: Starmie|51/100|[from] item: Leftovers
|-heal|p1a: Jellicent|87/100|[from] item: Leftovers
|upkeep
|turn|51
|
|t:|1730205756
|switch|p1a: Ferrothorn|Ferrothorn, M|33/100 par
|move|p2a: Starmie|Thunder Wave|p1a: Ferrothorn
|-fail|p1a: Ferrothorn|par
|
|-weather|Sandstorm|[upkeep]
|-damage|p2a: Starmie|45/100|[from] Sandstorm
|-heal|p2a: Starmie|51/100|[from] item: Leftovers
|-heal|p1a: Ferrothorn|39/100 par|[from] item: Leftovers
|upkeep
|turn|52
|
|t:|1730205767
|move|p2a: Starmie|Rapid Spin|p1a: Ferrothorn
|-resisted|p1a: Ferrothorn
|-damage|p1a: Ferrothorn|38/100 par
|-damage|p2a: Starmie|39/100|[from] ability: Iron Barbs|[of] p1a: Ferrothorn
|-sideend|p2: bxh318916|Spikes|[from] move: Rapid Spin|[of] p2a: Starmie
|move|p1a: Ferrothorn|Leech Seed|p2a: Starmie
|-start|p2a: Starmie|move: Leech Seed
|
|-weather|Sandstorm|[upkeep]
|-damage|p2a: Starmie|33/100|[from] Sandstorm
|-heal|p2a: Starmie|39/100|[from] item: Leftovers
|-heal|p1a: Ferrothorn|44/100 par|[from] item: Leftovers
|-damage|p2a: Starmie|26/100|[from] Leech Seed|[of] p1a: Ferrothorn
|-heal|p1a: Ferrothorn|56/100 par|[silent]
|upkeep
|turn|53
|inactive|bxh318916 has 120 seconds left.
|
|t:|1730205792
|switch|p2a: Scizor|Scizor, M|41/100 par
|move|p1a: Ferrothorn|Spikes|p2a: Scizor
|-sidestart|p2: bxh318916|Spikes
|
|-weather|Sandstorm|[upkeep]
|-heal|p2a: Scizor|47/100 par|[from] item: Leftovers
|-heal|p1a: Ferrothorn|62/100 par|[from] item: Leftovers
|upkeep
|turn|54
|
|t:|1730205801
|move|p2a: Scizor|Roost|p2a: Scizor
|-heal|p2a: Scizor|97/100 par
|-singleturn|p2a: Scizor|move: Roost
|move|p1a: Ferrothorn|Leech Seed|p2a: Scizor
|-start|p2a: Scizor|move: Leech Seed
|
|-weather|Sandstorm|[upkeep]
|-heal|p2a: Scizor|100/100 par|[from] item: Leftovers
|-heal|p1a: Ferrothorn|68/100 par|[from] item: Leftovers
|-damage|p2a: Scizor|88/100 par|[from] Leech Seed|[of] p1a: Ferrothorn
|-heal|p1a: Ferrothorn|80/100 par|[silent]
|upkeep
|turn|55
|
|t:|1730205812
|move|p2a: Scizor|Swords Dance|p2a: Scizor
|-boost|p2a: Scizor|atk|2
|move|p1a: Ferrothorn|Spikes|p2a: Scizor
|-sidestart|p2: bxh318916|Spikes
|
|-weather|Sandstorm|[upkeep]
|-heal|p2a: Scizor|94/100 par|[from] item: Leftovers
|-heal|p1a: Ferrothorn|87/100 par|[from] item: Leftovers
|-damage|p2a: Scizor|82/100 par|[from] Leech Seed|[of] p1a: Ferrothorn
|-heal|p1a: Ferrothorn|99/100 par|[silent]
|upkeep
|turn|56
|
|t:|1730205823
|move|p2a: Scizor|Swords Dance|p2a: Scizor
|-boost|p2a: Scizor|atk|2
|move|p1a: Ferrothorn|Spikes|p2a: Scizor
|-sidestart|p2: bxh318916|Spikes
|
|-weather|Sandstorm|[upkeep]
|-heal|p2a: Scizor|88/100 par|[from] item: Leftovers
|-heal|p1a: Ferrothorn|100/100 par|[from] item: Leftovers
|-damage|p2a: Scizor|75/100 par|[from] Leech Seed|[of] p1a: Ferrothorn
|upkeep
|turn|57
|
|t:|1730205833
|cant|p2a: Scizor|par
|move|p1a: Ferrothorn|Power Whip|p2a: Scizor
|-resisted|p2a: Scizor
|-damage|p2a: Scizor|68/100 par
|
|-weather|Sandstorm|[upkeep]
|-heal|p2a: Scizor|74/100 par|[from] item: Leftovers
|-damage|p2a: Scizor|62/100 par|[from] Leech Seed|[of] p1a: Ferrothorn
|upkeep
|turn|58
|
|t:|1730205845
|cant|p2a: Scizor|par
|move|p1a: Ferrothorn|Power Whip|p2a: Scizor
|-resisted|p2a: Scizor
|-damage|p2a: Scizor|55/100 par
|
|-weather|Sandstorm|[upkeep]
|-heal|p2a: Scizor|61/100 par|[from] item: Leftovers
|-damage|p2a: Scizor|48/100 par|[from] Leech Seed|[of] p1a: Ferrothorn
|upkeep
|turn|59
|
|t:|1730205855
|cant|p2a: Scizor|par
|move|p1a: Ferrothorn|Power Whip|p2a: Scizor
|-resisted|p2a: Scizor
|-damage|p2a: Scizor|41/100 par
|
|-weather|Sandstorm|[upkeep]
|-heal|p2a: Scizor|47/100 par|[from] item: Leftovers
|-damage|p2a: Scizor|34/100 par|[from] Leech Seed|[of] p1a: Ferrothorn
|upkeep
|turn|60
|
|t:|1730205871
|switch|p1a: Jellicent|Jellicent, F|87/100
|cant|p2a: Scizor|par
|
|-weather|Sandstorm|[upkeep]
|-damage|p1a: Jellicent|80/100|[from] Sandstorm
|-heal|p1a: Jellicent|87/100|[from] item: Leftovers
|-heal|p2a: Scizor|40/100 par|[from] item: Leftovers
|-damage|p2a: Scizor|28/100 par|[from] Leech Seed|[of] p1a: Jellicent
|-heal|p1a: Jellicent|97/100|[silent]
|upkeep
|turn|61
|
|t:|1730205883
|move|p1a: Jellicent|Taunt|p2a: Scizor
|-start|p2a: Scizor|move: Taunt
|cant|p2a: Scizor|move: Taunt|Roost
|
|-weather|Sandstorm|[upkeep]
|-damage|p1a: Jellicent|91/100|[from] Sandstorm
|-heal|p1a: Jellicent|97/100|[from] item: Leftovers
|-heal|p2a: Scizor|34/100 par|[from] item: Leftovers
|-damage|p2a: Scizor|21/100 par|[from] Leech Seed|[of] p1a: Jellicent
|-heal|p1a: Jellicent|100/100|[silent]
|upkeep
|turn|62
|j| SKT T1 Motherfaker
|inactive|bxh318916 has 120 seconds left.
|
|t:|1730205898
|switch|p2a: Starmie|Starmie|26/100
|-damage|p2a: Starmie|1/100|[from] Spikes
|move|p1a: Jellicent|Night Shade|p2a: Starmie
|-damage|p2a: Starmie|0 fnt
|faint|p2a: Starmie
|
|-weather|Sandstorm|[upkeep]
|-damage|p1a: Jellicent|94/100|[from] Sandstorm
|-heal|p1a: Jellicent|100/100|[from] item: Leftovers
|upkeep
|inactive|bxh318916 has 120 seconds left.
|
|t:|1730205910
|switch|p2a: Garchomp|Garchomp, F|64/100
|-damage|p2a: Garchomp|39/100|[from] Spikes
|turn|63
|inactive|bxh318916 has 120 seconds left.
|
|t:|1730205922
|switch|p1a: Ferrothorn|Ferrothorn, M|100/100 par
|move|p2a: Garchomp|Earthquake|p1a: Ferrothorn
|-damage|p1a: Ferrothorn|70/100 par
|
|-weather|Sandstorm|[upkeep]
|-heal|p1a: Ferrothorn|76/100 par|[from] item: Leftovers
|upkeep
|turn|64
|
|t:|1730205931
|move|p2a: Garchomp|Earthquake|p1a: Ferrothorn
|-damage|p1a: Ferrothorn|44/100 par
|move|p1a: Ferrothorn|Power Whip|p2a: Garchomp
|-damage|p2a: Garchomp|0 fnt
|-damage|p1a: Ferrothorn|32/100 par|[from] ability: Rough Skin|[of] p2a: Garchomp
|faint|p2a: Garchomp
|
|-weather|Sandstorm|[upkeep]
|-heal|p1a: Ferrothorn|38/100 par|[from] item: Leftovers
|upkeep
|inactive|bxh318916 has 120 seconds left.
|-message|bxh318916 forfeited.
|
|win|I love Neco Arc
|raw|I love Neco Arc's rating: 1396 &rarr; <strong>1422</strong><br />(+26 for winning)
|raw|bxh318916's rating: 1502 &rarr; <strong>1476</strong><br />(-26 for losing)
|l|☆bxh318916
|player|p2|
|l|☆I love Neco Arc
|player|p1|
