|j|☆goldialga1996
|j|☆Reaper Wiz
|t:|1746473288
|gametype|singles
|player|p1|goldialga1996|miku-ghost|1305
|player|p2|Reaper Wiz|clair|1380
|teamsize|p1|6
|teamsize|p2|6
|gen|5
|tier|[Gen 5] OU
|rated|
|rule|Species Clause: Limit one of each Pokémon
|rule|OHKO Clause: OHKO moves are banned
|rule|Moody Clause: Moody is banned
|rule|Evasion Items Clause: Evasion items are banned
|rule|Evasion Moves Clause: Evasion moves are banned
|rule|Endless Battle Clause: Forcing endless battles is banned
|rule|HP Percentage Mod: HP is shown in percentages
|rule|Evasion Abilities Clause: Evasion abilities are banned
|rule|Sleep Moves Clause: Sleep-inducing moves are banned
|rule|Swagger Clause: Swagger is banned
|rule|Baton Pass Stat Clause: No Baton Passer may have a way to boost its stats
|clearpoke
|poke|p1|Kyurem-Black|item
|poke|p1|Alakazam, M|item
|poke|p1|Keldeo|item
|poke|p1|Landorus-Therian, M|item
|poke|p1|Bisharp, F|item
|poke|p1|Latios, M|item
|poke|p2|Tyranitar, F|item
|poke|p2|Landorus-Therian, M|item
|poke|p2|Rotom-Wash|item
|poke|p2|Ferrothorn, F|item
|poke|p2|Alakazam, F|item
|poke|p2|Latios, M|item
|teampreview
|
|t:|1746473296
|start
|switch|p1a: Kyurem|Kyurem-Black, shiny|100/100
|switch|p2a: Rotom|Rotom-Wash|100/100
|-ability|p1a: Kyurem|Teravolt
|turn|1
|inactive|Battle timer is ON: inactive players will automatically lose when time's up. (requested by Reaper Wiz)
|
|t:|1746473300
|move|p1a: Kyurem|Fusion Bolt|p2a: Rotom
|-damage|p2a: Rotom|70/100
|move|p2a: Rotom|Will-O-Wisp|p1a: Kyurem
|-status|p1a: Kyurem|brn
|
|-heal|p2a: Rotom|76/100|[from] item: Leftovers
|-damage|p1a: Kyurem|88/100 brn|[from] brn
|upkeep
|turn|2
|
|t:|1746473311
|move|p1a: Kyurem|Ice Beam|p2a: Rotom
|-resisted|p2a: Rotom
|-damage|p2a: Rotom|53/100
|move|p2a: Rotom|Volt Switch|p1a: Kyurem
|-resisted|p1a: Kyurem
|-damage|p1a: Kyurem|76/100 brn
|
|t:|1746473321
|switch|p2a: Ferrothorn|Ferrothorn, F|100/100|[from] Volt Switch
|
|-heal|p1a: Kyurem|82/100 brn|[from] item: Leftovers
|-damage|p1a: Kyurem|69/100 brn|[from] brn
|upkeep
|turn|3
|
|t:|1746473328
|move|p1a: Kyurem|Hidden Power|p2a: Ferrothorn
|-supereffective|p2a: Ferrothorn
|-damage|p2a: Ferrothorn|38/100
|move|p2a: Ferrothorn|Spikes|p1a: Kyurem
|-sidestart|p1: goldialga1996|Spikes
|
|-heal|p1a: Kyurem|76/100 brn|[from] item: Leftovers
|-damage|p1a: Kyurem|63/100 brn|[from] brn
|upkeep
|turn|4
|
|t:|1746473340
|switch|p2a: Tyranitar|Tyranitar, F|100/100
|-weather|Sandstorm|[from] ability: Sand Stream|[of] p2a: Tyranitar
|move|p1a: Kyurem|Ice Beam|p2a: Tyranitar
|-damage|p2a: Tyranitar|77/100
|
|-weather|Sandstorm|[upkeep]
|-damage|p1a: Kyurem|57/100 brn|[from] Sandstorm
|-heal|p1a: Kyurem|63/100 brn|[from] item: Leftovers
|-damage|p1a: Kyurem|51/100 brn|[from] brn
|upkeep
|turn|5
|
|t:|1746473349
|move|p1a: Kyurem|Ice Beam|p2a: Tyranitar
|-damage|p2a: Tyranitar|57/100
|move|p2a: Tyranitar|Superpower|p1a: Kyurem
|-supereffective|p1a: Kyurem
|-damage|p1a: Kyurem|0 fnt
|-unboost|p2a: Tyranitar|atk|1
|-unboost|p2a: Tyranitar|def|1
|faint|p1a: Kyurem
|
|-weather|Sandstorm|[upkeep]
|upkeep
|
|t:|1746473355
|switch|p1a: Landorus|Landorus-Therian, M, shiny|100/100
|-ability|p1a: Landorus|Intimidate|boost
|-unboost|p2a: Tyranitar|atk|1
|turn|6
|
|t:|1746473359
|switch|p2a: Rotom|Rotom-Wash|53/100
|move|p1a: Landorus|Stealth Rock|p2a: Rotom
|-sidestart|p2: Reaper Wiz|move: Stealth Rock
|
|-weather|Sandstorm|[upkeep]
|-damage|p2a: Rotom|47/100|[from] Sandstorm
|-heal|p2a: Rotom|53/100|[from] item: Leftovers
|upkeep
|turn|7
|
|t:|1746473363
|move|p1a: Landorus|Substitute|p1a: Landorus
|-start|p1a: Landorus|Substitute
|-damage|p1a: Landorus|76/100
|move|p2a: Rotom|Will-O-Wisp|p1a: Landorus|[miss]
|-miss|p2a: Rotom|p1a: Landorus
|
|-weather|Sandstorm|[upkeep]
|-damage|p2a: Rotom|47/100|[from] Sandstorm
|-heal|p2a: Rotom|53/100|[from] item: Leftovers
|upkeep
|turn|8
|
|t:|1746473366
|move|p1a: Landorus|Hidden Power|p2a: Rotom
|-resisted|p2a: Rotom
|-damage|p2a: Rotom|45/100
|move|p2a: Rotom|Hydro Pump|p1a: Landorus
|-supereffective|p1a: Landorus
|-end|p1a: Landorus|Substitute
|
|-weather|Sandstorm|[upkeep]
|-damage|p2a: Rotom|39/100|[from] Sandstorm
|-heal|p2a: Rotom|45/100|[from] item: Leftovers
|upkeep
|turn|9
|
|t:|1746473373
|switch|p1a: Latios|Latios, M|100/100
|move|p2a: Rotom|Hydro Pump|p1a: Latios
|-resisted|p1a: Latios
|-crit|p1a: Latios
|-damage|p1a: Latios|54/100
|
|-weather|Sandstorm|[upkeep]
|-damage|p1a: Latios|48/100|[from] Sandstorm
|-damage|p2a: Rotom|39/100|[from] Sandstorm
|-heal|p2a: Rotom|45/100|[from] item: Leftovers
|upkeep
|turn|10
|
|t:|1746473392
|switch|p2a: Ferrothorn|Ferrothorn, F|38/100
|-damage|p2a: Ferrothorn|32/100|[from] Stealth Rock
|move|p1a: Latios|Draco Meteor|p2a: Ferrothorn
|-resisted|p2a: Ferrothorn
|-damage|p2a: Ferrothorn|9/100
|-unboost|p1a: Latios|spa|2
|
|-weather|Sandstorm|[upkeep]
|-damage|p1a: Latios|42/100|[from] Sandstorm
|upkeep
|turn|11
|
|t:|1746473397
|move|p1a: Latios|Draco Meteor|p2a: Ferrothorn
|-resisted|p2a: Ferrothorn
|-damage|p2a: Ferrothorn|0 fnt
|-unboost|p1a: Latios|spa|2
|faint|p2a: Ferrothorn
|
|-weather|Sandstorm|[upkeep]
|-damage|p1a: Latios|36/100|[from] Sandstorm
|upkeep
|
|t:|1746473402
|switch|p2a: Tyranitar|Tyranitar, F|57/100
|-damage|p2a: Tyranitar|45/100|[from] Stealth Rock
|turn|12
|
|t:|1746473405
|-activate|p1a: Latios|move: Pursuit
|move|p2a: Tyranitar|Pursuit|p1a: Latios|[from] Pursuit
|-supereffective|p1a: Latios
|-damage|p1a: Latios|0 fnt
|faint|p1a: Latios
|-hint|A Pokemon can't switch between when it runs out of HP and when it faints
|
|-weather|Sandstorm|[upkeep]
|upkeep
|
|t:|1746473411
|switch|p1a: Keldeo|Keldeo|100/100
|-damage|p1a: Keldeo|88/100|[from] Spikes
|turn|13
|
|t:|1746473423
|switch|p2a: Latios|Latios, M|100/100
|-damage|p2a: Latios|88/100|[from] Stealth Rock
|move|p1a: Keldeo|Substitute|p1a: Keldeo
|-start|p1a: Keldeo|Substitute
|-damage|p1a: Keldeo|63/100
|
|-weather|Sandstorm|[upkeep]
|-damage|p2a: Latios|82/100|[from] Sandstorm
|-damage|p1a: Keldeo|57/100|[from] Sandstorm
|-heal|p1a: Keldeo|63/100|[from] item: Leftovers
|upkeep
|turn|14
|
|t:|1746473427
|move|p2a: Latios|Draco Meteor|p1a: Keldeo
|-end|p1a: Keldeo|Substitute
|-unboost|p2a: Latios|spa|2
|move|p1a: Keldeo|Scald|p2a: Latios
|-resisted|p2a: Latios
|-damage|p2a: Latios|59/100
|-status|p2a: Latios|brn
|
|-weather|Sandstorm|[upkeep]
|-damage|p2a: Latios|53/100 brn|[from] Sandstorm
|-damage|p1a: Keldeo|57/100|[from] Sandstorm
|-heal|p1a: Keldeo|63/100|[from] item: Leftovers
|-damage|p2a: Latios|41/100 brn|[from] brn
|upkeep
|turn|15
|
|t:|1746473434
|move|p2a: Latios|Draco Meteor|p1a: Keldeo
|-crit|p1a: Keldeo
|-damage|p1a: Keldeo|0 fnt
|-unboost|p2a: Latios|spa|2
|faint|p1a: Keldeo
|
|-weather|Sandstorm|[upkeep]
|-damage|p2a: Latios|35/100 brn|[from] Sandstorm
|-damage|p2a: Latios|23/100 brn|[from] brn
|upkeep
|
|t:|1746473436
|switch|p1a: Bisharp|Bisharp, F, shiny|100/100
|-damage|p1a: Bisharp|88/100|[from] Spikes
|turn|16
|
|t:|1746473438
|move|p2a: Latios|Draco Meteor|p1a: Bisharp
|-resisted|p1a: Bisharp
|-damage|p1a: Bisharp|58/100
|-unboost|p2a: Latios|spa|2
|move|p1a: Bisharp|Substitute|p1a: Bisharp
|-start|p1a: Bisharp|Substitute
|-damage|p1a: Bisharp|33/100
|
|-weather|Sandstorm|[upkeep]
|-damage|p2a: Latios|17/100 brn|[from] Sandstorm
|-damage|p2a: Latios|4/100 brn|[from] brn
|upkeep
|turn|17
|
|t:|1746473447
|move|p2a: Latios|Draco Meteor|p1a: Bisharp
|-resisted|p1a: Bisharp
|-activate|p1a: Bisharp|Substitute|[damage]
|move|p1a: Bisharp|Swords Dance|p1a: Bisharp
|-boost|p1a: Bisharp|atk|2
|
|-weather|Sandstorm|[upkeep]
|-damage|p2a: Latios|0 fnt|[from] Sandstorm
|faint|p2a: Latios
|upkeep
|
|t:|1746473454
|switch|p2a: Rotom|Rotom-Wash|45/100
|-damage|p2a: Rotom|32/100|[from] Stealth Rock
|turn|18
|
|t:|1746473459
|move|p1a: Bisharp|Sucker Punch|p2a: Rotom
|-damage|p2a: Rotom|0 fnt
|faint|p2a: Rotom
|
|-weather|Sandstorm|[upkeep]
|upkeep
|
|t:|1746473468
|switch|p2a: Alakazam|Alakazam, F|100/100
|turn|19
|
|t:|1746473472
|move|p2a: Alakazam|Signal Beam|p1a: Bisharp
|-end|p1a: Bisharp|Substitute
|move|p1a: Bisharp|Iron Head|p2a: Alakazam
|-enditem|p2a: Alakazam|Focus Sash
|-damage|p2a: Alakazam|1/100
|
|-weather|Sandstorm|[upkeep]
|upkeep
|turn|20
|
|t:|1746473483
|switch|p2a: Tyranitar|Tyranitar, F|45/100
|-damage|p2a: Tyranitar|33/100|[from] Stealth Rock
|move|p1a: Bisharp|Sucker Punch||[still]
|-fail|p1a: Bisharp
|
|-weather|Sandstorm|[upkeep]
|upkeep
|turn|21
|
|t:|1746473489
|move|p1a: Bisharp|Substitute|p1a: Bisharp
|-start|p1a: Bisharp|Substitute
|-damage|p1a: Bisharp|8/100
|move|p2a: Tyranitar|Superpower|p1a: Bisharp
|-supereffective|p1a: Bisharp
|-end|p1a: Bisharp|Substitute
|-unboost|p2a: Tyranitar|atk|1
|-unboost|p2a: Tyranitar|def|1
|
|-weather|Sandstorm|[upkeep]
|upkeep
|turn|22
|
|t:|1746473493
|move|p1a: Bisharp|Iron Head|p2a: Tyranitar
|-supereffective|p2a: Tyranitar
|-damage|p2a: Tyranitar|0 fnt
|faint|p2a: Tyranitar
|
|-weather|Sandstorm|[upkeep]
|upkeep
|
|t:|1746473497
|switch|p2a: Landorus|Landorus-Therian, M|100/100
|-damage|p2a: Landorus|88/100|[from] Stealth Rock
|-ability|p2a: Landorus|Intimidate|boost
|-unboost|p1a: Bisharp|atk|1
|-ability|p1a: Bisharp|Defiant|boost
|-boost|p1a: Bisharp|atk|2
|turn|23
|
|t:|1746473499
|move|p1a: Bisharp|Sucker Punch|p2a: Landorus
|-damage|p2a: Landorus|0 fnt
|faint|p2a: Landorus
|
|-weather|Sandstorm|[upkeep]
|upkeep
|-message|Reaper Wiz forfeited.
|
|win|goldialga1996
|raw|goldialga1996's rating: 1319 &rarr; <strong>1342</strong><br />(+23 for winning)
|raw|Reaper Wiz's rating: 1380 &rarr; <strong>1357</strong><br />(-23 for losing)
|l|☆Reaper Wiz
|player|p2|
