|j|☆the king of bel
|j|☆BWnuzllock
|t:|1709548030
|gametype|singles
|player|p1|the king of bel|266|1365
|player|p2|BWnuzllock|rancher|1362
|teamsize|p1|6
|teamsize|p2|6
|gen|5
|tier|[Gen 5] OU
|rated|
|rule|Species Clause: Limit one of each Pokémon
|rule|OHKO Clause: OHKO moves are banned
|rule|Moody Clause: Moody is banned
|rule|Evasion Items Clause: Evasion items are banned
|rule|Evasion Moves Clause: Evasion moves are banned
|rule|Endless Battle Clause: Forcing endless battles is banned
|rule|HP Percentage Mod: HP is shown in percentages
|rule|Evasion Abilities Clause: Evasion abilities are banned
|rule|Sleep Moves Clause: Sleep-inducing moves are banned
|rule|Swagger Clause: Swagger is banned
|rule|Baton Pass Stat Clause: No Baton Passer may have a way to boost its stats
|clearpoke
|poke|p1|Alakazam, M|item
|poke|p1|Reuniclus, M|item
|poke|p1|Tyranitar, F|item
|poke|p1|Hydreigon, M|item
|poke|p1|Landorus-Therian, M|item
|poke|p1|Rotom-Wash|item
|poke|p2|Tyranitar, M|item
|poke|p2|Landorus-Therian, M|item
|poke|p2|Excadrill, F|item
|poke|p2|Garchomp, F|item
|poke|p2|Celebi|item
|poke|p2|Rotom-Wash|item
|teampreview
|inactive|Battle timer is ON: inactive players will automatically lose when time's up. (requested by BWnuzllock)
|
|t:|1709548054
|start
|switch|p1a: Rotom|Rotom-Wash|100/100
|switch|p2a: Celebi|Celebi|100/100
|turn|1
|c|☆BWnuzllock|Bel is my cat name :o
|inactive|the king of bel has 120 seconds left.
|inactive|the king of bel has 90 seconds left.
|inactive|the king of bel has 60 seconds left.
|
|t:|1709548149
|move|p1a: Rotom|Volt Switch|p2a: Celebi
|-resisted|p2a: Celebi
|-damage|p2a: Celebi|84/100
|
|t:|1709548153
|switch|p1a: Hydreigon|Hydreigon, M, shiny|100/100|[from] Volt Switch
|move|p2a: Celebi|Stealth Rock|p1a: Hydreigon
|-sidestart|p1: the king of bel|move: Stealth Rock
|
|-heal|p2a: Celebi|90/100|[from] item: Leftovers
|upkeep
|turn|2
|
|t:|1709548174
|switch|p2a: Tyranitar|Tyranitar, M|100/100
|-weather|Sandstorm|[from] ability: Sand Stream|[of] p2a: Tyranitar
|move|p1a: Hydreigon|Fire Blast|p2a: Tyranitar
|-resisted|p2a: Tyranitar
|-damage|p2a: Tyranitar|85/100
|
|-weather|Sandstorm|[upkeep]
|-damage|p1a: Hydreigon|94/100|[from] Sandstorm
|upkeep
|turn|3
|
|t:|1709548180
|switch|p1a: Rotom|Rotom-Wash|100/100
|-damage|p1a: Rotom|88/100|[from] Stealth Rock
|switch|p2a: Landorus|Landorus-Therian, M|100/100
|-ability|p2a: Landorus|Intimidate|boost
|-unboost|p1a: Rotom|atk|1
|
|-weather|Sandstorm|[upkeep]
|-damage|p1a: Rotom|82/100|[from] Sandstorm
|upkeep
|turn|4
|
|t:|1709548186
|move|p2a: Landorus|Substitute|p2a: Landorus
|-start|p2a: Landorus|Substitute
|-damage|p2a: Landorus|76/100
|move|p1a: Rotom|Hydro Pump|p2a: Landorus
|-supereffective|p2a: Landorus
|-end|p2a: Landorus|Substitute
|
|-weather|Sandstorm|[upkeep]
|-damage|p1a: Rotom|76/100|[from] Sandstorm
|-heal|p2a: Landorus|82/100|[from] item: Leftovers
|upkeep
|turn|5
|
|t:|1709548192
|move|p2a: Landorus|Substitute|p2a: Landorus
|-start|p2a: Landorus|Substitute
|-damage|p2a: Landorus|57/100
|move|p1a: Rotom|Hydro Pump|p2a: Landorus
|-supereffective|p2a: Landorus
|-end|p2a: Landorus|Substitute
|
|-weather|Sandstorm|[upkeep]
|-damage|p1a: Rotom|70/100|[from] Sandstorm
|-heal|p2a: Landorus|63/100|[from] item: Leftovers
|upkeep
|turn|6
|
|t:|1709548195
|switch|p2a: Celebi|Celebi|90/100
|move|p1a: Rotom|Hydro Pump|p2a: Celebi
|-resisted|p2a: Celebi
|-damage|p2a: Celebi|63/100
|
|-weather|Sandstorm|[upkeep]
|-damage|p1a: Rotom|64/100|[from] Sandstorm
|-damage|p2a: Celebi|57/100|[from] Sandstorm
|-heal|p2a: Celebi|63/100|[from] item: Leftovers
|upkeep
|turn|7
|
|t:|1709548200
|switch|p1a: Landorus|Landorus-Therian, M, shiny|100/100
|-damage|p1a: Landorus|88/100|[from] Stealth Rock
|-ability|p1a: Landorus|Intimidate|boost
|-unboost|p2a: Celebi|atk|1
|move|p2a: Celebi|Recover|p2a: Celebi
|-heal|p2a: Celebi|100/100
|
|-weather|Sandstorm|[upkeep]
|-damage|p2a: Celebi|94/100|[from] Sandstorm
|-heal|p2a: Celebi|100/100|[from] item: Leftovers
|upkeep
|turn|8
|
|t:|1709548205
|switch|p2a: Rotom|Rotom-Wash|100/100
|move|p1a: Landorus|U-turn|p2a: Rotom
|-damage|p2a: Rotom|80/100
|
|t:|1709548209
|switch|p1a: Rotom|Rotom-Wash|64/100|[from] U-turn
|-damage|p1a: Rotom|52/100|[from] Stealth Rock
|
|-weather|Sandstorm|[upkeep]
|-damage|p1a: Rotom|46/100|[from] Sandstorm
|-damage|p2a: Rotom|74/100|[from] Sandstorm
|-heal|p2a: Rotom|80/100|[from] item: Leftovers
|upkeep
|turn|9
|
|t:|1709548213
|move|p1a: Rotom|Hidden Power|p2a: Rotom
|-supereffective|p2a: Rotom
|-damage|p2a: Rotom|9/100
|move|p2a: Rotom|Will-O-Wisp|p1a: Rotom
|-status|p1a: Rotom|brn
|
|-weather|Sandstorm|[upkeep]
|-damage|p1a: Rotom|40/100 brn|[from] Sandstorm
|-damage|p2a: Rotom|3/100|[from] Sandstorm
|-heal|p2a: Rotom|9/100|[from] item: Leftovers
|-damage|p1a: Rotom|27/100 brn|[from] brn
|upkeep
|turn|10
|
|t:|1709548219
|switch|p1a: Landorus|Landorus-Therian, M, shiny|88/100
|-damage|p1a: Landorus|76/100|[from] Stealth Rock
|-ability|p1a: Landorus|Intimidate|boost
|-unboost|p2a: Rotom|atk|1
|move|p2a: Rotom|Volt Switch|p1a: Landorus
|-immune|p1a: Landorus
|
|-weather|Sandstorm|[upkeep]
|-damage|p2a: Rotom|3/100|[from] Sandstorm
|-heal|p2a: Rotom|9/100|[from] item: Leftovers
|upkeep
|turn|11
|
|t:|1709548223
|move|p1a: Landorus|U-turn|p2a: Rotom
|-damage|p2a: Rotom|0 fnt
|faint|p2a: Rotom
|
|t:|1709548226
|switch|p1a: Rotom|Rotom-Wash|27/100 brn|[from] U-turn
|-damage|p1a: Rotom|15/100 brn|[from] Stealth Rock
|
|-weather|Sandstorm|[upkeep]
|-damage|p1a: Rotom|9/100 brn|[from] Sandstorm
|-damage|p1a: Rotom|0 fnt|[from] brn
|faint|p1a: Rotom
|upkeep
|j| Pandhi
|
|t:|1709548235
|switch|p1a: Landorus|Landorus-Therian, M, shiny|76/100
|switch|p2a: Garchomp|Garchomp, F|100/100
|-damage|p1a: Landorus|64/100|[from] Stealth Rock
|-ability|p1a: Landorus|Intimidate|boost
|-unboost|p2a: Garchomp|atk|1
|turn|12
|
|t:|1709548240
|switch|p2a: Landorus|Landorus-Therian, M|63/100
|-ability|p2a: Landorus|Intimidate|boost
|-unboost|p1a: Landorus|atk|1
|move|p1a: Landorus|Hidden Power|p2a: Landorus
|-supereffective|p2a: Landorus
|-damage|p2a: Landorus|0 fnt
|faint|p2a: Landorus
|
|-weather|Sandstorm|[upkeep]
|upkeep
|
|t:|1709548249
|switch|p2a: Garchomp|Garchomp, F|100/100
|turn|13
|
|t:|1709548251
|move|p2a: Garchomp|Outrage|p1a: Landorus
|-damage|p1a: Landorus|0 fnt
|faint|p1a: Landorus
|
|-weather|Sandstorm|[upkeep]
|upkeep
|
|t:|1709548256
|switch|p1a: Alakazam|Alakazam, M|100/100
|turn|14
|
|t:|1709548258
|move|p2a: Garchomp|Outrage|p1a: Alakazam|[from]lockedmove
|-enditem|p1a: Alakazam|Focus Sash
|-damage|p1a: Alakazam|1/100
|-start|p2a: Garchomp|confusion|[fatigue]
|move|p1a: Alakazam|Hidden Power|p2a: Garchomp
|-supereffective|p2a: Garchomp
|-damage|p2a: Garchomp|0 fnt
|faint|p2a: Garchomp
|
|-weather|Sandstorm|[upkeep]
|upkeep
|
|t:|1709548262
|switch|p2a: Tyranitar|Tyranitar, M|85/100
|turn|15
|
|t:|1709548266
|move|p1a: Alakazam|Thunder Wave|p2a: Tyranitar
|-status|p2a: Tyranitar|par
|move|p2a: Tyranitar|Pursuit|p1a: Alakazam
|-supereffective|p1a: Alakazam
|-damage|p1a: Alakazam|0 fnt
|faint|p1a: Alakazam
|
|-weather|Sandstorm|[upkeep]
|upkeep
|
|t:|1709548273
|switch|p1a: Tyranitar|Tyranitar, F|100/100
|-damage|p1a: Tyranitar|88/100|[from] Stealth Rock
|turn|16
|
|t:|1709548276
|switch|p2a: Celebi|Celebi|100/100
|move|p1a: Tyranitar|Superpower|p2a: Celebi
|-resisted|p2a: Celebi
|-damage|p2a: Celebi|80/100
|-unboost|p1a: Tyranitar|atk|1
|-unboost|p1a: Tyranitar|def|1
|
|-weather|Sandstorm|[upkeep]
|-damage|p2a: Celebi|74/100|[from] Sandstorm
|-heal|p2a: Celebi|80/100|[from] item: Leftovers
|upkeep
|turn|17
|
|t:|1709548280
|switch|p1a: Hydreigon|Hydreigon, M, shiny|94/100
|-damage|p1a: Hydreigon|82/100|[from] Stealth Rock
|move|p2a: Celebi|Baton Pass|p2a: Celebi
|
|t:|1709548284
|switch|p2a: Tyranitar|Tyranitar, M|85/100 par|[from] Baton Pass
|
|-weather|Sandstorm|[upkeep]
|-damage|p1a: Hydreigon|76/100|[from] Sandstorm
|upkeep
|turn|18
|
|t:|1709548287
|move|p1a: Hydreigon|Draco Meteor|p2a: Tyranitar
|-damage|p2a: Tyranitar|28/100 par
|-unboost|p1a: Hydreigon|spa|2
|cant|p2a: Tyranitar|par
|
|-weather|Sandstorm|[upkeep]
|-damage|p1a: Hydreigon|70/100|[from] Sandstorm
|upkeep
|turn|19
|
|t:|1709548293
|move|p1a: Hydreigon|Draco Meteor|p2a: Tyranitar
|-damage|p2a: Tyranitar|2/100 par
|-unboost|p1a: Hydreigon|spa|2
|cant|p2a: Tyranitar|par
|
|-weather|Sandstorm|[upkeep]
|-damage|p1a: Hydreigon|64/100|[from] Sandstorm
|upkeep
|turn|20
|
|t:|1709548299
|move|p1a: Hydreigon|Draco Meteor|p2a: Tyranitar
|-damage|p2a: Tyranitar|0 fnt
|-unboost|p1a: Hydreigon|spa|2
|faint|p2a: Tyranitar
|
|-weather|Sandstorm|[upkeep]
|-damage|p1a: Hydreigon|57/100|[from] Sandstorm
|upkeep
|
|t:|1709548301
|switch|p2a: Excadrill|Excadrill, F|100/100
|turn|21
|inactive|the king of bel has 120 seconds left.
|
|t:|1709548332
|switch|p1a: Tyranitar|Tyranitar, F|88/100
|-damage|p1a: Tyranitar|76/100|[from] Stealth Rock
|move|p2a: Excadrill|Swords Dance|p2a: Excadrill
|-boost|p2a: Excadrill|atk|2
|
|-weather|Sandstorm|[upkeep]
|upkeep
|turn|22
|
|t:|1709548336
|move|p2a: Excadrill|Iron Head|p1a: Tyranitar
|-supereffective|p1a: Tyranitar
|-damage|p1a: Tyranitar|0 fnt
|faint|p1a: Tyranitar
|
|-weather|Sandstorm|[upkeep]
|upkeep
|
|t:|1709548340
|switch|p1a: Reuniclus|Reuniclus, M, shiny|100/100
|turn|23
|
|t:|1709548342
|move|p2a: Excadrill|Iron Head|p1a: Reuniclus
|-damage|p1a: Reuniclus|0 fnt
|faint|p1a: Reuniclus
|
|-weather|Sandstorm|[upkeep]
|upkeep
|-message|the king of bel forfeited.
|
|win|BWnuzllock
|raw|the king of bel's rating: 1365 &rarr; <strong>1345</strong><br />(-20 for losing)
|raw|BWnuzllock's rating: 1362 &rarr; <strong>1382</strong><br />(+20 for winning)
|l|☆the king of bel
|player|p1|
