|j|☆steamrat
|j|☆WeR#4Hay!
|t:|1745948651
|gametype|singles
|player|p1|steamrat|rood|1414
|player|p2|WeR#4Hay!|265|1462
|teamsize|p1|6
|teamsize|p2|6
|gen|5
|tier|[Gen 5] OU
|rated|
|rule|Species Clause: Limit one of each Pokémon
|rule|OHKO Clause: OHKO moves are banned
|rule|Moody Clause: Moody is banned
|rule|Evasion Items Clause: Evasion items are banned
|rule|Evasion Moves Clause: Evasion moves are banned
|rule|Endless Battle Clause: Forcing endless battles is banned
|rule|HP Percentage Mod: HP is shown in percentages
|rule|Evasion Abilities Clause: Evasion abilities are banned
|rule|Sleep Moves Clause: Sleep-inducing moves are banned
|rule|Swagger Clause: Swagger is banned
|rule|Baton Pass Stat Clause: No Baton Passer may have a way to boost its stats
|clearpoke
|poke|p1|Tyranitar, F|item
|poke|p1|Rotom-Wash|item
|poke|p1|Skarmory, M|item
|poke|p1|Reuniclus, M|item
|poke|p1|Latios, M|item
|poke|p1|Garchomp, M|item
|poke|p2|Breloom, M|item
|poke|p2|Heatran, M|item
|poke|p2|Rotom-Wash|item
|poke|p2|Jirachi|item
|poke|p2|Latias, F|item
|poke|p2|Landorus-Therian, M|item
|teampreview
|
|t:|1745948667
|start
|switch|p1a: Latios|Latios, M|100/100
|switch|p2a: Aito Ohashi|Rotom-Wash|100/100
|turn|1
|
|t:|1745948671
|switch|p2a: Satoshi Nakano|Jirachi|100/100
|move|p1a: Latios|Draco Meteor|p2a: Satoshi Nakano
|-resisted|p2a: Satoshi Nakano
|-damage|p2a: Satoshi Nakano|77/100
|-unboost|p1a: Latios|spa|2
|-enditem|p1a: Latios|White Herb
|-clearnegativeboost|p1a: Latios|[silent]
|
|upkeep
|turn|2
|
|t:|1745948676
|move|p1a: Latios|Hidden Power|p2a: Satoshi Nakano
|-supereffective|p2a: Satoshi Nakano
|-damage|p2a: Satoshi Nakano|48/100
|move|p2a: Satoshi Nakano|Stealth Rock|p1a: Latios
|-sidestart|p1: steamrat|move: Stealth Rock
|
|upkeep
|turn|3
|
|t:|1745948679
|move|p1a: Latios|Hidden Power|p2a: Satoshi Nakano
|-supereffective|p2a: Satoshi Nakano
|-damage|p2a: Satoshi Nakano|20/100
|move|p2a: Satoshi Nakano|U-turn|p1a: Latios
|-supereffective|p1a: Latios
|-damage|p1a: Latios|56/100
|
|t:|1745948683
|switch|p2a: Yusuke Oshida|Landorus-Therian, M|100/100|[from] U-turn
|-ability|p2a: Yusuke Oshida|Intimidate|boost
|-unboost|p1a: Latios|atk|1
|
|upkeep
|turn|4
|
|t:|1745948688
|switch|p1a: Rotom|Rotom-Wash, shiny|100/100
|-damage|p1a: Rotom|88/100|[from] Stealth Rock
|move|p2a: Yusuke Oshida|U-turn|p1a: Rotom
|-damage|p1a: Rotom|61/100
|
|t:|1745948715
|switch|p2a: Masaaki Iwane|Breloom, M|100/100|[from] U-turn
|
|upkeep
|turn|5
|
|t:|1745948744
|switch|p1a: Skarmory|Skarmory, M, shiny|100/100
|-damage|p1a: Skarmory|88/100|[from] Stealth Rock
|move|p2a: Masaaki Iwane|Superpower|p1a: Skarmory
|-damage|p1a: Skarmory|16/100
|-unboost|p2a: Masaaki Iwane|atk|1
|-unboost|p2a: Masaaki Iwane|def|1
|-damage|p2a: Masaaki Iwane|84/100|[from] item: Rocky Helmet|[of] p1a: Skarmory
|
|upkeep
|turn|6
|
|t:|1745948749
|move|p2a: Masaaki Iwane|Superpower|p1a: Skarmory
|-damage|p1a: Skarmory|0 fnt
|-unboost|p2a: Masaaki Iwane|atk|1
|-unboost|p2a: Masaaki Iwane|def|1
|-damage|p2a: Masaaki Iwane|68/100|[from] item: Rocky Helmet|[of] p1a: Skarmory
|faint|p1a: Skarmory
|
|upkeep
|
|t:|1745948751
|switch|p1a: Garchomp|Garchomp, M, shiny|100/100
|-damage|p1a: Garchomp|94/100|[from] Stealth Rock
|turn|7
|
|t:|1745948754
|switch|p2a: Yusuke Oshida|Landorus-Therian, M|100/100
|-ability|p2a: Yusuke Oshida|Intimidate|boost
|-unboost|p1a: Garchomp|atk|1
|move|p1a: Garchomp|Swords Dance|p1a: Garchomp
|-boost|p1a: Garchomp|atk|2
|
|upkeep
|turn|8
|
|t:|1745948769
|move|p2a: Yusuke Oshida|Earthquake|p1a: Garchomp
|-damage|p1a: Garchomp|51/100
|move|p1a: Garchomp|Aqua Tail|p2a: Yusuke Oshida
|-supereffective|p2a: Yusuke Oshida
|-damage|p2a: Yusuke Oshida|14/100
|
|upkeep
|turn|9
|
|t:|1745948796
|switch|p2a: Satoshi Nakano|Jirachi|20/100
|move|p1a: Garchomp|Aqua Tail|p2a: Satoshi Nakano
|-damage|p2a: Satoshi Nakano|0 fnt
|faint|p2a: Satoshi Nakano
|
|upkeep
|
|t:|1745948803
|switch|p2a: Hanako Ueda|Latias, F|100/100
|turn|10
|
|t:|1745948807
|move|p2a: Hanako Ueda|Draco Meteor|p1a: Garchomp
|-supereffective|p1a: Garchomp
|-damage|p1a: Garchomp|0 fnt
|-unboost|p2a: Hanako Ueda|spa|2
|faint|p1a: Garchomp
|
|upkeep
|
|t:|1745948809
|switch|p1a: Tyranitar|Tyranitar, F|100/100
|-damage|p1a: Tyranitar|88/100|[from] Stealth Rock
|-weather|Sandstorm|[from] ability: Sand Stream|[of] p1a: Tyranitar
|turn|11
|
|t:|1745948815
|move|p2a: Hanako Ueda|Draco Meteor|p1a: Tyranitar
|-damage|p1a: Tyranitar|64/100
|-unboost|p2a: Hanako Ueda|spa|2
|move|p1a: Tyranitar|Pursuit|p2a: Hanako Ueda
|-supereffective|p2a: Hanako Ueda
|-damage|p2a: Hanako Ueda|48/100
|
|-weather|Sandstorm|[upkeep]
|-damage|p2a: Hanako Ueda|42/100|[from] Sandstorm
|upkeep
|turn|12
|
|t:|1745948822
|move|p2a: Hanako Ueda|Draco Meteor|p1a: Tyranitar
|-damage|p1a: Tyranitar|51/100
|-unboost|p2a: Hanako Ueda|spa|2
|move|p1a: Tyranitar|Stealth Rock|p2a: Hanako Ueda
|-sidestart|p2: WeR#4Hay!|move: Stealth Rock
|
|-weather|Sandstorm|[upkeep]
|-damage|p2a: Hanako Ueda|36/100|[from] Sandstorm
|upkeep
|turn|13
|
|t:|1745948825
|move|p2a: Hanako Ueda|Draco Meteor|p1a: Tyranitar
|-damage|p1a: Tyranitar|39/100
|move|p1a: Tyranitar|Pursuit|p2a: Hanako Ueda
|-supereffective|p2a: Hanako Ueda
|-damage|p2a: Hanako Ueda|0 fnt
|faint|p2a: Hanako Ueda
|
|-weather|Sandstorm|[upkeep]
|upkeep
|
|t:|1745948828
|switch|p2a: Masaaki Iwane|Breloom, M|68/100
|-damage|p2a: Masaaki Iwane|61/100|[from] Stealth Rock
|turn|14
|
|t:|1745948836
|move|p2a: Masaaki Iwane|Bullet Seed|p1a: Tyranitar
|-supereffective|p1a: Tyranitar
|-damage|p1a: Tyranitar|0 fnt
|faint|p1a: Tyranitar
|-hitcount|p1: Tyranitar|1
|
|-weather|Sandstorm|[upkeep]
|-damage|p2a: Masaaki Iwane|55/100|[from] Sandstorm
|upkeep
|
|t:|1745948839
|switch|p1a: Latios|Latios, M|56/100
|-damage|p1a: Latios|44/100|[from] Stealth Rock
|turn|15
|
|t:|1745948844
|switch|p2a: Aito Ohashi|Rotom-Wash|100/100
|-damage|p2a: Aito Ohashi|88/100|[from] Stealth Rock
|move|p1a: Latios|Roost|p1a: Latios
|-heal|p1a: Latios|94/100
|-singleturn|p1a: Latios|move: Roost
|
|-weather|Sandstorm|[upkeep]
|-damage|p1a: Latios|88/100|[from] Sandstorm
|-damage|p2a: Aito Ohashi|82/100|[from] Sandstorm
|-heal|p2a: Aito Ohashi|88/100|[from] item: Leftovers
|upkeep
|turn|16
|
|t:|1745948850
|move|p1a: Latios|Draco Meteor|p2a: Aito Ohashi
|-damage|p2a: Aito Ohashi|12/100
|-unboost|p1a: Latios|spa|2
|move|p2a: Aito Ohashi|Volt Switch|p1a: Latios
|-resisted|p1a: Latios
|-damage|p1a: Latios|76/100
|
|t:|1745948857
|switch|p2a: Yusuke Oshida|Landorus-Therian, M|14/100|[from] Volt Switch
|-damage|p2a: Yusuke Oshida|1/100|[from] Stealth Rock
|-ability|p2a: Yusuke Oshida|Intimidate|boost
|-unboost|p1a: Latios|atk|1
|
|-weather|Sandstorm|[upkeep]
|-damage|p1a: Latios|70/100|[from] Sandstorm
|upkeep
|turn|17
|
|t:|1745948863
|switch|p1a: Rotom|Rotom-Wash, shiny|61/100
|-damage|p1a: Rotom|49/100|[from] Stealth Rock
|move|p2a: Yusuke Oshida|U-turn|p1a: Rotom
|-damage|p1a: Rotom|21/100
|
|t:|1745948868
|switch|p2a: Masaaki Iwane|Breloom, M|55/100|[from] U-turn
|-damage|p2a: Masaaki Iwane|49/100|[from] Stealth Rock
|
|-weather|Sandstorm|[upkeep]
|-damage|p1a: Rotom|15/100|[from] Sandstorm
|-damage|p2a: Masaaki Iwane|43/100|[from] Sandstorm
|upkeep
|turn|18
|
|t:|1745948871
|move|p2a: Masaaki Iwane|Mach Punch|p1a: Rotom
|-damage|p1a: Rotom|0 fnt
|faint|p1a: Rotom
|
|-weather|Sandstorm|[upkeep]
|-damage|p2a: Masaaki Iwane|37/100|[from] Sandstorm
|upkeep
|
|t:|1745948873
|switch|p1a: Reuniclus|Reuniclus, M, shiny|100/100
|turn|19
|
|t:|1745948880
|switch|p2a: Takeshi Maenami|Heatran, M|100/100
|-damage|p2a: Takeshi Maenami|88/100|[from] Stealth Rock
|-item|p2a: Takeshi Maenami|Air Balloon
|move|p1a: Reuniclus|Psychic|p2a: Takeshi Maenami
|-resisted|p2a: Takeshi Maenami
|-damage|p2a: Takeshi Maenami|56/100
|-enditem|p2a: Takeshi Maenami|Air Balloon
|
|-weather|Sandstorm|[upkeep]
|upkeep
|turn|20
|
|t:|1745948885
|move|p2a: Takeshi Maenami|Taunt|p1a: Reuniclus
|-start|p1a: Reuniclus|move: Taunt
|move|p1a: Reuniclus|Psychic|p2a: Takeshi Maenami
|-resisted|p2a: Takeshi Maenami
|-damage|p2a: Takeshi Maenami|21/100
|
|-weather|Sandstorm|[upkeep]
|upkeep
|turn|21
|
|t:|1745948912
|move|p2a: Takeshi Maenami|Lava Plume|p1a: Reuniclus
|-damage|p1a: Reuniclus|59/100
|move|p1a: Reuniclus|Psychic|p2a: Takeshi Maenami
|-resisted|p2a: Takeshi Maenami
|-damage|p2a: Takeshi Maenami|0 fnt
|faint|p2a: Takeshi Maenami
|
|-weather|Sandstorm|[upkeep]
|upkeep
|
|t:|1745948914
|switch|p2a: Masaaki Iwane|Breloom, M|37/100
|-damage|p2a: Masaaki Iwane|31/100|[from] Stealth Rock
|turn|22
|
|t:|1745948923
|move|p2a: Masaaki Iwane|Bullet Seed|p1a: Reuniclus
|-damage|p1a: Reuniclus|25/100
|-damage|p1a: Reuniclus|0 fnt
|faint|p1a: Reuniclus
|-hitcount|p1: Reuniclus|2
|
|-weather|Sandstorm|[upkeep]
|-damage|p2a: Masaaki Iwane|25/100|[from] Sandstorm
|upkeep
|
|t:|1745948925
|switch|p1a: Latios|Latios, M|70/100
|-damage|p1a: Latios|58/100|[from] Stealth Rock
|turn|23
|
|t:|1745948976
|switch|p2a: Aito Ohashi|Rotom-Wash|12/100
|-damage|p2a: Aito Ohashi|0 fnt|[from] Stealth Rock
|faint|p2a: Aito Ohashi
|move|p1a: Latios|Hidden Power|p2: Aito Ohashi|[notarget]
|-fail|p1a: Latios
|
|-weather|Sandstorm|[upkeep]
|-damage|p1a: Latios|52/100|[from] Sandstorm
|upkeep
|
|t:|1745948980
|switch|p2a: Masaaki Iwane|Breloom, M|25/100
|-damage|p2a: Masaaki Iwane|19/100|[from] Stealth Rock
|turn|24
|
|t:|1745948984
|switch|p2a: Yusuke Oshida|Landorus-Therian, M|1/100
|-damage|p2a: Yusuke Oshida|0 fnt|[from] Stealth Rock
|faint|p2a: Yusuke Oshida
|move|p1a: Latios|Hidden Power|p2: Yusuke Oshida|[notarget]
|-fail|p1a: Latios
|
|-weather|Sandstorm|[upkeep]
|-damage|p1a: Latios|46/100|[from] Sandstorm
|upkeep
|
|t:|1745948986
|switch|p2a: Masaaki Iwane|Breloom, M|19/100
|-damage|p2a: Masaaki Iwane|12/100|[from] Stealth Rock
|turn|25
|
|t:|1745948989
|move|p2a: Masaaki Iwane|Mach Punch|p1a: Latios
|-resisted|p1a: Latios
|-damage|p1a: Latios|11/100
|move|p1a: Latios|Hidden Power|p2a: Masaaki Iwane
|-supereffective|p2a: Masaaki Iwane
|-damage|p2a: Masaaki Iwane|0 fnt
|faint|p2a: Masaaki Iwane
|
|win|steamrat
|raw|steamrat's rating: 1414 &rarr; <strong>1437</strong><br />(+23 for winning)
|raw|WeR#4Hay!'s rating: 1462 &rarr; <strong>1439</strong><br />(-23 for losing)
|c|☆WeR#4Hay!|gg
