|j|☆Franco J
|j|☆Chomp29
|t:|1708700298
|gametype|singles
|player|p1|Franco J|nate|1430
|player|p2|Chomp29|lucas|1485
|teamsize|p1|6
|teamsize|p2|6
|gen|5
|tier|[Gen 5] OU
|rated|
|rule|Species Clause: Limit one of each Pokémon
|rule|OHKO Clause: OHKO moves are banned
|rule|Moody Clause: Moody is banned
|rule|Evasion Items Clause: Evasion items are banned
|rule|Evasion Moves Clause: Evasion moves are banned
|rule|Endless Battle Clause: Forcing endless battles is banned
|rule|HP Percentage Mod: HP is shown in percentages
|rule|Evasion Abilities Clause: Evasion abilities are banned
|rule|Sleep Moves Clause: Sleep-inducing moves are banned
|rule|Swagger Clause: Swagger is banned
|rule|Baton Pass Stat Clause: No Baton Passer may have a way to boost its stats
|clearpoke
|poke|p1|Lucario, M|item
|poke|p1|Sigilyph, F|item
|poke|p1|Skarmory, F|item
|poke|p1|Gengar, F|item
|poke|p1|Tyranitar, M|item
|poke|p1|Gastrodon, M|item
|poke|p2|Tyranitar, F|item
|poke|p2|Alakazam, M|item
|poke|p2|Skarmory, F|item
|poke|p2|Landorus-Therian, M|item
|poke|p2|Heatran, F|item
|poke|p2|Jellicent, F|item
|teampreview
|inactive|Battle timer is ON: inactive players will automatically lose when time's up. (requested by Franco J)
|
|t:|1708700306
|start
|switch|p1a: Skarmory|Skarmory, F|100/100
|switch|p2a: Heatran|Heatran, F|100/100
|turn|1
|
|t:|1708700314
|move|p2a: Heatran|Magma Storm|p1a: Skarmory
|-supereffective|p1a: Skarmory
|-ability|p1a: Skarmory|Sturdy
|-damage|p1a: Skarmory|1/100
|-activate|p1a: Skarmory|move: Magma Storm|[of] p2a: Heatran
|move|p1a: Skarmory|Stealth Rock|p2a: Heatran
|-sidestart|p2: Chomp29|move: Stealth Rock
|
|-damage|p1a: Skarmory|0 fnt|[from] move: Magma Storm|[partiallytrapped]
|faint|p1a: Skarmory
|upkeep
|
|t:|1708700318
|switch|p1a: Ne|Lucario, M|100/100
|turn|2
|
|t:|1708700323
|switch|p2a: Jellicent|Jellicent, F|100/100
|-damage|p2a: Jellicent|88/100|[from] Stealth Rock
|move|p1a: Ne|Swords Dance|p1a: Ne
|-boost|p1a: Ne|atk|2
|
|-heal|p2a: Jellicent|94/100|[from] item: Leftovers
|upkeep
|turn|3
|
|t:|1708700340
|switch|p2a: Tyranitar|Tyranitar, F|100/100
|-damage|p2a: Tyranitar|88/100|[from] Stealth Rock
|-weather|Sandstorm|[from] ability: Sand Stream|[of] p2a: Tyranitar
|move|p1a: Ne|Crunch|p2a: Tyranitar
|-resisted|p2a: Tyranitar
|-damage|p2a: Tyranitar|61/100
|-damage|p1a: Ne|91/100|[from] item: Life Orb
|
|-weather|Sandstorm|[upkeep]
|upkeep
|turn|4
|
|t:|1708700346
|move|p1a: Ne|Close Combat|p2a: Tyranitar
|-supereffective|p2a: Tyranitar
|-enditem|p2a: Tyranitar|Chople Berry|[eat]
|-enditem|p2a: Tyranitar|Chople Berry|[weaken]
|-damage|p2a: Tyranitar|0 fnt
|-unboost|p1a: Ne|def|1
|-unboost|p1a: Ne|spd|1
|faint|p2a: Tyranitar
|-damage|p1a: Ne|81/100|[from] item: Life Orb
|
|-weather|Sandstorm|[upkeep]
|upkeep
|
|t:|1708700355
|switch|p2a: Landorus|Landorus-Therian, M|100/100
|-damage|p2a: Landorus|88/100|[from] Stealth Rock
|-ability|p2a: Landorus|Intimidate|boost
|-unboost|p1a: Ne|atk|1
|turn|5
|
|t:|1708700360
|switch|p1a: Karen II|Gengar, F|100/100
|move|p2a: Landorus|Earthquake|p1a: Karen II
|-immune|p1a: Karen II|[from] ability: Levitate
|
|-weather|Sandstorm|[upkeep]
|-damage|p1a: Karen II|94/100|[from] Sandstorm
|-heal|p1a: Karen II|100/100|[from] item: Black Sludge
|upkeep
|turn|6
|
|t:|1708700366
|switch|p2a: Skarmory|Skarmory, F|100/100
|-damage|p2a: Skarmory|88/100|[from] Stealth Rock
|move|p1a: Karen II|Substitute|p1a: Karen II
|-start|p1a: Karen II|Substitute
|-damage|p1a: Karen II|75/100
|
|-weather|Sandstorm|[upkeep]
|-damage|p1a: Karen II|69/100|[from] Sandstorm
|-heal|p1a: Karen II|75/100|[from] item: Black Sludge
|upkeep
|turn|7
|
|t:|1708700369
|move|p1a: Karen II|Thunder|p2a: Skarmory
|-supereffective|p2a: Skarmory
|-damage|p2a: Skarmory|21/100
|move|p2a: Skarmory|Whirlwind|p1a: Karen II
|drag|p1a: Atenea|Sigilyph, F|100/100
|
|-weather|Sandstorm|[upkeep]
|upkeep
|turn|8
|
|t:|1708700376
|move|p1a: Atenea|Heat Wave|p2a: Skarmory
|-supereffective|p2a: Skarmory
|-damage|p2a: Skarmory|0 fnt
|faint|p2a: Skarmory
|
|-weather|Sandstorm|[upkeep]
|upkeep
|
|t:|1708700379
|switch|p2a: Heatran|Heatran, F|100/100
|-damage|p2a: Heatran|88/100|[from] Stealth Rock
|turn|9
|
|t:|1708700384
|switch|p1a: Gastrodon|Gastrodon, M|100/100
|move|p2a: Heatran|Stealth Rock|p1a: Gastrodon
|-sidestart|p1: Franco J|move: Stealth Rock
|
|-weather|Sandstorm|[upkeep]
|-heal|p2a: Heatran|94/100|[from] item: Leftovers
|upkeep
|turn|10
|
|t:|1708700389
|switch|p2a: Jellicent|Jellicent, F|94/100
|-damage|p2a: Jellicent|82/100|[from] Stealth Rock
|move|p1a: Gastrodon|Ice Beam|p2a: Jellicent
|-resisted|p2a: Jellicent
|-damage|p2a: Jellicent|73/100
|
|-weather|Sandstorm|[upkeep]
|-damage|p2a: Jellicent|67/100|[from] Sandstorm
|-heal|p2a: Jellicent|73/100|[from] item: Leftovers
|upkeep
|turn|11
|
|t:|1708700395
|switch|p1a: Ne|Lucario, M|81/100
|-damage|p1a: Ne|78/100|[from] Stealth Rock
|move|p2a: Jellicent|Will-O-Wisp|p1a: Ne
|-status|p1a: Ne|brn
|
|-weather|Sandstorm|[upkeep]
|-damage|p2a: Jellicent|67/100|[from] Sandstorm
|-heal|p2a: Jellicent|73/100|[from] item: Leftovers
|-damage|p1a: Ne|65/100 brn|[from] brn
|upkeep
|turn|12
|
|t:|1708700402
|move|p1a: Ne|Swords Dance|p1a: Ne
|-boost|p1a: Ne|atk|2
|move|p2a: Jellicent|Scald|p1a: Ne
|-damage|p1a: Ne|29/100 brn
|
|-weather|Sandstorm|[upkeep]
|-damage|p2a: Jellicent|67/100|[from] Sandstorm
|-heal|p2a: Jellicent|73/100|[from] item: Leftovers
|-damage|p1a: Ne|17/100 brn|[from] brn
|upkeep
|turn|13
|
|t:|1708700407
|move|p1a: Ne|Crunch|p2a: Jellicent
|-supereffective|p2a: Jellicent
|-damage|p2a: Jellicent|17/100
|-damage|p1a: Ne|7/100 brn|[from] item: Life Orb
|move|p2a: Jellicent|Recover|p2a: Jellicent
|-heal|p2a: Jellicent|67/100
|
|-weather|Sandstorm|[upkeep]
|-damage|p2a: Jellicent|60/100|[from] Sandstorm
|-heal|p2a: Jellicent|67/100|[from] item: Leftovers
|-damage|p1a: Ne|0 fnt|[from] brn
|faint|p1a: Ne
|upkeep
|
|t:|1708700412
|switch|p1a: Karen II|Gengar, F|75/100
|-damage|p1a: Karen II|63/100|[from] Stealth Rock
|turn|14
|
|t:|1708700421
|switch|p2a: Landorus|Landorus-Therian, M|88/100
|-damage|p2a: Landorus|76/100|[from] Stealth Rock
|-ability|p2a: Landorus|Intimidate|boost
|-unboost|p1a: Karen II|atk|1
|move|p1a: Karen II|Substitute|p1a: Karen II
|-start|p1a: Karen II|Substitute
|-damage|p1a: Karen II|38/100
|
|-weather|Sandstorm|[upkeep]
|-damage|p1a: Karen II|32/100|[from] Sandstorm
|-heal|p1a: Karen II|38/100|[from] item: Black Sludge
|upkeep
|turn|15
|
|t:|1708700424
|move|p2a: Landorus|U-turn|p1a: Karen II
|-resisted|p1a: Karen II
|-activate|p1a: Karen II|Substitute|[damage]
|
|t:|1708700428
|switch|p2a: Heatran|Heatran, F|94/100|[from] U-turn
|-damage|p2a: Heatran|82/100|[from] Stealth Rock
|move|p1a: Karen II|Shadow Ball|p2a: Heatran
|-resisted|p2a: Heatran
|-damage|p2a: Heatran|65/100
|
|-weather|Sandstorm|[upkeep]
|-damage|p1a: Karen II|32/100|[from] Sandstorm
|-heal|p1a: Karen II|38/100|[from] item: Black Sludge
|-heal|p2a: Heatran|71/100|[from] item: Leftovers
|upkeep
|turn|16
|
|t:|1708700431
|move|p2a: Heatran|Protect|p2a: Heatran
|-singleturn|p2a: Heatran|Protect
|move|p1a: Karen II|Focus Blast|p2a: Heatran
|-activate|p2a: Heatran|move: Protect
|
|-weather|Sandstorm|[upkeep]
|-damage|p1a: Karen II|32/100|[from] Sandstorm
|-heal|p1a: Karen II|38/100|[from] item: Black Sludge
|-heal|p2a: Heatran|78/100|[from] item: Leftovers
|upkeep
|turn|17
|
|t:|1708700434
|switch|p2a: Landorus|Landorus-Therian, M|76/100
|-damage|p2a: Landorus|64/100|[from] Stealth Rock
|-ability|p2a: Landorus|Intimidate|boost
|-immune|p1a: Karen II
|move|p1a: Karen II|Focus Blast|p2a: Landorus
|-resisted|p2a: Landorus
|-damage|p2a: Landorus|38/100
|
|-weather|Sandstorm|[upkeep]
|-damage|p1a: Karen II|32/100|[from] Sandstorm
|-heal|p1a: Karen II|38/100|[from] item: Black Sludge
|upkeep
|turn|18
|
|t:|1708700439
|move|p2a: Landorus|Stone Edge|p1a: Karen II
|-crit|p1a: Karen II
|-end|p1a: Karen II|Substitute
|move|p1a: Karen II|Substitute|p1a: Karen II
|-start|p1a: Karen II|Substitute
|-damage|p1a: Karen II|13/100
|
|-weather|Sandstorm|[upkeep]
|-damage|p1a: Karen II|7/100|[from] Sandstorm
|-heal|p1a: Karen II|13/100|[from] item: Black Sludge
|upkeep
|turn|19
|
|t:|1708700443
|move|p2a: Landorus|Stone Edge|p1a: Karen II
|-end|p1a: Karen II|Substitute
|move|p1a: Karen II|Shadow Ball|p2a: Landorus
|-damage|p2a: Landorus|0 fnt
|faint|p2a: Landorus
|
|-weather|Sandstorm|[upkeep]
|-damage|p1a: Karen II|7/100|[from] Sandstorm
|-heal|p1a: Karen II|13/100|[from] item: Black Sludge
|upkeep
|
|t:|1708700446
|switch|p2a: Alakazam|Alakazam, M|100/100
|turn|20
|
|t:|1708700449
|move|p2a: Alakazam|Signal Beam|p1a: Karen II
|-resisted|p1a: Karen II
|-damage|p1a: Karen II|0 fnt
|faint|p1a: Karen II
|
|-weather|Sandstorm|[upkeep]
|upkeep
|
|t:|1708700456
|switch|p1a: Atenea|Sigilyph, F|100/100
|turn|21
|
|t:|1708700468
|move|p2a: Alakazam|Signal Beam|p1a: Atenea
|-damage|p1a: Atenea|50/100
|move|p1a: Atenea|Thunder Wave|p2a: Alakazam
|-status|p2a: Alakazam|par
|
|-weather|Sandstorm|[upkeep]
|upkeep
|turn|22
|
|t:|1708700472
|move|p1a: Atenea|Air Slash|p2a: Alakazam
|-damage|p2a: Alakazam|47/100 par
|cant|p2a: Alakazam|flinch
|
|-weather|Sandstorm|[upkeep]
|upkeep
|turn|23
|
|t:|1708700477
|switch|p2a: Heatran|Heatran, F|78/100
|-damage|p2a: Heatran|65/100|[from] Stealth Rock
|move|p1a: Atenea|Air Slash|p2a: Heatran
|-resisted|p2a: Heatran
|-damage|p2a: Heatran|52/100
|
|-weather|Sandstorm|[upkeep]
|-heal|p2a: Heatran|58/100|[from] item: Leftovers
|upkeep
|turn|24
|
|t:|1708700482
|move|p1a: Atenea|Thunder Wave|p2a: Heatran
|-status|p2a: Heatran|par
|move|p2a: Heatran|Magma Storm|p1a: Atenea
|-crit|p1a: Atenea
|-damage|p1a: Atenea|0 fnt
|faint|p1a: Atenea
|
|-weather|Sandstorm|[upkeep]
|-heal|p2a: Heatran|65/100 par|[from] item: Leftovers
|upkeep
|
|t:|1708700487
|switch|p1a: God|Tyranitar, M|100/100
|-damage|p1a: God|88/100|[from] Stealth Rock
|turn|25
|
|t:|1708700490
|move|p1a: God|Superpower|p2a: Heatran
|-supereffective|p2a: Heatran
|-damage|p2a: Heatran|0 fnt
|-unboost|p1a: God|atk|1
|-unboost|p1a: God|def|1
|faint|p2a: Heatran
|
|-weather|Sandstorm|[upkeep]
|upkeep
|
|t:|1708700497
|switch|p2a: Jellicent|Jellicent, F|67/100
|-damage|p2a: Jellicent|54/100|[from] Stealth Rock
|turn|26
|
|t:|1708700503
|switch|p1a: Gastrodon|Gastrodon, M|100/100
|-damage|p1a: Gastrodon|94/100|[from] Stealth Rock
|move|p2a: Jellicent|Will-O-Wisp|p1a: Gastrodon
|-status|p1a: Gastrodon|brn
|
|-weather|Sandstorm|[upkeep]
|-damage|p2a: Jellicent|48/100|[from] Sandstorm
|-heal|p2a: Jellicent|54/100|[from] item: Leftovers
|-heal|p1a: Gastrodon|100/100 brn|[from] item: Leftovers
|-damage|p1a: Gastrodon|88/100 brn|[from] brn
|upkeep
|turn|27
|
|t:|1708700510
|move|p2a: Jellicent|Recover|p2a: Jellicent
|-heal|p2a: Jellicent|100/100
|move|p1a: Gastrodon|Ice Beam|p2a: Jellicent
|-resisted|p2a: Jellicent
|-damage|p2a: Jellicent|91/100
|
|-weather|Sandstorm|[upkeep]
|-damage|p2a: Jellicent|85/100|[from] Sandstorm
|-heal|p2a: Jellicent|91/100|[from] item: Leftovers
|-heal|p1a: Gastrodon|94/100 brn|[from] item: Leftovers
|-damage|p1a: Gastrodon|82/100 brn|[from] brn
|upkeep
|turn|28
|j| SKT T1 Motherfaker
|
|t:|1708700513
|move|p2a: Jellicent|Taunt|p1a: Gastrodon
|-start|p1a: Gastrodon|move: Taunt
|move|p1a: Gastrodon|Ice Beam|p2a: Jellicent
|-resisted|p2a: Jellicent
|-damage|p2a: Jellicent|82/100
|
|-weather|Sandstorm|[upkeep]
|-damage|p2a: Jellicent|76/100|[from] Sandstorm
|-heal|p2a: Jellicent|82/100|[from] item: Leftovers
|-heal|p1a: Gastrodon|88/100 brn|[from] item: Leftovers
|-damage|p1a: Gastrodon|75/100 brn|[from] brn
|upkeep
|turn|29
|
|t:|1708700516
|switch|p2a: Alakazam|Alakazam, M|47/100 par
|move|p1a: Gastrodon|Ice Beam|p2a: Alakazam
|-damage|p2a: Alakazam|13/100 par
|
|-weather|Sandstorm|[upkeep]
|-heal|p1a: Gastrodon|81/100 brn|[from] item: Leftovers
|-damage|p1a: Gastrodon|69/100 brn|[from] brn
|upkeep
|turn|30
|
|t:|1708700519
|move|p1a: Gastrodon|Ice Beam|p2a: Alakazam
|-damage|p2a: Alakazam|0 fnt
|faint|p2a: Alakazam
|
|-weather|Sandstorm|[upkeep]
|-heal|p1a: Gastrodon|75/100 brn|[from] item: Leftovers
|-damage|p1a: Gastrodon|63/100 brn|[from] brn
|-end|p1a: Gastrodon|move: Taunt
|upkeep
|
|t:|1708700521
|switch|p2a: Jellicent|Jellicent, F|82/100
|-damage|p2a: Jellicent|69/100|[from] Stealth Rock
|turn|31
|
|t:|1708700525
|move|p2a: Jellicent|Taunt|p1a: Gastrodon
|-start|p1a: Gastrodon|move: Taunt
|move|p1a: Gastrodon|Ice Beam|p2a: Jellicent
|-resisted|p2a: Jellicent
|-damage|p2a: Jellicent|61/100
|
|-weather|Sandstorm|[upkeep]
|-damage|p2a: Jellicent|55/100|[from] Sandstorm
|-heal|p2a: Jellicent|61/100|[from] item: Leftovers
|-heal|p1a: Gastrodon|69/100 brn|[from] item: Leftovers
|-damage|p1a: Gastrodon|56/100 brn|[from] brn
|upkeep
|turn|32
|
|t:|1708700529
|move|p2a: Jellicent|Recover|p2a: Jellicent
|-heal|p2a: Jellicent|100/100
|move|p1a: Gastrodon|Ice Beam|p2a: Jellicent
|-resisted|p2a: Jellicent
|-damage|p2a: Jellicent|92/100
|-status|p2a: Jellicent|frz
|
|-weather|Sandstorm|[upkeep]
|-damage|p2a: Jellicent|86/100 frz|[from] Sandstorm
|-heal|p2a: Jellicent|92/100 frz|[from] item: Leftovers
|-heal|p1a: Gastrodon|62/100 brn|[from] item: Leftovers
|-damage|p1a: Gastrodon|50/100 brn|[from] brn
|upkeep
|turn|33
|
|t:|1708700534
|-curestatus|p2a: Jellicent|frz|[from] move: Scald
|move|p2a: Jellicent|Scald|p1a: Gastrodon
|-ability|p1a: Gastrodon|Storm Drain|boost
|-boost|p1a: Gastrodon|spa|1
|move|p1a: Gastrodon|Ice Beam|p2a: Jellicent
|-resisted|p2a: Jellicent
|-damage|p2a: Jellicent|79/100
|
|-weather|Sandstorm|[upkeep]
|-damage|p2a: Jellicent|73/100|[from] Sandstorm
|-heal|p2a: Jellicent|79/100|[from] item: Leftovers
|-heal|p1a: Gastrodon|56/100 brn|[from] item: Leftovers
|-damage|p1a: Gastrodon|44/100 brn|[from] brn
|-end|p1a: Gastrodon|move: Taunt
|upkeep
|turn|34
|
|t:|1708700539
|move|p2a: Jellicent|Taunt|p1a: Gastrodon
|-start|p1a: Gastrodon|move: Taunt
|move|p1a: Gastrodon|Ice Beam|p2a: Jellicent
|-resisted|p2a: Jellicent
|-damage|p2a: Jellicent|67/100
|
|-weather|Sandstorm|[upkeep]
|-damage|p2a: Jellicent|60/100|[from] Sandstorm
|-heal|p2a: Jellicent|67/100|[from] item: Leftovers
|-heal|p1a: Gastrodon|50/100 brn|[from] item: Leftovers
|-damage|p1a: Gastrodon|37/100 brn|[from] brn
|upkeep
|turn|35
|
|t:|1708700543
|move|p2a: Jellicent|Recover|p2a: Jellicent
|-heal|p2a: Jellicent|100/100
|move|p1a: Gastrodon|Ice Beam|p2a: Jellicent
|-resisted|p2a: Jellicent
|-damage|p2a: Jellicent|87/100
|
|-weather|Sandstorm|[upkeep]
|-damage|p2a: Jellicent|81/100|[from] Sandstorm
|-heal|p2a: Jellicent|87/100|[from] item: Leftovers
|-heal|p1a: Gastrodon|43/100 brn|[from] item: Leftovers
|-damage|p1a: Gastrodon|31/100 brn|[from] brn
|upkeep
|turn|36
|
|t:|1708700547
|move|p2a: Jellicent|Recover|p2a: Jellicent
|-heal|p2a: Jellicent|100/100
|move|p1a: Gastrodon|Ice Beam|p2a: Jellicent
|-resisted|p2a: Jellicent
|-damage|p2a: Jellicent|87/100
|
|-weather|Sandstorm|[upkeep]
|-damage|p2a: Jellicent|81/100|[from] Sandstorm
|-heal|p2a: Jellicent|87/100|[from] item: Leftovers
|-heal|p1a: Gastrodon|37/100 brn|[from] item: Leftovers
|-damage|p1a: Gastrodon|25/100 brn|[from] brn
|-end|p1a: Gastrodon|move: Taunt
|upkeep
|turn|37
|
|t:|1708700550
|move|p2a: Jellicent|Will-O-Wisp|p1a: Gastrodon
|-fail|p1a: Gastrodon|brn
|move|p1a: Gastrodon|Ice Beam|p2a: Jellicent
|-resisted|p2a: Jellicent
|-damage|p2a: Jellicent|75/100
|
|-weather|Sandstorm|[upkeep]
|-damage|p2a: Jellicent|69/100|[from] Sandstorm
|-heal|p2a: Jellicent|75/100|[from] item: Leftovers
|-heal|p1a: Gastrodon|31/100 brn|[from] item: Leftovers
|-damage|p1a: Gastrodon|18/100 brn|[from] brn
|upkeep
|turn|38
|
|t:|1708700554
|move|p2a: Jellicent|Taunt|p1a: Gastrodon
|-start|p1a: Gastrodon|move: Taunt
|cant|p1a: Gastrodon|move: Taunt|Recover
|
|-weather|Sandstorm|[upkeep]
|-damage|p2a: Jellicent|69/100|[from] Sandstorm
|-heal|p2a: Jellicent|75/100|[from] item: Leftovers
|-heal|p1a: Gastrodon|24/100 brn|[from] item: Leftovers
|-damage|p1a: Gastrodon|12/100 brn|[from] brn
|upkeep
|turn|39
|
|t:|1708700557
|move|p2a: Jellicent|Recover|p2a: Jellicent
|-heal|p2a: Jellicent|100/100
|move|p1a: Gastrodon|Ice Beam|p2a: Jellicent
|-resisted|p2a: Jellicent
|-damage|p2a: Jellicent|87/100
|
|-weather|Sandstorm|[upkeep]
|-damage|p2a: Jellicent|81/100|[from] Sandstorm
|-heal|p2a: Jellicent|87/100|[from] item: Leftovers
|-heal|p1a: Gastrodon|18/100 brn|[from] item: Leftovers
|-damage|p1a: Gastrodon|6/100 brn|[from] brn
|upkeep
|turn|40
|
|t:|1708700565
|move|p2a: Jellicent|Recover|p2a: Jellicent
|-heal|p2a: Jellicent|100/100
|move|p1a: Gastrodon|Ice Beam|p2a: Jellicent
|-resisted|p2a: Jellicent
|-damage|p2a: Jellicent|87/100
|
|-weather|Sandstorm|[upkeep]
|-damage|p2a: Jellicent|81/100|[from] Sandstorm
|-heal|p2a: Jellicent|87/100|[from] item: Leftovers
|-heal|p1a: Gastrodon|12/100 brn|[from] item: Leftovers
|-damage|p1a: Gastrodon|0 fnt|[from] brn
|faint|p1a: Gastrodon
|upkeep
|
|t:|1708700567
|switch|p1a: God|Tyranitar, M|88/100
|-damage|p1a: God|76/100|[from] Stealth Rock
|turn|41
|
|t:|1708700569
|move|p2a: Jellicent|Will-O-Wisp|p1a: God
|-status|p1a: God|brn
|move|p1a: God|Thunder Wave|p2a: Jellicent
|-status|p2a: Jellicent|par
|
|-weather|Sandstorm|[upkeep]
|-damage|p2a: Jellicent|81/100 par|[from] Sandstorm
|-heal|p2a: Jellicent|87/100 par|[from] item: Leftovers
|-damage|p1a: God|63/100 brn|[from] brn
|upkeep
|turn|42
|
|t:|1708700587
|move|p1a: God|Crunch|p2a: Jellicent
|-supereffective|p2a: Jellicent
|-damage|p2a: Jellicent|55/100 par
|cant|p2a: Jellicent|par
|
|-weather|Sandstorm|[upkeep]
|-damage|p2a: Jellicent|49/100 par|[from] Sandstorm
|-heal|p2a: Jellicent|55/100 par|[from] item: Leftovers
|-damage|p1a: God|51/100 brn|[from] brn
|upkeep
|turn|43
|
|t:|1708700592
|move|p1a: God|Crunch|p2a: Jellicent
|-supereffective|p2a: Jellicent
|-damage|p2a: Jellicent|19/100 par
|move|p2a: Jellicent|Recover|p2a: Jellicent
|-heal|p2a: Jellicent|69/100 par
|
|-weather|Sandstorm|[upkeep]
|-damage|p2a: Jellicent|63/100 par|[from] Sandstorm
|-heal|p2a: Jellicent|69/100 par|[from] item: Leftovers
|-damage|p1a: God|38/100 brn|[from] brn
|upkeep
|turn|44
|
|t:|1708700597
|move|p1a: God|Crunch|p2a: Jellicent
|-supereffective|p2a: Jellicent
|-damage|p2a: Jellicent|33/100 par
|cant|p2a: Jellicent|par
|
|-weather|Sandstorm|[upkeep]
|-damage|p2a: Jellicent|27/100 par|[from] Sandstorm
|-heal|p2a: Jellicent|33/100 par|[from] item: Leftovers
|-damage|p1a: God|26/100 brn|[from] brn
|upkeep
|turn|45
|
|t:|1708700602
|move|p1a: God|Crunch|p2a: Jellicent
|-supereffective|p2a: Jellicent
|-damage|p2a: Jellicent|0 fnt
|faint|p2a: Jellicent
|
|win|Franco J
|raw|Franco J's rating: 1430 &rarr; <strong>1453</strong><br />(+23 for winning)
|raw|Chomp29's rating: 1485 &rarr; <strong>1462</strong><br />(-23 for losing)
|c|☆Franco J|gg
|c|☆Franco J|gg
|l|☆Chomp29
|player|p2|
|c|☆Franco J|WP
|l|☆Franco J
|player|p1|
