|j|☆HydreigonSpammer
|j|☆sattlebimulator
|t:|1734974643
|gametype|singles
|player|p1|HydreigonSpammer|janitor|1401
|player|p2|sattlebimulator|1|1397
|teamsize|p1|6
|teamsize|p2|6
|gen|5
|tier|[Gen 5] OU
|rated|
|rule|Species Clause: Limit one of each Pokémon
|rule|OHKO Clause: OHKO moves are banned
|rule|Moody Clause: Moody is banned
|rule|Evasion Items Clause: Evasion items are banned
|rule|Evasion Moves Clause: Evasion moves are banned
|rule|Endless Battle Clause: Forcing endless battles is banned
|rule|HP Percentage Mod: HP is shown in percentages
|rule|Evasion Abilities Clause: Evasion abilities are banned
|rule|Sleep Moves Clause: Sleep-inducing moves are banned
|rule|Swagger Clause: Swagger is banned
|rule|Baton Pass Stat Clause: No Baton Passer may have a way to boost its stats
|clearpoke
|poke|p1|Reuniclus, M|item
|poke|p1|Ferrothorn, M|item
|poke|p1|Clefable, M|item
|poke|p1|Latios, M|item
|poke|p1|Tyranitar, M|item
|poke|p1|Landorus-Therian, M|item
|poke|p2|Alakazam, F|item
|poke|p2|Terrakion|item
|poke|p2|Starmie|item
|poke|p2|Latios, M|item
|poke|p2|Scizor, F|item
|poke|p2|Breloom, M|item
|teampreview
|inactive|Battle timer is ON: inactive players will automatically lose when time's up. (requested by sattlebimulator)
|
|t:|1734974661
|start
|switch|p1a: Landorus|Landorus-Therian, M|100/100
|switch|p2a: Terrakion|Terrakion|100/100
|-ability|p1a: Landorus|Intimidate|boost
|-unboost|p2a: Terrakion|atk|1
|turn|1
|
|t:|1734974668
|switch|p1a: Reuniclus|Reuniclus, M|100/100
|move|p2a: Terrakion|Taunt|p1a: Reuniclus
|-start|p1a: Reuniclus|move: Taunt
|
|upkeep
|turn|2
|
|t:|1734974672
|move|p2a: Terrakion|Stealth Rock|p1a: Reuniclus
|-sidestart|p1: HydreigonSpammer|move: Stealth Rock
|move|p1a: Reuniclus|Psyshock|p2a: Terrakion
|-supereffective|p2a: Terrakion
|-damage|p2a: Terrakion|20/100
|
|upkeep
|turn|3
|
|t:|1734974683
|move|p2a: Terrakion|Stone Edge|p1a: Reuniclus
|-damage|p1a: Reuniclus|76/100
|move|p1a: Reuniclus|Psyshock|p2a: Terrakion
|-supereffective|p2a: Terrakion
|-damage|p2a: Terrakion|0 fnt
|faint|p2a: Terrakion
|
|-heal|p1a: Reuniclus|82/100|[from] item: Leftovers
|-end|p1a: Reuniclus|move: Taunt
|upkeep
|
|t:|1734974690
|switch|p2a: Scizor|Scizor, F|100/100
|turn|4
|
|t:|1734974694
|switch|p1a: Landorus|Landorus-Therian, M|100/100
|-damage|p1a: Landorus|88/100|[from] Stealth Rock
|-ability|p1a: Landorus|Intimidate|boost
|-unboost|p2a: Scizor|atk|1
|move|p2a: Scizor|Swords Dance|p2a: Scizor
|-boost|p2a: Scizor|atk|2
|
|-heal|p1a: Landorus|94/100|[from] item: Leftovers
|upkeep
|turn|5
|
|t:|1734974699
|move|p2a: Scizor|Bullet Punch|p1a: Landorus
|-damage|p1a: Landorus|35/100
|-damage|p2a: Scizor|91/100|[from] item: Life Orb
|move|p1a: Landorus|Earthquake|p2a: Scizor
|-damage|p2a: Scizor|35/100
|
|-heal|p1a: Landorus|41/100|[from] item: Leftovers
|upkeep
|turn|6
|
|t:|1734974703
|switch|p1a: Ferrothorn|Ferrothorn, M|100/100
|-damage|p1a: Ferrothorn|94/100|[from] Stealth Rock
|move|p2a: Scizor|Bullet Punch|p1a: Ferrothorn
|-resisted|p1a: Ferrothorn
|-damage|p1a: Ferrothorn|70/100
|-damage|p2a: Scizor|22/100|[from] ability: Iron Barbs|[of] p1a: Ferrothorn
|-damage|p2a: Scizor|12/100|[from] item: Life Orb
|
|-heal|p1a: Ferrothorn|76/100|[from] item: Leftovers
|upkeep
|turn|7
|
|t:|1734974711
|switch|p1a: Landorus|Landorus-Therian, M|41/100
|-damage|p1a: Landorus|28/100|[from] Stealth Rock
|-ability|p1a: Landorus|Intimidate|boost
|-unboost|p2a: Scizor|atk|1
|move|p2a: Scizor|Superpower|p1a: Landorus
|-resisted|p1a: Landorus
|-damage|p1a: Landorus|5/100
|-unboost|p2a: Scizor|atk|1
|-unboost|p2a: Scizor|def|1
|-damage|p2a: Scizor|2/100|[from] item: Life Orb
|
|-heal|p1a: Landorus|11/100|[from] item: Leftovers
|upkeep
|turn|8
|
|t:|1734974717
|move|p2a: Scizor|Bullet Punch|p1a: Landorus
|-damage|p1a: Landorus|0 fnt
|faint|p1a: Landorus
|-damage|p2a: Scizor|0 fnt|[from] item: Life Orb
|faint|p2a: Scizor
|
|upkeep
|j| CertamenMeum
|
|t:|1734974728
|switch|p1a: Reuniclus|Reuniclus, M|82/100
|switch|p2a: Breloom|Breloom, M|100/100
|turn|9
|
|t:|1734974732
|move|p2a: Breloom|Bullet Seed|p1a: Reuniclus
|-damage|p1a: Reuniclus|60/100
|-damage|p1a: Reuniclus|36/100
|-damage|p1a: Reuniclus|16/100
|-hitcount|p1a: Reuniclus|3
|-damage|p2a: Breloom|91/100|[from] item: Life Orb
|move|p1a: Reuniclus|Psyshock|p2a: Breloom
|-supereffective|p2a: Breloom
|-crit|p2a: Breloom
|-damage|p2a: Breloom|0 fnt
|faint|p2a: Breloom
|
|-heal|p1a: Reuniclus|23/100|[from] item: Leftovers
|upkeep
|
|t:|1734974738
|switch|p2a: Alakazam|Alakazam, F|100/100
|turn|10
|
|t:|1734974749
|move|p2a: Alakazam|Shadow Ball|p1a: Reuniclus
|-supereffective|p1a: Reuniclus
|-damage|p1a: Reuniclus|0 fnt
|faint|p1a: Reuniclus
|
|upkeep
|
|t:|1734974759
|switch|p1a: GayMon|Clefable, M, shiny|100/100
|turn|11
|
|t:|1734974761
|switch|p2a: Starmie|Starmie|100/100
|-item|p2a: Starmie|Air Balloon
|move|p1a: GayMon|Thunder Wave|p2a: Starmie
|-status|p2a: Starmie|par
|
|upkeep
|turn|12
|
|t:|1734974778
|switch|p1a: Ferrothorn|Ferrothorn, M|76/100
|-damage|p1a: Ferrothorn|70/100|[from] Stealth Rock
|cant|p2a: Starmie|par
|
|-heal|p1a: Ferrothorn|76/100|[from] item: Leftovers
|upkeep
|turn|13
|
|t:|1734974784
|move|p2a: Starmie|Ice Beam|p1a: Ferrothorn
|-damage|p1a: Ferrothorn|59/100
|move|p1a: Ferrothorn|Power Whip|p2a: Starmie
|-supereffective|p2a: Starmie
|-damage|p2a: Starmie|0 fnt
|-enditem|p2a: Starmie|Air Balloon
|faint|p2a: Starmie
|
|-heal|p1a: Ferrothorn|65/100|[from] item: Leftovers
|upkeep
|
|t:|1734974788
|switch|p2a: Latios|Latios, M|100/100
|turn|14
|
|t:|1734974796
|move|p2a: Latios|Trick|p1a: Ferrothorn
|-activate|p2a: Latios|move: Trick|[of] p1a: Ferrothorn
|-item|p1a: Ferrothorn|Choice Scarf|[from] move: Trick
|-item|p2a: Latios|Leftovers|[from] move: Trick
|move|p1a: Ferrothorn|Thunder Wave|p2a: Latios
|-status|p2a: Latios|par
|
|upkeep
|turn|15
|
|t:|1734974815
|switch|p1a: Tyranitar|Tyranitar, M|100/100
|-damage|p1a: Tyranitar|88/100|[from] Stealth Rock
|-weather|Sandstorm|[from] ability: Sand Stream|[of] p1a: Tyranitar
|cant|p2a: Latios|par
|
|-weather|Sandstorm|[upkeep]
|-damage|p2a: Latios|95/100 par|[from] Sandstorm
|-heal|p2a: Latios|100/100 par|[from] item: Leftovers
|upkeep
|turn|16
|
|t:|1734974820
|move|p1a: Tyranitar|Crunch|p2a: Latios
|-supereffective|p2a: Latios
|-damage|p2a: Latios|0 fnt
|faint|p2a: Latios
|
|-weather|Sandstorm|[upkeep]
|upkeep
|
|t:|1734974823
|switch|p2a: Alakazam|Alakazam, F|100/100
|turn|17
|
|t:|1734974829
|switch|p1a: Ferrothorn|Ferrothorn, M|65/100
|-damage|p1a: Ferrothorn|59/100|[from] Stealth Rock
|move|p2a: Alakazam|Focus Blast|p1a: Ferrothorn
|-supereffective|p1a: Ferrothorn
|-damage|p1a: Ferrothorn|6/100
|
|-weather|Sandstorm|[upkeep]
|upkeep
|turn|18
|
|t:|1734974832
|move|p2a: Alakazam|Psyshock|p1a: Ferrothorn
|-resisted|p1a: Ferrothorn
|-damage|p1a: Ferrothorn|0 fnt
|faint|p1a: Ferrothorn
|
|-weather|Sandstorm|[upkeep]
|upkeep
|
|t:|1734974838
|switch|p1a: GayMon|Clefable, M, shiny|100/100
|turn|19
|
|t:|1734974840
|move|p2a: Alakazam|Focus Blast|p1a: GayMon
|-supereffective|p1a: GayMon
|-damage|p1a: GayMon|15/100
|move|p1a: GayMon|Thunder Wave|p2a: Alakazam
|-status|p2a: Alakazam|par
|
|-weather|Sandstorm|[upkeep]
|upkeep
|turn|20
|
|t:|1734974844
|move|p1a: GayMon|Flamethrower|p2a: Alakazam
|-damage|p2a: Alakazam|48/100 par
|move|p2a: Alakazam|Psyshock|p1a: GayMon
|-damage|p1a: GayMon|0 fnt
|faint|p1a: GayMon
|
|-weather|Sandstorm|[upkeep]
|upkeep
|
|t:|1734974846
|switch|p1a: Tyranitar|Tyranitar, M|88/100
|-damage|p1a: Tyranitar|76/100|[from] Stealth Rock
|turn|21
|
|t:|1734974848
|move|p1a: Tyranitar|Crunch|p2a: Alakazam
|-supereffective|p2a: Alakazam
|-damage|p2a: Alakazam|0 fnt
|faint|p2a: Alakazam
|
|win|HydreigonSpammer
|raw|HydreigonSpammer's rating: 1401 &rarr; <strong>1421</strong><br />(+20 for winning)
|raw|sattlebimulator's rating: 1397 &rarr; <strong>1377</strong><br />(-20 for losing)
|l|☆sattlebimulator
|player|p2|
