|j|☆SkillfullBeing
|j|☆Croaset
|t:|1729015687
|gametype|singles
|player|p1|SkillfullBeing|nate|1396
|player|p2|Croaset|elesa|1357
|teamsize|p1|6
|teamsize|p2|6
|gen|5
|tier|[Gen 5] OU
|rated|
|rule|Species Clause: Limit one of each Pokémon
|rule|OHKO Clause: OHKO moves are banned
|rule|Moody Clause: Moody is banned
|rule|Evasion Items Clause: Evasion items are banned
|rule|Evasion Moves Clause: Evasion moves are banned
|rule|Endless Battle Clause: Forcing endless battles is banned
|rule|HP Percentage Mod: HP is shown in percentages
|rule|Evasion Abilities Clause: Evasion abilities are banned
|rule|Sleep Moves Clause: Sleep-inducing moves are banned
|rule|Swagger Clause: Swagger is banned
|rule|Baton Pass Stat Clause: No Baton Passer may have a way to boost its stats
|clearpoke
|poke|p1|Tyranitar, F|item
|poke|p1|Excadrill, M|item
|poke|p1|Celebi|item
|poke|p1|Gastrodon, F|item
|poke|p1|Heatran, M|item
|poke|p1|Latios, M|item
|poke|p2|Reuniclus, F|item
|poke|p2|Skarmory, M|item
|poke|p2|Latios, M|item
|poke|p2|Tyranitar, M|item
|poke|p2|Landorus-Therian, M|item
|poke|p2|Latias, F|item
|teampreview
|inactive|Battle timer is ON: inactive players will automatically lose when time's up. (requested by SkillfullBeing)
|
|t:|1729015698
|start
|switch|p1a: Celebi|Celebi|100/100
|switch|p2a: Landorus|Landorus-Therian, M|100/100
|-ability|p2a: Landorus|Intimidate|boost
|-unboost|p1a: Celebi|atk|1
|turn|1
|
|t:|1729015714
|switch|p2a: Skarmory|Skarmory, M|100/100
|move|p1a: Celebi|Stealth Rock|p2a: Skarmory
|-sidestart|p2: Croaset|move: Stealth Rock
|
|upkeep
|turn|2
|
|t:|1729015717
|move|p1a: Celebi|U-turn|p2a: Skarmory
|-resisted|p2a: Skarmory
|-damage|p2a: Skarmory|99/100
|
|t:|1729015718
|switch|p1a: Gastrodon|Gastrodon, F|100/100|[from] U-turn
|move|p2a: Skarmory|Stealth Rock|p1a: Gastrodon
|-sidestart|p1: SkillfullBeing|move: Stealth Rock
|
|-heal|p2a: Skarmory|100/100|[from] item: Leftovers
|upkeep
|turn|3
|
|t:|1729015723
|switch|p2a: Latias|Latias, F|100/100
|-damage|p2a: Latias|88/100|[from] Stealth Rock
|move|p1a: Gastrodon|Scald|p2a: Latias
|-resisted|p2a: Latias
|-crit|p2a: Latias
|-damage|p2a: Latias|70/100
|
|-heal|p2a: Latias|76/100|[from] item: Leftovers
|upkeep
|turn|4
|
|t:|1729015727
|switch|p2a: Reuniclus|Reuniclus, F, shiny|100/100
|move|p1a: Gastrodon|Ice Beam|p2a: Reuniclus
|-damage|p2a: Reuniclus|81/100
|
|-heal|p2a: Reuniclus|87/100|[from] item: Leftovers
|upkeep
|turn|5
|
|t:|1729015736
|switch|p1a: Tyranitar|Tyranitar, F|100/100
|-damage|p1a: Tyranitar|88/100|[from] Stealth Rock
|-weather|Sandstorm|[from] ability: Sand Stream|[of] p1a: Tyranitar
|switch|p2a: Latias|Latias, F|76/100
|-damage|p2a: Latias|64/100|[from] Stealth Rock
|
|-weather|Sandstorm|[upkeep]
|-damage|p2a: Latias|58/100|[from] Sandstorm
|-heal|p2a: Latias|64/100|[from] item: Leftovers
|upkeep
|turn|6
|
|t:|1729015739
|move|p2a: Latias|Thunder Wave|p1a: Tyranitar
|-status|p1a: Tyranitar|par
|move|p1a: Tyranitar|Crunch|p2a: Latias
|-supereffective|p2a: Latias
|-damage|p2a: Latias|0 fnt
|faint|p2a: Latias
|
|-weather|Sandstorm|[upkeep]
|upkeep
|
|t:|1729015744
|switch|p2a: Landorus|Landorus-Therian, M|100/100
|-damage|p2a: Landorus|88/100|[from] Stealth Rock
|-ability|p2a: Landorus|Intimidate|boost
|-unboost|p1a: Tyranitar|atk|1
|turn|7
|
|t:|1729015747
|switch|p1a: Gastrodon|Gastrodon, F|100/100
|-damage|p1a: Gastrodon|94/100|[from] Stealth Rock
|move|p2a: Landorus|Knock Off|p1a: Gastrodon
|-damage|p1a: Gastrodon|90/100
|-activate|p1a: Gastrodon|ability: Sticky Hold
|
|-weather|Sandstorm|[upkeep]
|-heal|p2a: Landorus|94/100|[from] item: Leftovers
|-heal|p1a: Gastrodon|96/100|[from] item: Leftovers
|upkeep
|turn|8
|
|t:|1729015751
|move|p2a: Landorus|U-turn|p1a: Gastrodon
|-damage|p1a: Gastrodon|78/100
|
|t:|1729015754
|switch|p2a: Reuniclus|Reuniclus, F, shiny|87/100|[from] U-turn
|move|p1a: Gastrodon|Scald|p2a: Reuniclus
|-damage|p2a: Reuniclus|61/100
|
|-weather|Sandstorm|[upkeep]
|-heal|p1a: Gastrodon|84/100|[from] item: Leftovers
|-heal|p2a: Reuniclus|67/100|[from] item: Leftovers
|upkeep
|turn|9
|
|t:|1729015757
|switch|p1a: Tyranitar|Tyranitar, F|88/100 par
|-damage|p1a: Tyranitar|76/100 par|[from] Stealth Rock
|move|p2a: Reuniclus|Focus Blast|p1a: Tyranitar
|-supereffective|p1a: Tyranitar
|-enditem|p1a: Tyranitar|Chople Berry|[eat]
|-enditem|p1a: Tyranitar|Chople Berry|[weaken]
|-damage|p1a: Tyranitar|49/100 par
|
|-weather|Sandstorm|[upkeep]
|-heal|p2a: Reuniclus|74/100|[from] item: Leftovers
|upkeep
|turn|10
|
|t:|1729015765
|move|p2a: Reuniclus|Focus Blast|p1a: Tyranitar
|-supereffective|p1a: Tyranitar
|-damage|p1a: Tyranitar|0 fnt
|faint|p1a: Tyranitar
|
|-weather|Sandstorm|[upkeep]
|-heal|p2a: Reuniclus|80/100|[from] item: Leftovers
|upkeep
|
|t:|1729015770
|switch|p1a: Excadrill|Excadrill, M|100/100
|-damage|p1a: Excadrill|98/100|[from] Stealth Rock
|-item|p1a: Excadrill|Air Balloon
|turn|11
|
|t:|1729015774
|switch|p2a: Skarmory|Skarmory, M|100/100
|-damage|p2a: Skarmory|88/100|[from] Stealth Rock
|move|p1a: Excadrill|Swords Dance|p1a: Excadrill
|-boost|p1a: Excadrill|atk|2
|
|-weather|Sandstorm|[upkeep]
|-heal|p2a: Skarmory|94/100|[from] item: Leftovers
|upkeep
|turn|12
|
|t:|1729015778
|move|p1a: Excadrill|Iron Head|p2a: Skarmory
|-resisted|p2a: Skarmory
|-damage|p2a: Skarmory|65/100
|move|p2a: Skarmory|Whirlwind|p1a: Excadrill
|drag|p1a: Latios|Latios, M|100/100
|-damage|p1a: Latios|88/100|[from] Stealth Rock
|
|-weather|Sandstorm|[upkeep]
|-damage|p1a: Latios|82/100|[from] Sandstorm
|-heal|p2a: Skarmory|71/100|[from] item: Leftovers
|upkeep
|turn|13
|
|t:|1729015793
|move|p1a: Latios|Surf|p2a: Skarmory
|-damage|p2a: Skarmory|27/100
|move|p2a: Skarmory|Roost|p2a: Skarmory
|-heal|p2a: Skarmory|77/100
|-singleturn|p2a: Skarmory|move: Roost
|
|-weather|Sandstorm|[upkeep]
|-damage|p1a: Latios|76/100|[from] Sandstorm
|-heal|p2a: Skarmory|83/100|[from] item: Leftovers
|upkeep
|turn|14
|
|t:|1729015797
|switch|p1a: Heatran|Heatran, M|100/100
|-damage|p1a: Heatran|88/100|[from] Stealth Rock
|-item|p1a: Heatran|Air Balloon
|move|p2a: Skarmory|Roost|p2a: Skarmory
|-heal|p2a: Skarmory|100/100
|-singleturn|p2a: Skarmory|move: Roost
|
|-weather|Sandstorm|[upkeep]
|upkeep
|turn|15
|
|t:|1729015804
|switch|p2a: Latios|Latios, M|100/100
|-damage|p2a: Latios|88/100|[from] Stealth Rock
|move|p1a: Heatran|Lava Plume|p2a: Latios
|-resisted|p2a: Latios
|-crit|p2a: Latios
|-damage|p2a: Latios|51/100
|
|-weather|Sandstorm|[upkeep]
|-damage|p2a: Latios|45/100|[from] Sandstorm
|upkeep
|turn|16
|
|t:|1729015809
|move|p1a: Heatran|Protect|p1a: Heatran
|-singleturn|p1a: Heatran|Protect
|move|p2a: Latios|Surf|p1a: Heatran
|-activate|p1a: Heatran|move: Protect
|
|-weather|Sandstorm|[upkeep]
|-damage|p2a: Latios|39/100|[from] Sandstorm
|upkeep
|turn|17
|
|t:|1729015812
|switch|p1a: Gastrodon|Gastrodon, F|84/100
|-damage|p1a: Gastrodon|78/100|[from] Stealth Rock
|move|p2a: Latios|Surf|p1a: Gastrodon
|-damage|p1a: Gastrodon|45/100
|
|-weather|Sandstorm|[upkeep]
|-damage|p2a: Latios|33/100|[from] Sandstorm
|-heal|p1a: Gastrodon|51/100|[from] item: Leftovers
|upkeep
|turn|18
|
|t:|1729015821
|move|p2a: Latios|Draco Meteor|p1a: Gastrodon
|-damage|p1a: Gastrodon|0 fnt
|-unboost|p2a: Latios|spa|2
|faint|p1a: Gastrodon
|
|-weather|Sandstorm|[upkeep]
|-damage|p2a: Latios|27/100|[from] Sandstorm
|upkeep
|
|t:|1729015834
|switch|p1a: Excadrill|Excadrill, M|98/100
|-damage|p1a: Excadrill|95/100|[from] Stealth Rock
|-item|p1a: Excadrill|Air Balloon
|turn|19
|
|t:|1729015840
|move|p2a: Latios|Surf|p1a: Excadrill
|-supereffective|p1a: Excadrill
|-damage|p1a: Excadrill|50/100
|-enditem|p1a: Excadrill|Air Balloon
|move|p1a: Excadrill|Swords Dance|p1a: Excadrill
|-boost|p1a: Excadrill|atk|2
|
|-weather|Sandstorm|[upkeep]
|-damage|p2a: Latios|21/100|[from] Sandstorm
|upkeep
|turn|20
|
|t:|1729015850
|switch|p2a: Landorus|Landorus-Therian, M|94/100
|-damage|p2a: Landorus|82/100|[from] Stealth Rock
|-ability|p2a: Landorus|Intimidate|boost
|-unboost|p1a: Excadrill|atk|1
|move|p1a: Excadrill|Iron Head|p2a: Landorus
|-damage|p2a: Landorus|9/100
|
|-weather|Sandstorm|[upkeep]
|-heal|p2a: Landorus|15/100|[from] item: Leftovers
|upkeep
|turn|21
|j| startedtodayhelp
|
|t:|1729015856
|move|p2a: Landorus|Earthquake|p1a: Excadrill
|-supereffective|p1a: Excadrill
|-damage|p1a: Excadrill|0 fnt
|faint|p1a: Excadrill
|
|-weather|Sandstorm|[upkeep]
|-heal|p2a: Landorus|21/100|[from] item: Leftovers
|upkeep
|
|t:|1729015861
|switch|p1a: Heatran|Heatran, M|88/100
|-damage|p1a: Heatran|76/100|[from] Stealth Rock
|-item|p1a: Heatran|Air Balloon
|turn|22
|
|t:|1729015864
|move|p2a: Landorus|U-turn|p1a: Heatran
|-resisted|p1a: Heatran
|-damage|p1a: Heatran|70/100
|-enditem|p1a: Heatran|Air Balloon
|
|t:|1729015875
|switch|p2a: Skarmory|Skarmory, M|100/100|[from] U-turn
|-damage|p2a: Skarmory|88/100|[from] Stealth Rock
|move|p1a: Heatran|Hidden Power|p2a: Skarmory
|-damage|p2a: Skarmory|62/100
|
|-weather|Sandstorm|[upkeep]
|-heal|p2a: Skarmory|68/100|[from] item: Leftovers
|upkeep
|turn|23
|
|t:|1729015881
|move|p1a: Heatran|Lava Plume|p2a: Skarmory
|-supereffective|p2a: Skarmory
|-damage|p2a: Skarmory|0 fnt
|faint|p2a: Skarmory
|
|-weather|Sandstorm|[upkeep]
|upkeep
|
|t:|1729015883
|switch|p2a: Landorus|Landorus-Therian, M|21/100
|-damage|p2a: Landorus|9/100|[from] Stealth Rock
|-ability|p2a: Landorus|Intimidate|boost
|-unboost|p1a: Heatran|atk|1
|turn|24
|
|t:|1729015890
|move|p1a: Heatran|Protect|p1a: Heatran
|-singleturn|p1a: Heatran|Protect
|move|p2a: Landorus|Earthquake|p1a: Heatran
|-activate|p1a: Heatran|move: Protect
|
|-weather|Sandstorm|[upkeep]
|-heal|p2a: Landorus|15/100|[from] item: Leftovers
|upkeep
|turn|25
|
|t:|1729015893
|switch|p1a: Latios|Latios, M|76/100
|-damage|p1a: Latios|64/100|[from] Stealth Rock
|move|p2a: Landorus|Earthquake|p1a: Latios
|-immune|p1a: Latios|[from] ability: Levitate
|
|-weather|Sandstorm|[upkeep]
|-damage|p1a: Latios|58/100|[from] Sandstorm
|-heal|p2a: Landorus|21/100|[from] item: Leftovers
|upkeep
|turn|26
|
|t:|1729015900
|switch|p2a: Latios|Latios, M|21/100
|-damage|p2a: Latios|9/100|[from] Stealth Rock
|move|p1a: Latios|Surf|p2a: Latios
|-resisted|p2a: Latios
|-damage|p2a: Latios|0 fnt
|faint|p2a: Latios
|
|-weather|Sandstorm|[upkeep]
|-damage|p1a: Latios|52/100|[from] Sandstorm
|upkeep
|
|t:|1729015902
|switch|p2a: Tyranitar|Tyranitar, M|100/100
|-damage|p2a: Tyranitar|88/100|[from] Stealth Rock
|turn|27
|
|t:|1729015904
|move|p1a: Latios|Surf|p2a: Tyranitar
|-supereffective|p2a: Tyranitar
|-damage|p2a: Tyranitar|61/100
|move|p2a: Tyranitar|Pursuit|p1a: Latios
|-supereffective|p1a: Latios
|-damage|p1a: Latios|7/100
|
|-weather|Sandstorm|[upkeep]
|-damage|p1a: Latios|1/100|[from] Sandstorm
|upkeep
|turn|28
|
|t:|1729015910
|move|p1a: Latios|Surf|p2a: Tyranitar
|-supereffective|p2a: Tyranitar
|-damage|p2a: Tyranitar|30/100
|move|p2a: Tyranitar|Pursuit|p1a: Latios
|-supereffective|p1a: Latios
|-damage|p1a: Latios|0 fnt
|faint|p1a: Latios
|
|-weather|Sandstorm|[upkeep]
|upkeep
|
|t:|1729015913
|switch|p1a: Celebi|Celebi|100/100
|-damage|p1a: Celebi|88/100|[from] Stealth Rock
|turn|29
|
|t:|1729015920
|move|p1a: Celebi|Giga Drain|p2a: Tyranitar
|-supereffective|p2a: Tyranitar
|-damage|p2a: Tyranitar|8/100
|-heal|p1a: Celebi|100/100|[from] drain|[of] p2a: Tyranitar
|move|p2a: Tyranitar|Crunch|p1a: Celebi
|-supereffective|p1a: Celebi
|-damage|p1a: Celebi|35/100
|
|-weather|Sandstorm|[upkeep]
|-damage|p1a: Celebi|29/100|[from] Sandstorm
|-heal|p1a: Celebi|35/100|[from] item: Leftovers
|upkeep
|turn|30
|
|t:|1729015924
|move|p1a: Celebi|Giga Drain|p2a: Tyranitar
|-supereffective|p2a: Tyranitar
|-crit|p2a: Tyranitar
|-damage|p2a: Tyranitar|0 fnt
|-heal|p1a: Celebi|39/100|[from] drain|[of] p2a: Tyranitar
|faint|p2a: Tyranitar
|
|-weather|Sandstorm|[upkeep]
|-damage|p1a: Celebi|33/100|[from] Sandstorm
|-heal|p1a: Celebi|39/100|[from] item: Leftovers
|upkeep
|
|t:|1729015928
|switch|p2a: Reuniclus|Reuniclus, F, shiny|80/100
|turn|31
|
|t:|1729015930
|move|p1a: Celebi|U-turn|p2a: Reuniclus
|-supereffective|p2a: Reuniclus
|-damage|p2a: Reuniclus|59/100
|
|t:|1729015932
|switch|p1a: Heatran|Heatran, M|70/100|[from] U-turn
|-damage|p1a: Heatran|58/100|[from] Stealth Rock
|move|p2a: Reuniclus|Calm Mind|p2a: Reuniclus
|-boost|p2a: Reuniclus|spa|1
|-boost|p2a: Reuniclus|spd|1
|
|-weather|Sandstorm|[upkeep]
|-heal|p2a: Reuniclus|66/100|[from] item: Leftovers
|upkeep
|turn|32
|
|t:|1729015935
|move|p1a: Heatran|Lava Plume|p2a: Reuniclus
|-damage|p2a: Reuniclus|43/100
|-status|p2a: Reuniclus|brn
|move|p2a: Reuniclus|Recover|p2a: Reuniclus
|-heal|p2a: Reuniclus|93/100 brn
|
|-weather|Sandstorm|[upkeep]
|-heal|p2a: Reuniclus|99/100 brn|[from] item: Leftovers
|upkeep
|turn|33
|
|t:|1729015937
|move|p1a: Heatran|Lava Plume|p2a: Reuniclus
|-damage|p2a: Reuniclus|79/100 brn
|move|p2a: Reuniclus|Calm Mind|p2a: Reuniclus
|-boost|p2a: Reuniclus|spa|1
|-boost|p2a: Reuniclus|spd|1
|
|-weather|Sandstorm|[upkeep]
|-heal|p2a: Reuniclus|85/100 brn|[from] item: Leftovers
|upkeep
|turn|34
|
|t:|1729015941
|move|p1a: Heatran|Lava Plume|p2a: Reuniclus
|-damage|p2a: Reuniclus|69/100 brn
|move|p2a: Reuniclus|Calm Mind|p2a: Reuniclus
|-boost|p2a: Reuniclus|spa|1
|-boost|p2a: Reuniclus|spd|1
|
|-weather|Sandstorm|[upkeep]
|-heal|p2a: Reuniclus|75/100 brn|[from] item: Leftovers
|upkeep
|turn|35
|
|t:|1729015943
|move|p1a: Heatran|Lava Plume|p2a: Reuniclus
|-damage|p2a: Reuniclus|61/100 brn
|move|p2a: Reuniclus|Recover|p2a: Reuniclus
|-heal|p2a: Reuniclus|100/100 brn
|
|-weather|Sandstorm|[upkeep]
|upkeep
|turn|36
|
|t:|1729015945
|move|p1a: Heatran|Lava Plume|p2a: Reuniclus
|-damage|p2a: Reuniclus|88/100 brn
|move|p2a: Reuniclus|Calm Mind|p2a: Reuniclus
|-boost|p2a: Reuniclus|spa|1
|-boost|p2a: Reuniclus|spd|1
|
|-weather|Sandstorm|[upkeep]
|-heal|p2a: Reuniclus|94/100 brn|[from] item: Leftovers
|upkeep
|turn|37
|-message|SkillfullBeing forfeited.
|
|win|Croaset
|raw|SkillfullBeing's rating: 1396 &rarr; <strong>1374</strong><br />(-22 for losing)
|raw|Croaset's rating: 1357 &rarr; <strong>1379</strong><br />(+22 for winning)
