|j|☆Wilder Mind
|j|☆TimidKiwi
|player|p1|Wilder Mind|266
|player|p2|TimidKiwi|197
|teamsize|p1|6
|teamsize|p2|6
|gametype|singles
|gen|5
|tier|[Gen 5] OU
|rated|
|rule|Sleep Clause Mod: Limit one foe put to sleep
|rule|Species Clause: Limit one of each Pokémon
|rule|OHKO Clause: OHKO moves are banned
|rule|Moody Clause: Moody is banned
|rule|Evasion Moves Clause: Evasion moves are banned
|rule|Endless Battle Clause: Forcing endless battles is banned
|rule|HP Percentage Mod: HP is shown in percentages
|rule|Evasion Abilities Clause: Evasion abilities are banned
|rule|Baton Pass Clause: Limit one Baton Passer, can't pass Spe and other stats simultaneously
|rule|Swagger Clause: Swagger is banned
|clearpoke
|poke|p1|Tyranitar, F|item
|poke|p1|Rotom-Wash|item
|poke|p1|Landorus-Therian, M|item
|poke|p1|Keldeo|item
|poke|p1|Latios, M|item
|poke|p1|Scizor, F|item
|poke|p2|Politoed, M|item
|poke|p2|Ferrothorn, F|item
|poke|p2|Kyurem-Black|item
|poke|p2|Keldeo-Resolute|item
|poke|p2|Breloom, M|item
|poke|p2|Jirachi|item
|teampreview
|inactive|Battle timer is ON: inactive players will automatically lose when time's up. (requested by TimidKiwi)
|inactive|Wilder Mind has 135 seconds left.
|
|start
|switch|p1a: Landorus|Landorus-Therian, M|100/100
|switch|p2a: Ferrothorn|Ferrothorn, F|100/100
|-ability|p1a: Landorus|Intimidate|boost
|-unboost|p2a: Ferrothorn|atk|1
|turn|1
|inactive|Wilder Mind has 135 seconds left.
|
|move|p1a: Landorus|Swords Dance|p1a: Landorus
|-boost|p1a: Landorus|atk|2
|move|p2a: Ferrothorn|Stealth Rock|p1a: Landorus
|-sidestart|p1: Wilder Mind|move: Stealth Rock
|
|upkeep
|turn|2
|inactive|TimidKiwi has 135 seconds left.
|
|switch|p2a: Politoed|Politoed, M, shiny|100/100
|-weather|RainDance|[from] ability: Drizzle|[of] p2a: Politoed
|move|p1a: Landorus|Superpower|p2a: Politoed
|-enditem|p1a: Landorus|Fighting Gem|[from] gem|[move] Superpower
|-damage|p2a: Politoed|0 fnt
|-unboost|p1a: Landorus|atk|1
|-unboost|p1a: Landorus|def|1
|faint|p2a: Politoed
|
|-weather|RainDance|[upkeep]
|upkeep
|
|switch|p2a: Keldeo|Keldeo-Resolute|100/100
|turn|3
|
|switch|p1a: Rotom|Rotom-Wash|100/100
|-damage|p1a: Rotom|88/100|[from] Stealth Rock
|move|p2a: Keldeo|Surf|p1a: Rotom
|-resisted|p1a: Rotom
|-damage|p1a: Rotom|61/100
|
|-weather|RainDance|[upkeep]
|-heal|p1a: Rotom|67/100|[from] item: Leftovers
|upkeep
|turn|4
|inactive|TimidKiwi has 135 seconds left.
|
|move|p2a: Keldeo|Surf|p1a: Rotom
|-resisted|p1a: Rotom
|-damage|p1a: Rotom|39/100
|move|p1a: Rotom|Volt Switch|p2a: Keldeo
|-supereffective|p2a: Keldeo
|-damage|p2a: Keldeo|39/100
|
|switch|p1a: Tyranitar|Tyranitar, F|100/100
|-damage|p1a: Tyranitar|88/100|[from] Stealth Rock
|-weather|Sandstorm|[from] ability: Sand Stream|[of] p1a: Tyranitar
|
|-weather|Sandstorm|[upkeep]
|-damage|p2a: Keldeo|33/100|[from] Sandstorm
|upkeep
|turn|5
|
|-activate|p2a: Keldeo|move: Pursuit
|move|p1a: Tyranitar|Pursuit|p2a: Keldeo|[from]Pursuit
|-resisted|p2a: Keldeo
|-damage|p2a: Keldeo|8/100
|-ability|p2a: Keldeo|Justified|boost
|-boost|p2a: Keldeo|atk|1
|switch|p2a: Ferrothorn|Ferrothorn, F|100/100
|
|-weather|Sandstorm|[upkeep]
|upkeep
|turn|6
|
|move|p1a: Tyranitar|Stealth Rock|p2a: Ferrothorn
|-sidestart|p2: TimidKiwi|move: Stealth Rock
|move|p2a: Ferrothorn|Leech Seed|p1a: Tyranitar|[miss]
|-miss|p2a: Ferrothorn|p1a: Tyranitar
|
|-weather|Sandstorm|[upkeep]
|upkeep
|turn|7
|
|move|p1a: Tyranitar|Superpower|p2a: Ferrothorn
|-supereffective|p2a: Ferrothorn
|-crit|p2a: Ferrothorn
|-damage|p2a: Ferrothorn|0 fnt
|-damage|p1a: Tyranitar|76/100|[from] ability: Iron Barbs|[of] p2a: Ferrothorn
|-damage|p1a: Tyranitar|59/100|[from] item: Rocky Helmet|[of] p2a: Ferrothorn
|-unboost|p1a: Tyranitar|atk|1
|-unboost|p1a: Tyranitar|def|1
|faint|p2a: Ferrothorn
|
|-weather|Sandstorm|[upkeep]
|upkeep
|c|☆TimidKiwi|jeez
|
|switch|p2a: Breloom|Breloom, M|100/100
|-damage|p2a: Breloom|94/100|[from] Stealth Rock
|turn|8
|
|move|p2a: Breloom|Low Sweep|p1a: Tyranitar
|-supereffective|p1a: Tyranitar
|-damage|p1a: Tyranitar|0 fnt
|-damage|p2a: Breloom|84/100|[from] item: Life Orb
|faint|p1a: Tyranitar
|
|-weather|Sandstorm|[upkeep]
|-damage|p2a: Breloom|78/100|[from] Sandstorm
|upkeep
|
|switch|p1a: Landorus|Landorus-Therian, M|100/100
|-damage|p1a: Landorus|88/100|[from] Stealth Rock
|-ability|p1a: Landorus|Intimidate|boost
|-unboost|p2a: Breloom|atk|1
|turn|9
|
|move|p1a: Landorus|Hidden Power|p2a: Breloom
|-supereffective|p2a: Breloom
|-damage|p2a: Breloom|10/100
|move|p2a: Breloom|Spore|p1a: Landorus
|-status|p1a: Landorus|slp
|
|-weather|Sandstorm|[upkeep]
|-damage|p2a: Breloom|4/100|[from] Sandstorm
|upkeep
|turn|10
|
|cant|p1a: Landorus|slp
|move|p2a: Breloom|Bullet Seed|p1a: Landorus
|-damage|p1a: Landorus|67/100 slp
|-damage|p1a: Landorus|48/100 slp
|-damage|p1a: Landorus|26/100 slp
|-hitcount|p1a: Landorus|3
|-damage|p2a: Breloom|0 fnt|[from] item: Life Orb
|faint|p2a: Breloom
|
|-weather|Sandstorm|[upkeep]
|upkeep
|
|switch|p2a: Kyurem|Kyurem-Black|100/100
|-damage|p2a: Kyurem|75/100|[from] Stealth Rock
|-ability|p2a: Kyurem|Teravolt
|turn|11
|
|-curestatus|p1a: Landorus|slp|[msg]
|move|p1a: Landorus|Earthquake|p2a: Kyurem
|-damage|p2a: Kyurem|27/100
|move|p2a: Kyurem|Substitute|p2a: Kyurem
|-start|p2a: Kyurem|Substitute
|-damage|p2a: Kyurem|2/100
|
|-weather|Sandstorm|[upkeep]
|-damage|p2a: Kyurem|0 fnt|[from] Sandstorm
|upkeep
|faint|p2a: Kyurem
|
|switch|p2a: Keldeo|Keldeo-Resolute|8/100
|-damage|p2a: Keldeo|2/100|[from] Stealth Rock
|turn|12
|
|switch|p1a: Rotom|Rotom-Wash|39/100
|-damage|p1a: Rotom|26/100|[from] Stealth Rock
|move|p2a: Keldeo|Surf|p1a: Rotom
|-resisted|p1a: Rotom
|-damage|p1a: Rotom|6/100
|
|-weather|Sandstorm|[upkeep]
|-damage|p2a: Keldeo|0 fnt|[from] Sandstorm
|-damage|p1a: Rotom|0 fnt|[from] Sandstorm
|upkeep
|faint|p2a: Keldeo
|faint|p1a: Rotom
|
|switch|p2a: Jirachi|Jirachi|100/100
|switch|p1a: Landorus|Landorus-Therian, M|26/100
|-damage|p1a: Landorus|14/100|[from] Stealth Rock
|-ability|p1a: Landorus|Intimidate|boost
|-unboost|p2a: Jirachi|atk|1
|-damage|p2a: Jirachi|94/100|[from] Stealth Rock
|turn|13
|
|move|p1a: Landorus|Earthquake|p2a: Jirachi
|-supereffective|p2a: Jirachi
|-damage|p2a: Jirachi|27/100
|move|p2a: Jirachi|Psychic|p1a: Landorus
|-damage|p1a: Landorus|0 fnt
|faint|p1a: Landorus
|
|-weather|Sandstorm|[upkeep]
|-heal|p2a: Jirachi|33/100|[from] item: Leftovers
|upkeep
|
|switch|p1a: Keldeo|Keldeo|100/100
|-damage|p1a: Keldeo|94/100|[from] Stealth Rock
|turn|14
|
|move|p1a: Keldeo|Surf|p2a: Jirachi
|-damage|p2a: Jirachi|0 fnt
|faint|p2a: Jirachi
|
|win|Wilder Mind
|raw|Wilder Mind's rating: 1419 &rarr; <strong>1443</strong><br />(+24 for winning)
|raw|TimidKiwi's rating: 1503 &rarr; <strong>1479</strong><br />(-24 for losing)
|l|☆TimidKiwi
