|j|☆amaniania
|j|☆Chimp34
|player|p1|amaniania|76
|player|p2|Chimp34|226
|teamsize|p1|6
|teamsize|p2|6
|gametype|singles
|gen|5
|tier|[Gen 5] OU
|rated|
|rule|Sleep Clause Mod: Limit one foe put to sleep
|rule|Species Clause: Limit one of each Pokémon
|rule|OHKO Clause: OHKO moves are banned
|rule|Moody Clause: Moody is banned
|rule|Evasion Moves Clause: Evasion moves are banned
|rule|Endless Battle Clause: Forcing endless battles is banned
|rule|HP Percentage Mod: HP is shown in percentages
|rule|Evasion Abilities Clause: Evasion abilities are banned
|rule|Baton Pass Clause: Limit one Baton Passer, can't pass Spe and other stats simultaneously
|rule|Swagger Clause: Swagger is banned
|clearpoke
|poke|p1|Politoed, F|item
|poke|p1|Quagsire, M|item
|poke|p1|Dragonite, M|item
|poke|p1|Chansey, F|item
|poke|p1|Tentacruel, M|item
|poke|p1|Ferrothorn, F|item
|poke|p2|Landorus-Therian, M|item
|poke|p2|Terrakion|item
|poke|p2|Latios, M|item
|poke|p2|Alakazam, F|item
|poke|p2|Tyranitar, M|item
|poke|p2|Rotom-Wash|item
|teampreview
|
|start
|switch|p1a: On Yo Parade|Politoed, F|100/100
|switch|p2a: Rotom|Rotom-Wash|100/100
|-weather|RainDance|[from] ability: Drizzle|[of] p1a: On Yo Parade
|turn|1
|
|move|p1a: On Yo Parade|Protect|p1a: On Yo Parade
|-singleturn|p1a: On Yo Parade|Protect
|move|p2a: Rotom|Hydro Pump|p1a: On Yo Parade
|-activate|p1a: On Yo Parade|move: Protect
|
|-weather|RainDance|[upkeep]
|upkeep
|turn|2
|
|switch|p1a: No Fire Moves|Ferrothorn, F|100/100
|move|p2a: Rotom|Volt Switch|p1a: No Fire Moves
|-resisted|p1a: No Fire Moves
|-damage|p1a: No Fire Moves|85/100
|-damage|p2a: Rotom|91/100|[from] item: Life Orb
|
|switch|p2a: Terrakion|Terrakion|100/100
|
|-weather|RainDance|[upkeep]
|upkeep
|turn|3
|
|switch|p1a: AHAHAHAHAHA|Dragonite, M|100/100
|move|p2a: Terrakion|Substitute|p2a: Terrakion
|-start|p2a: Terrakion|Substitute
|-damage|p2a: Terrakion|76/100
|
|-weather|RainDance|[upkeep]
|upkeep
|turn|4
|
|move|p2a: Terrakion|Stone Edge|p1a: AHAHAHAHAHA
|-supereffective|p1a: AHAHAHAHAHA
|-damage|p1a: AHAHAHAHAHA|33/100
|-damage|p2a: Terrakion|66/100|[from] item: Life Orb
|move|p1a: AHAHAHAHAHA|Hurricane|p2a: Terrakion
|-end|p2a: Terrakion|Substitute
|
|-weather|RainDance|[upkeep]
|-heal|p1a: AHAHAHAHAHA|39/100|[from] item: Leftovers
|upkeep
|turn|5
|
|switch|p1a: Woof|Quagsire, M|100/100
|move|p2a: Terrakion|Close Combat|p1a: Woof
|-damage|p1a: Woof|46/100
|-unboost|p2a: Terrakion|def|1
|-unboost|p2a: Terrakion|spd|1
|-damage|p2a: Terrakion|56/100|[from] item: Life Orb
|
|-weather|RainDance|[upkeep]
|-heal|p1a: Woof|52/100|[from] item: Leftovers
|upkeep
|turn|6
|
|move|p2a: Terrakion|Close Combat|p1a: Woof
|-damage|p1a: Woof|0 fnt
|-unboost|p2a: Terrakion|def|1
|-unboost|p2a: Terrakion|spd|1
|-damage|p2a: Terrakion|46/100|[from] item: Life Orb
|faint|p1a: Woof
|
|-weather|RainDance|[upkeep]
|upkeep
|
|switch|p1a: Tastes Great|Tentacruel, M|100/100
|turn|7
|
|switch|p2a: Rotom|Rotom-Wash|91/100
|move|p1a: Tastes Great|Toxic Spikes|p2a: Rotom
|-sidestart|p2: Chimp34|move: Toxic Spikes
|
|-weather|RainDance|[upkeep]
|upkeep
|turn|8
|
|switch|p1a: No Fire Moves|Ferrothorn, F|85/100
|move|p2a: Rotom|Hydro Pump|p1a: No Fire Moves
|-resisted|p1a: No Fire Moves
|-damage|p1a: No Fire Moves|45/100
|-damage|p2a: Rotom|81/100|[from] item: Life Orb
|
|-weather|RainDance|[upkeep]
|upkeep
|turn|9
|
|move|p2a: Rotom|Volt Switch|p1a: No Fire Moves
|-resisted|p1a: No Fire Moves
|-damage|p1a: No Fire Moves|29/100
|-damage|p2a: Rotom|71/100|[from] item: Life Orb
|
|switch|p2a: Latios|Latios, M|100/100
|move|p1a: No Fire Moves|Stealth Rock|p2a: Latios
|-sidestart|p2: Chimp34|move: Stealth Rock
|
|-weather|RainDance|[upkeep]
|upkeep
|turn|10
|
|move|p2a: Latios|Hidden Power|p1a: No Fire Moves
|-supereffective|p1a: No Fire Moves
|-damage|p1a: No Fire Moves|0 fnt
|-damage|p2a: Latios|91/100|[from] item: Life Orb
|faint|p1a: No Fire Moves
|
|-weather|RainDance|[upkeep]
|upkeep
|
|switch|p1a: Its her|Chansey, F|100/100
|turn|11
|inactive|Battle timer is ON: inactive players will automatically lose when time's up. (requested by amaniania)
|
|move|p2a: Latios|Psyshock|p1a: Its her
|-damage|p1a: Its her|68/100
|-damage|p2a: Latios|81/100|[from] item: Life Orb
|move|p1a: Its her|Toxic|p2a: Latios
|-status|p2a: Latios|tox
|
|-weather|RainDance|[upkeep]
|-damage|p2a: Latios|75/100 tox|[from] psn
|upkeep
|turn|12
|
|switch|p2a: Terrakion|Terrakion|46/100
|-damage|p2a: Terrakion|40/100|[from] Stealth Rock
|-status|p2a: Terrakion|psn
|move|p1a: Its her|Wish|p1a: Its her
|
|-weather|RainDance|[upkeep]
|-damage|p2a: Terrakion|27/100 psn|[from] psn
|upkeep
|turn|13
|
|switch|p1a: Tastes Great|Tentacruel, M|100/100
|move|p2a: Terrakion|Swords Dance|p2a: Terrakion
|-boost|p2a: Terrakion|atk|2
|
|-weather|RainDance|[upkeep]
|-damage|p2a: Terrakion|15/100 psn|[from] psn
|upkeep
|turn|14
|
|move|p1a: Tastes Great|Protect|p1a: Tastes Great
|-singleturn|p1a: Tastes Great|Protect
|move|p2a: Terrakion|Stone Edge|p1a: Tastes Great
|-activate|p1a: Tastes Great|move: Protect
|
|-weather|RainDance|[upkeep]
|-damage|p2a: Terrakion|3/100 psn|[from] psn
|upkeep
|turn|15
|
|switch|p1a: AHAHAHAHAHA|Dragonite, M|39/100
|move|p2a: Terrakion|Stone Edge|p1a: AHAHAHAHAHA
|-supereffective|p1a: AHAHAHAHAHA
|-damage|p1a: AHAHAHAHAHA|0 fnt
|-damage|p2a: Terrakion|0 fnt|[from] item: Life Orb
|faint|p1a: AHAHAHAHAHA
|faint|p2a: Terrakion
|
|-weather|RainDance|[upkeep]
|upkeep
|
|switch|p2a: Tyranitar|Tyranitar, M|100/100
|switch|p1a: Tastes Great|Tentacruel, M|100/100
|-status|p2a: Tyranitar|psn
|-damage|p2a: Tyranitar|88/100 psn|[from] Stealth Rock
|-weather|Sandstorm|[from] ability: Sand Stream|[of] p2a: Tyranitar
|turn|16
|
|move|p1a: Tastes Great|Scald|p2a: Tyranitar
|-supereffective|p2a: Tyranitar
|-damage|p2a: Tyranitar|67/100 psn
|move|p2a: Tyranitar|Stealth Rock|p1a: Tastes Great
|-sidestart|p1: amaniania|move: Stealth Rock
|
|-weather|Sandstorm|[upkeep]
|-damage|p1a: Tastes Great|94/100|[from] Sandstorm
|-heal|p1a: Tastes Great|100/100|[from] item: Black Sludge
|-heal|p2a: Tyranitar|73/100 psn|[from] item: Leftovers
|-damage|p2a: Tyranitar|61/100 psn|[from] psn
|upkeep
|turn|17
|
|switch|p2a: Rotom|Rotom-Wash|71/100
|-damage|p2a: Rotom|58/100|[from] Stealth Rock
|move|p1a: Tastes Great|Rapid Spin|p2a: Rotom
|-damage|p2a: Rotom|53/100
|-sideend|p1: amaniania|Stealth Rock|[from] move: Rapid Spin|[of] p1a: Tastes Great
|
|-weather|Sandstorm|[upkeep]
|-damage|p2a: Rotom|47/100|[from] Sandstorm
|-damage|p1a: Tastes Great|94/100|[from] Sandstorm
|-heal|p1a: Tastes Great|100/100|[from] item: Black Sludge
|upkeep
|turn|18
|
|move|p1a: Tastes Great|Protect|p1a: Tastes Great
|-singleturn|p1a: Tastes Great|Protect
|move|p2a: Rotom|Pain Split|p1a: Tastes Great
|-activate|p1a: Tastes Great|move: Protect
|
|-weather|Sandstorm|[upkeep]
|-damage|p2a: Rotom|41/100|[from] Sandstorm
|-damage|p1a: Tastes Great|94/100|[from] Sandstorm
|-heal|p1a: Tastes Great|100/100|[from] item: Black Sludge
|upkeep
|turn|19
|
|switch|p1a: Its her|Chansey, F|68/100
|move|p2a: Rotom|Volt Switch|p1a: Its her
|-damage|p1a: Its her|53/100
|-damage|p2a: Rotom|31/100|[from] item: Life Orb
|inactive|Chimp34 has 135 seconds left.
|
|switch|p2a: Landorus|Landorus-Therian, M|100/100
|-damage|p2a: Landorus|88/100|[from] Stealth Rock
|-ability|p2a: Landorus|Intimidate|boost
|-unboost|p1a: Its her|atk|1
|
|-weather|Sandstorm|[upkeep]
|-damage|p1a: Its her|47/100|[from] Sandstorm
|upkeep
|turn|20
|
|move|p2a: Landorus|Earthquake|p1a: Its her
|-damage|p1a: Its her|12/100
|move|p1a: Its her|Soft-Boiled|p1a: Its her
|-heal|p1a: Its her|62/100
|
|-weather|Sandstorm|[upkeep]
|-damage|p1a: Its her|56/100|[from] Sandstorm
|upkeep
|turn|21
|
|move|p2a: Landorus|Earthquake|p1a: Its her
|-damage|p1a: Its her|20/100
|move|p1a: Its her|Soft-Boiled|p1a: Its her
|-heal|p1a: Its her|71/100
|
|-weather|Sandstorm|[upkeep]
|-damage|p1a: Its her|64/100|[from] Sandstorm
|upkeep
|turn|22
|
|switch|p2a: Alakazam|Alakazam, F|100/100
|-status|p2a: Alakazam|psn
|move|p1a: Its her|Soft-Boiled|p1a: Its her
|-heal|p1a: Its her|100/100
|
|-weather|Sandstorm|[upkeep]
|-damage|p1a: Its her|94/100|[from] Sandstorm
|upkeep
|turn|23
|
|move|p2a: Alakazam|Encore|p1a: Its her
|-start|p1a: Its her|Encore
|move|p1a: Its her|Soft-Boiled|p1a: Its her
|-heal|p1a: Its her|100/100
|
|-weather|Sandstorm|[upkeep]
|-damage|p1a: Its her|94/100|[from] Sandstorm
|upkeep
|turn|24
|
|switch|p1a: On Yo Parade|Politoed, F|100/100
|-weather|RainDance|[from] ability: Drizzle|[of] p1a: On Yo Parade
|move|p2a: Alakazam|Psychic|p1a: On Yo Parade
|-crit|p1a: On Yo Parade
|-damage|p1a: On Yo Parade|19/100
|
|-weather|RainDance|[upkeep]
|-heal|p1a: On Yo Parade|25/100|[from] item: Leftovers
|upkeep
|turn|25
|j| doudrasand
|inactive|amaniania has 135 seconds left.
|-message|amaniania forfeited.
|
|win|Chimp34
|l|☆amaniania
|raw|amaniania's rating: 1308 &rarr; <strong>1292</strong><br />(-16 for losing)
|raw|Chimp34's rating: 1371 &rarr; <strong>1388</strong><br />(+17 for winning)
