|j|☆Amado Boudou
|j|☆Ditto The Hoe
|player|p1|Amado Boudou|scientist-gen4|1269
|player|p2|Ditto The Hoe|101|1343
|teamsize|p1|6
|teamsize|p2|6
|gametype|singles
|gen|5
|tier|[Gen 5] OU
|rated|
|rule|Species Clause: Limit one of each Pokémon
|rule|OHKO Clause: OHKO moves are banned
|rule|Moody Clause: Moody is banned
|rule|Evasion Moves Clause: Evasion moves are banned
|rule|Endless Battle Clause: Forcing endless battles is banned
|rule|HP Percentage Mod: HP is shown in percentages
|rule|Evasion Abilities Clause: Evasion abilities are banned
|rule|Baton Pass Clause: Limit one Baton Passer, can't pass Spe and other stats simultaneously
|rule|Sleep Clause: Sleep-inducing moves are banned
|rule|Swagger Clause: Swagger is banned
|clearpoke
|poke|p1|Volcarona, F|item
|poke|p1|Latios, M|item
|poke|p1|Thundurus-Therian, M|item
|poke|p1|Metagross|item
|poke|p1|Tentacruel, M|item
|poke|p1|Landorus-Therian, M|item
|poke|p2|Azelf|item
|poke|p2|Garchomp, M|item
|poke|p2|Breloom, F|item
|poke|p2|Scizor, F|item
|poke|p2|Dragonite, M|item
|poke|p2|Salamence, M|item
|teampreview
|c|☆Ditto The Hoe|glhf
|
|start
|switch|p1a: Diego|Landorus-Therian, M|100/100
|switch|p2a: Azelf|Azelf|100/100
|-ability|p1a: Diego|Intimidate|boost
|-unboost|p2a: Azelf|atk|1
|turn|1
|inactive|Battle timer is ON: inactive players will automatically lose when time's up. (requested by Ditto The Hoe)
|
|move|p2a: Azelf|Stealth Rock|p1a: Diego
|-sidestart|p1: Amado Boudou|move: Stealth Rock
|move|p1a: Diego|U-turn|p2a: Azelf
|-supereffective|p2a: Azelf
|-damage|p2a: Azelf|27/100
|
|switch|p1a: Thor|Thundurus-Therian, M|100/100|[from]move: U-turn
|-damage|p1a: Thor|76/100|[from] Stealth Rock
|
|upkeep
|turn|2
|
|switch|p2a: Garchomp|Garchomp, M|100/100
|move|p1a: Thor|Volt Switch|p2a: Garchomp
|-immune|p2a: Garchomp
|
|upkeep
|turn|3
|
|switch|p1a: Diego|Landorus-Therian, M|100/100
|-damage|p1a: Diego|88/100|[from] Stealth Rock
|-ability|p1a: Diego|Intimidate|boost
|-unboost|p2a: Garchomp|atk|1
|move|p2a: Garchomp|Substitute|p2a: Garchomp
|-start|p2a: Garchomp|Substitute
|-damage|p2a: Garchomp|76/100
|
|upkeep
|turn|4
|
|move|p1a: Diego|Earthquake|p2a: Garchomp
|-end|p2a: Garchomp|Substitute
|move|p2a: Garchomp|Outrage|p1a: Diego
|-enditem|p2a: Garchomp|Dragon Gem|[from] gem|[move] Outrage
|-damage|p1a: Diego|21/100
|-damage|p2a: Garchomp|59/100|[from] item: Rocky Helmet|[of] p1a: Diego
|
|upkeep
|turn|5
|
|switch|p1a: X-Men|Metagross, shiny|100/100
|-damage|p1a: X-Men|94/100|[from] Stealth Rock
|move|p2a: Garchomp|Outrage|p1a: X-Men|[from]lockedmove
|-resisted|p1a: X-Men
|-damage|p1a: X-Men|76/100
|
|-heal|p1a: X-Men|82/100|[from] item: Leftovers
|upkeep
|turn|6
|j| FSD19329
|
|move|p2a: Garchomp|Outrage|p1a: X-Men|[from]lockedmove
|-resisted|p1a: X-Men
|-damage|p1a: X-Men|66/100
|-start|p2a: Garchomp|confusion|[fatigue]
|move|p1a: X-Men|Ice Punch|p2a: Garchomp
|-supereffective|p2a: Garchomp
|-damage|p2a: Garchomp|0 fnt
|-damage|p1a: X-Men|53/100|[from] ability: Rough Skin|[of] p2a: Garchomp
|faint|p2a: Garchomp
|
|-heal|p1a: X-Men|59/100|[from] item: Leftovers
|upkeep
|
|switch|p2a: Salamence|Salamence, M|100/100
|turn|7
|
|switch|p1a: Diego|Landorus-Therian, M|21/100
|-damage|p1a: Diego|8/100|[from] Stealth Rock
|-ability|p1a: Diego|Intimidate|boost
|-unboost|p2a: Salamence|atk|1
|move|p2a: Salamence|Fire Blast|p1a: Diego|[miss]
|-miss|p2a: Salamence|p1a: Diego
|
|upkeep
|turn|8
|c|☆Ditto The Hoe|!dt Metagross
|raw|<div class="message"><ul class="utilichart"><li class="result"><span class="col numcol">OU</span> <span class="col iconcol"><psicon pokemon="metagross"/></span> <span class="col pokemonnamecol" style="white-space:nowrap"><a href="https://dex.pokemonshowdown.com/pokemon/metagross" target="_blank">Metagross</a></span> <span class="col typecol"><img src="https://play.pokemonshowdown.com/sprites/types/Steel.png" alt="Steel" height="14" width="32"><img src="https://play.pokemonshowdown.com/sprites/types/Psychic.png" alt="Psychic" height="14" width="32"></span> <span style="float:left;min-height:26px"><span class="col abilitycol">Clear Body</span><span class="col abilitycol"><em>Light Metal</em></span></span><span style="float:left;min-height:26px"><span class="col statcol"><em>HP</em><br />80</span> <span class="col statcol"><em>Atk</em><br />135</span> <span class="col statcol"><em>Def</em><br />130</span> <span class="col statcol"><em>SpA</em><br />95</span> <span class="col statcol"><em>SpD</em><br />90</span> <span class="col statcol"><em>Spe</em><br />70</span> <span class="col bstcol"><em>BST<br />600</em></span> </span></li><li style="clear:both"></li></ul></div>
|raw|<font size="1"><font color="#686868">Dex#:</font> 376&nbsp;|&ThickSpace;<font color="#686868">Gen:</font> 3&nbsp;|&ThickSpace;<font color="#686868">Height:</font> 1.6 m&nbsp;|&ThickSpace;<font color="#686868">Weight:</font> 550 kg <em>(120 BP)</em>&nbsp;|&ThickSpace;<font color="#686868">Dex Colour:</font> Blue&nbsp;|&ThickSpace;<font color="#686868">Egg Group(s):</font> Mineral&nbsp;|&ThickSpace;<font color="#686868">Does Not Evolve</font></font>

|c|☆Ditto The Hoe|hmmm
|
|switch|p1a: Cruella De Vil|Tentacruel, M|100/100
|-damage|p1a: Cruella De Vil|88/100|[from] Stealth Rock
|move|p2a: Salamence|Fire Blast|p1a: Cruella De Vil
|-resisted|p1a: Cruella De Vil
|-damage|p1a: Cruella De Vil|80/100
|
|-heal|p1a: Cruella De Vil|86/100|[from] item: Leftovers
|upkeep
|turn|9
|
|switch|p2a: Scizor|Scizor, F|100/100
|move|p1a: Cruella De Vil|Rapid Spin|p2a: Scizor
|-resisted|p2a: Scizor
|-crit|p2a: Scizor
|-damage|p2a: Scizor|97/100
|-sideend|p1: Amado Boudou|Stealth Rock|[from] move: Rapid Spin|[of] p1a: Cruella De Vil
|
|-heal|p1a: Cruella De Vil|92/100|[from] item: Leftovers
|upkeep
|turn|10
|
|switch|p1a: Diego|Landorus-Therian, M|8/100
|-ability|p1a: Diego|Intimidate|boost
|-unboost|p2a: Scizor|atk|1
|move|p2a: Scizor|Acrobatics|p1a: Diego
|-enditem|p2a: Scizor|Flying Gem|[from] gem|[move] Acrobatics
|-damage|p1a: Diego|0 fnt
|-damage|p2a: Scizor|81/100|[from] item: Rocky Helmet|[of] p1a: Diego
|faint|p1a: Diego
|
|upkeep
|inactive|Amado Boudou has 120 seconds left.
|
|switch|p1a: X-Men|Metagross, shiny|59/100
|turn|11
|
|move|p2a: Scizor|Superpower|p1a: X-Men
|-damage|p1a: X-Men|38/100
|-unboost|p2a: Scizor|atk|1
|-unboost|p2a: Scizor|def|1
|move|p1a: X-Men|Earthquake|p2a: Scizor
|-damage|p2a: Scizor|7/100
|
|-heal|p1a: X-Men|44/100|[from] item: Leftovers
|upkeep
|turn|12
|
|move|p2a: Scizor|Superpower|p1a: X-Men
|-damage|p1a: X-Men|28/100
|-unboost|p2a: Scizor|atk|1
|-unboost|p2a: Scizor|def|1
|move|p1a: X-Men|Stealth Rock|p2a: Scizor
|-sidestart|p2: Ditto The Hoe|move: Stealth Rock
|
|-heal|p1a: X-Men|34/100|[from] item: Leftovers
|upkeep
|turn|13
|
|switch|p1a: Trimiristina|Volcarona, F, shiny|100/100
|-item|p1a: Trimiristina|Air Balloon
|move|p2a: Scizor|Superpower|p1a: Trimiristina
|-resisted|p1a: Trimiristina
|-damage|p1a: Trimiristina|87/100
|-status|p2a: Scizor|brn|[from] ability: Flame Body|[of] p1a: Trimiristina
|-enditem|p1a: Trimiristina|Air Balloon
|-unboost|p2a: Scizor|atk|1
|-unboost|p2a: Scizor|def|1
|
|-damage|p2a: Scizor|0 fnt|[from] brn
|faint|p2a: Scizor
|upkeep
|
|switch|p2a: Azelf|Azelf|27/100
|-damage|p2a: Azelf|15/100|[from] Stealth Rock
|turn|14
|j| lt61rq fab
|
|switch|p1a: Cruella De Vil|Tentacruel, M|92/100
|move|p2a: Azelf|Explosion|p1a: Cruella De Vil
|-damage|p1a: Cruella De Vil|3/100
|faint|p2a: Azelf
|
|-heal|p1a: Cruella De Vil|9/100|[from] item: Leftovers
|upkeep
|inactive|Ditto The Hoe has 120 seconds left.
|
|switch|p2a: Breloom|Breloom, F|100/100
|-damage|p2a: Breloom|94/100|[from] Stealth Rock
|turn|15
|
|move|p2a: Breloom|Mach Punch|p1a: Cruella De Vil
|-enditem|p2a: Breloom|Fighting Gem|[from] gem|[move] Mach Punch
|-resisted|p1a: Cruella De Vil
|-damage|p1a: Cruella De Vil|0 fnt
|faint|p1a: Cruella De Vil
|
|upkeep
|inactive|Amado Boudou has 120 seconds left.
|
|switch|p1a: Plutonio|Latios, M|100/100
|turn|16
|inactive|Ditto The Hoe has 120 seconds left.
|
|move|p2a: Breloom|Mach Punch|p1a: Plutonio
|-resisted|p1a: Plutonio
|-damage|p1a: Plutonio|76/100
|move|p1a: Plutonio|Draco Meteor|p2a: Breloom
|-damage|p2a: Breloom|0 fnt
|-unboost|p1a: Plutonio|spa|2
|-damage|p1a: Plutonio|66/100|[from] item: Life Orb
|faint|p2a: Breloom
|
|upkeep
|
|switch|p2a: Salamence|Salamence, M|100/100
|-damage|p2a: Salamence|76/100|[from] Stealth Rock
|turn|17
|
|move|p2a: Salamence|Outrage|p1a: Plutonio
|-supereffective|p1a: Plutonio
|-damage|p1a: Plutonio|0 fnt
|faint|p1a: Plutonio
|-ability|p2a: Salamence|Moxie|boost
|-boost|p2a: Salamence|atk|1
|
|upkeep
|
|switch|p1a: Trimiristina|Volcarona, F, shiny|87/100
|turn|18
|
|move|p2a: Salamence|Outrage|p1a: Trimiristina|[from]lockedmove
|-damage|p1a: Trimiristina|0 fnt
|-status|p2a: Salamence|brn|[from] ability: Flame Body|[of] p1a: Trimiristina
|faint|p1a: Trimiristina
|-ability|p2a: Salamence|Moxie|boost
|-boost|p2a: Salamence|atk|1
|
|-damage|p2a: Salamence|63/100 brn|[from] brn
|upkeep
|
|switch|p1a: X-Men|Metagross, shiny|34/100
|turn|19
|l| FSD19329
|
|move|p2a: Salamence|Outrage|p1a: X-Men|[from]lockedmove
|-resisted|p1a: X-Men
|-damage|p1a: X-Men|9/100
|-start|p2a: Salamence|confusion|[fatigue]
|move|p1a: X-Men|Ice Punch|p2a: Salamence
|-supereffective|p2a: Salamence
|-damage|p2a: Salamence|0 fnt
|faint|p2a: Salamence
|
|-heal|p1a: X-Men|15/100|[from] item: Leftovers
|upkeep
|
|switch|p2a: Dragonite|Dragonite, M|100/100
|-damage|p2a: Dragonite|76/100|[from] Stealth Rock
|turn|20
|
|move|p2a: Dragonite|Fire Punch|p1a: X-Men
|-supereffective|p1a: X-Men
|-damage|p1a: X-Men|0 fnt
|faint|p1a: X-Men
|
|upkeep
|
|switch|p1a: Thor|Thundurus-Therian, M|76/100
|turn|21
|c|☆Ditto The Hoe|gg
|j| FSD19329
|c|☆Ditto The Hoe|burn killed me lmao
|
|move|p1a: Thor|Hidden Power|p2a: Dragonite
|-supereffective|p2a: Dragonite
|-damage|p2a: Dragonite|0 fnt
|faint|p2a: Dragonite
|
|win|Amado Boudou
|c|☆Ditto The Hoe|gg
|c|☆Amado Boudou|Yas
|l|☆Ditto The Hoe
|raw|Amado Boudou's rating: 1269 &rarr; <strong>1299</strong><br />(+30 for winning)
|raw|Ditto The Hoe's rating: 1343 &rarr; <strong>1319</strong><br />(-24 for losing)
