|j|☆porrompompom
|j|☆Fouge
|player|p1|porrompompom|2
|player|p2|Fouge|266
|teamsize|p1|6
|teamsize|p2|6
|gametype|singles
|gen|5
|tier|[Gen 5] OU
|rated|
|rule|Sleep Clause Mod: Limit one foe put to sleep
|rule|Species Clause: Limit one of each Pokémon
|rule|OHKO Clause: OHKO moves are banned
|rule|Moody Clause: Moody is banned
|rule|Evasion Moves Clause: Evasion moves are banned
|rule|Endless Battle Clause: Forcing endless battles is banned
|rule|HP Percentage Mod: HP is shown in percentages
|rule|Evasion Abilities Clause: Evasion abilities are banned
|rule|Baton Pass Clause: Limit one Baton Passer, can't pass Spe and other stats simultaneously
|rule|Swagger Clause: Swagger is banned
|clearpoke
|poke|p1|Snorlax, M|item
|poke|p1|Ninetales, M|item
|poke|p1|Magnezone|item
|poke|p1|Gothitelle, M|item
|poke|p1|Salamence, M|item
|poke|p1|Donphan, F|item
|poke|p2|Tyranitar, M|item
|poke|p2|Excadrill, M|item
|poke|p2|Terrakion|item
|poke|p2|Rotom-Wash|item
|poke|p2|Landorus-Therian, M|item
|poke|p2|Latios, M|item
|teampreview
|
|start
|switch|p1a: Salamence|Salamence, M|100/100
|switch|p2a: Landorus|Landorus-Therian, M|100/100
|-ability|p1a: Salamence|Intimidate|boost
|-unboost|p2a: Landorus|atk|1
|-ability|p2a: Landorus|Intimidate|boost
|-unboost|p1a: Salamence|atk|1
|turn|1
|
|move|p1a: Salamence|Draco Meteor|p2a: Landorus
|-damage|p2a: Landorus|7/100
|-unboost|p1a: Salamence|spa|2
|-damage|p1a: Salamence|91/100|[from] item: Life Orb
|move|p2a: Landorus|Hidden Power|p1a: Salamence
|-supereffective|p1a: Salamence
|-damage|p1a: Salamence|14/100
|
|upkeep
|turn|2
|
|switch|p2a: Tyranitar|Tyranitar, M|100/100
|-weather|Sandstorm|[from] ability: Sand Stream|[of] p2a: Tyranitar
|move|p1a: Salamence|Roost|p1a: Salamence
|-heal|p1a: Salamence|65/100
|
|-weather|Sandstorm|[upkeep]
|-damage|p1a: Salamence|59/100|[from] Sandstorm
|upkeep
|turn|3
|
|switch|p1a: Donphan|Donphan, F|100/100
|move|p2a: Tyranitar|Stealth Rock|p1a: Donphan
|-sidestart|p1: porrompompom|move: Stealth Rock
|
|-weather|Sandstorm|[upkeep]
|upkeep
|turn|4
|
|move|p2a: Tyranitar|Ice Beam|p1a: Donphan
|-supereffective|p1a: Donphan
|-damage|p1a: Donphan|40/100
|move|p1a: Donphan|Rapid Spin|p2a: Tyranitar
|-resisted|p2a: Tyranitar
|-damage|p2a: Tyranitar|98/100
|-sideend|p1: porrompompom|Stealth Rock|[from] move: Rapid Spin|[of] p1a: Donphan
|
|-weather|Sandstorm|[upkeep]
|-heal|p1a: Donphan|46/100|[from] item: Leftovers
|upkeep
|turn|5
|
|switch|p1a: Ninetales|Ninetales, M|100/100
|-weather|SunnyDay|[from] ability: Drought|[of] p1a: Ninetales
|move|p2a: Tyranitar|Stealth Rock|p1a: Ninetales
|-sidestart|p1: porrompompom|move: Stealth Rock
|
|-weather|SunnyDay|[upkeep]
|upkeep
|turn|6
|
|switch|p2a: Rotom|Rotom-Wash|100/100
|move|p1a: Ninetales|Hypnosis|p2a: Rotom|[miss]
|-miss|p1a: Ninetales|p2a: Rotom
|
|-weather|SunnyDay|[upkeep]
|upkeep
|turn|7
|
|switch|p2a: Latios|Latios, M|100/100
|move|p1a: Ninetales|Protect||[still]
|-fail|p1a: Ninetales
|
|-weather|SunnyDay|[upkeep]
|upkeep
|turn|8
|
|move|p1a: Ninetales|Protect|p1a: Ninetales
|-singleturn|p1a: Ninetales|Protect
|move|p2a: Latios|Draco Meteor|p1a: Ninetales
|-activate|p1a: Ninetales|move: Protect
|
|-weather|SunnyDay|[upkeep]
|upkeep
|turn|9
|
|switch|p1a: Snorlax|Snorlax, M|100/100
|-damage|p1a: Snorlax|88/100|[from] Stealth Rock
|move|p2a: Latios|Draco Meteor|p1a: Snorlax
|-damage|p1a: Snorlax|39/100
|-unboost|p2a: Latios|spa|2
|
|-weather|SunnyDay|[upkeep]
|-heal|p1a: Snorlax|45/100|[from] item: Leftovers
|upkeep
|turn|10
|inactive|Battle timer is ON: inactive players will automatically lose when time's up. (requested by Fouge)
|
|switch|p2a: Terrakion|Terrakion|100/100
|move|p1a: Snorlax|Rest|p1a: Snorlax
|-status|p1a: Snorlax|slp
|-heal|p1a: Snorlax|100/100 slp|[silent]
|-status|p1a: Snorlax|slp|[from] move: Rest
|
|-weather|SunnyDay|[upkeep]
|upkeep
|turn|11
|
|switch|p1a: Donphan|Donphan, F|46/100
|-damage|p1a: Donphan|40/100|[from] Stealth Rock
|move|p2a: Terrakion|Close Combat|p1a: Donphan
|-damage|p1a: Donphan|0 fnt
|-unboost|p2a: Terrakion|def|1
|-unboost|p2a: Terrakion|spd|1
|faint|p1a: Donphan
|
|-weather|SunnyDay|[upkeep]
|upkeep
|
|switch|p1a: Gothitelle|Gothitelle, M|100/100
|-damage|p1a: Gothitelle|88/100|[from] Stealth Rock
|turn|12
|
|move|p1a: Gothitelle|Psyshock|p2a: Terrakion
|-supereffective|p2a: Terrakion
|-damage|p2a: Terrakion|0 fnt
|faint|p2a: Terrakion
|
|-weather|SunnyDay|[upkeep]
|upkeep
|
|switch|p2a: Tyranitar|Tyranitar, M|98/100
|-weather|Sandstorm|[from] ability: Sand Stream|[of] p2a: Tyranitar
|turn|13
|
|-activate|p1a: Gothitelle|move: Pursuit
|move|p2a: Tyranitar|Pursuit|p1a: Gothitelle|[from]Pursuit
|-supereffective|p1a: Gothitelle
|-damage|p1a: Gothitelle|0 fnt
|faint|p1a: Gothitelle
|
|-weather|Sandstorm|[upkeep]
|upkeep
|
|switch|p1a: Ninetales|Ninetales, M|100/100
|-damage|p1a: Ninetales|76/100|[from] Stealth Rock
|-weather|SunnyDay|[from] ability: Drought|[of] p1a: Ninetales
|turn|14
|
|switch|p2a: Latios|Latios, M|100/100
|move|p1a: Ninetales|Will-O-Wisp|p2a: Latios
|-status|p2a: Latios|brn
|
|-weather|SunnyDay|[upkeep]
|-heal|p1a: Ninetales|82/100|[from] item: Leftovers
|-damage|p2a: Latios|88/100 brn|[from] brn
|upkeep
|turn|15
|
|move|p1a: Ninetales|Protect|p1a: Ninetales
|-singleturn|p1a: Ninetales|Protect
|move|p2a: Latios|Draco Meteor|p1a: Ninetales
|-activate|p1a: Ninetales|move: Protect
|
|-weather|SunnyDay|[upkeep]
|-heal|p1a: Ninetales|88/100|[from] item: Leftovers
|-damage|p2a: Latios|76/100 brn|[from] brn
|upkeep
|turn|16
|
|switch|p1a: Salamence|Salamence, M|59/100
|-damage|p1a: Salamence|34/100|[from] Stealth Rock
|-ability|p1a: Salamence|Intimidate|boost
|-unboost|p2a: Latios|atk|1
|move|p2a: Latios|Draco Meteor|p1a: Salamence
|-supereffective|p1a: Salamence
|-crit|p1a: Salamence
|-damage|p1a: Salamence|0 fnt
|-unboost|p2a: Latios|spa|2
|faint|p1a: Salamence
|
|-weather|SunnyDay|[upkeep]
|-damage|p2a: Latios|64/100 brn|[from] brn
|upkeep
|
|switch|p1a: Snorlax|Snorlax, M|100/100 slp
|-damage|p1a: Snorlax|88/100 slp|[from] Stealth Rock
|turn|17
|
|switch|p2a: Tyranitar|Tyranitar, M|98/100
|-weather|Sandstorm|[from] ability: Sand Stream|[of] p2a: Tyranitar
|cant|p1a: Snorlax|slp
|move|p1a: Snorlax|Sleep Talk|p1a: Snorlax
|move|p1a: Snorlax|Frustration|p2a: Tyranitar|[from]Sleep Talk
|-resisted|p2a: Tyranitar
|-damage|p2a: Tyranitar|84/100
|
|-weather|Sandstorm|[upkeep]
|-damage|p1a: Snorlax|82/100 slp|[from] Sandstorm
|-heal|p1a: Snorlax|88/100 slp|[from] item: Leftovers
|upkeep
|turn|18
|
|switch|p2a: Excadrill|Excadrill, M|100/100
|cant|p1a: Snorlax|slp
|move|p1a: Snorlax|Sleep Talk|p1a: Snorlax
|move|p1a: Snorlax|Rest|p1a: Snorlax|[from]Sleep Talk
|-fail|p1a: Snorlax
|
|-weather|Sandstorm|[upkeep]
|-damage|p1a: Snorlax|82/100 slp|[from] Sandstorm
|-heal|p1a: Snorlax|88/100 slp|[from] item: Leftovers
|upkeep
|turn|19
|
|move|p2a: Excadrill|Earthquake|p1a: Snorlax
|-damage|p1a: Snorlax|32/100 slp
|-curestatus|p1a: Snorlax|slp|[msg]
|move|p1a: Snorlax|Rest|p1a: Snorlax
|-status|p1a: Snorlax|slp
|-heal|p1a: Snorlax|100/100 slp|[silent]
|-status|p1a: Snorlax|slp|[from] move: Rest
|
|-weather|Sandstorm|[upkeep]
|-damage|p1a: Snorlax|94/100 slp|[from] Sandstorm
|-heal|p1a: Snorlax|100/100 slp|[from] item: Leftovers
|upkeep
|turn|20
|
|switch|p1a: Magnezone|Magnezone|100/100
|-damage|p1a: Magnezone|94/100|[from] Stealth Rock
|-item|p1a: Magnezone|Air Balloon
|move|p2a: Excadrill|Earthquake|p1a: Magnezone
|-immune|p1a: Magnezone
|
|-weather|Sandstorm|[upkeep]
|upkeep
|turn|21
|
|move|p2a: Excadrill|Earthquake|p1a: Magnezone
|-immune|p1a: Magnezone
|move|p1a: Magnezone|Magnet Rise|p1a: Magnezone
|-start|p1a: Magnezone|Magnet Rise
|
|-weather|Sandstorm|[upkeep]
|upkeep
|turn|22
|
|move|p2a: Excadrill|Earthquake|p1a: Magnezone
|-immune|p1a: Magnezone
|move|p1a: Magnezone|Hidden Power|p2a: Excadrill
|-supereffective|p2a: Excadrill
|-crit|p2a: Excadrill
|-damage|p2a: Excadrill|3/100
|
|-weather|Sandstorm|[upkeep]
|upkeep
|turn|23
|
|move|p2a: Excadrill|Earthquake|p1a: Magnezone
|-immune|p1a: Magnezone
|move|p1a: Magnezone|Hidden Power|p2a: Excadrill
|-supereffective|p2a: Excadrill
|-damage|p2a: Excadrill|0 fnt
|faint|p2a: Excadrill
|
|-weather|Sandstorm|[upkeep]
|upkeep
|
|switch|p2a: Rotom|Rotom-Wash|100/100
|turn|24
|
|switch|p1a: Ninetales|Ninetales, M|88/100
|-damage|p1a: Ninetales|63/100|[from] Stealth Rock
|-weather|SunnyDay|[from] ability: Drought|[of] p1a: Ninetales
|move|p2a: Rotom|Will-O-Wisp|p1a: Ninetales|[miss]
|-miss|p2a: Rotom|p1a: Ninetales
|
|-weather|SunnyDay|[upkeep]
|-heal|p1a: Ninetales|69/100|[from] item: Leftovers
|upkeep
|turn|25
|
|move|p1a: Ninetales|Protect|p1a: Ninetales
|-singleturn|p1a: Ninetales|Protect
|move|p2a: Rotom|Volt Switch|p1a: Ninetales
|-activate|p1a: Ninetales|move: Protect
|
|-weather|SunnyDay|[upkeep]
|-heal|p1a: Ninetales|75/100|[from] item: Leftovers
|upkeep
|turn|26
|
|move|p1a: Ninetales|Hypnosis|p2a: Rotom
|-status|p2a: Rotom|slp
|cant|p2a: Rotom|slp
|
|-weather|SunnyDay|[upkeep]
|-heal|p1a: Ninetales|81/100|[from] item: Leftovers
|upkeep
|turn|27
|
|switch|p2a: Latios|Latios, M|64/100 brn
|move|p1a: Ninetales|Flamethrower|p2a: Latios
|-resisted|p2a: Latios
|-damage|p2a: Latios|42/100 brn
|
|-weather|SunnyDay|[upkeep]
|-heal|p1a: Ninetales|87/100|[from] item: Leftovers
|-damage|p2a: Latios|30/100 brn|[from] brn
|upkeep
|turn|28
|
|move|p1a: Ninetales|Protect|p1a: Ninetales
|-singleturn|p1a: Ninetales|Protect
|move|p2a: Latios|Draco Meteor|p1a: Ninetales
|-activate|p1a: Ninetales|move: Protect
|
|-weather|SunnyDay|[upkeep]
|-heal|p1a: Ninetales|93/100|[from] item: Leftovers
|-damage|p2a: Latios|17/100 brn|[from] brn
|upkeep
|turn|29
|
|switch|p2a: Landorus|Landorus-Therian, M|7/100
|-ability|p2a: Landorus|Intimidate|boost
|-unboost|p1a: Ninetales|atk|1
|switch|p1a: Magnezone|Magnezone|94/100
|-damage|p1a: Magnezone|88/100|[from] Stealth Rock
|-item|p1a: Magnezone|Air Balloon
|
|-weather|SunnyDay|[upkeep]
|upkeep
|turn|30
|
|switch|p1a: Ninetales|Ninetales, M|93/100
|-damage|p1a: Ninetales|68/100|[from] Stealth Rock
|move|p2a: Landorus|Gravity|p2a: Landorus
|-fieldstart|move: Gravity
|
|-weather|SunnyDay|[upkeep]
|-heal|p1a: Ninetales|74/100|[from] item: Leftovers
|upkeep
|turn|31
|
|move|p1a: Ninetales|Protect|p1a: Ninetales
|-singleturn|p1a: Ninetales|Protect
|move|p2a: Landorus|Earthquake|p1a: Ninetales
|-activate|p1a: Ninetales|move: Protect
|
|-weather|SunnyDay|[upkeep]
|-heal|p1a: Ninetales|80/100|[from] item: Leftovers
|upkeep
|turn|32
|
|move|p1a: Ninetales|Flamethrower|p2a: Landorus
|-damage|p2a: Landorus|0 fnt
|faint|p2a: Landorus
|
|-weather|SunnyDay|[upkeep]
|-heal|p1a: Ninetales|86/100|[from] item: Leftovers
|upkeep
|-message|Fouge forfeited.
|
|win|porrompompom
|l|☆Fouge
|raw|porrompompom's rating: 1534 &rarr; <strong>1548</strong><br />(+14 for winning)
|raw|Fouge's rating: 1419 &rarr; <strong>1405</strong><br />(-14 for losing)
