|j|☆Killcroc
|j|☆lovely11
|player|p1|Killcroc|clair|1316
|player|p2|lovely11|greta-gen3|1308
|teamsize|p1|6
|teamsize|p2|6
|gametype|singles
|gen|5
|tier|[Gen 5] OU
|rated|
|clearpoke
|poke|p1|Bisharp, F|item
|poke|p1|Latios, M|item
|poke|p1|Landorus-Therian, M|item
|poke|p1|Ferrothorn, M|item
|poke|p1|Rotom-Wash|item
|poke|p1|Tyranitar, M|item
|poke|p2|Politoed, M|item
|poke|p2|Keldeo|item
|poke|p2|Weavile, F|item
|poke|p2|Thundurus-Therian, M|item
|poke|p2|Ferrothorn, M|item
|poke|p2|Donphan, F|item
|rule|Species Clause: Limit one of each Pokémon
|rule|OHKO Clause: OHKO moves are banned
|rule|Moody Clause: Moody is banned
|rule|Evasion Moves Clause: Evasion moves are banned
|rule|Endless Battle Clause: Forcing endless battles is banned
|rule|HP Percentage Mod: HP is shown in percentages
|rule|Evasion Abilities Clause: Evasion abilities are banned
|rule|Baton Pass Clause: Limit one Baton Passer, can't pass Spe and other stats simultaneously
|rule|Sleep Clause: Sleep-inducing moves are banned
|rule|Swagger Clause: Swagger is banned
|teampreview
|inactive|Battle timer is ON: inactive players will automatically lose when time's up. (requested by Killcroc)
|
|start
|switch|p1a: Classic Hairdo|Landorus-Therian, M|100/100
|switch|p2a: Ferrothorn|Ferrothorn, M|100/100
|-ability|p1a: Classic Hairdo|Intimidate|boost
|-unboost|p2a: Ferrothorn|atk|1
|turn|1
|
|move|p1a: Classic Hairdo|U-turn|p2a: Ferrothorn
|-damage|p2a: Ferrothorn|82/100
|-damage|p1a: Classic Hairdo|88/100|[from] ability: Iron Barbs|[of] p2a: Ferrothorn
|
|switch|p1a: BAPHOMET|Bisharp, F, shiny|100/100|[from]move: U-turn
|move|p2a: Ferrothorn|Stealth Rock|p1a: BAPHOMET
|-sidestart|p1: Killcroc|move: Stealth Rock
|
|-heal|p2a: Ferrothorn|89/100|[from] item: Leftovers
|upkeep
|turn|2
|
|switch|p2a: Donphan|Donphan, F|100/100
|move|p1a: BAPHOMET|Swords Dance|p1a: BAPHOMET
|-boost|p1a: BAPHOMET|atk|2
|
|upkeep
|turn|3
|
|switch|p1a: Classic Hairdo|Landorus-Therian, M|88/100
|-damage|p1a: Classic Hairdo|76/100|[from] Stealth Rock
|-ability|p1a: Classic Hairdo|Intimidate|boost
|-unboost|p2a: Donphan|atk|1
|move|p2a: Donphan|Earthquake|p1a: Classic Hairdo
|-immune|p1a: Classic Hairdo
|
|upkeep
|turn|4
|
|switch|p2a: Ferrothorn|Ferrothorn, M|89/100
|move|p1a: Classic Hairdo|U-turn|p2a: Ferrothorn
|-damage|p2a: Ferrothorn|71/100
|-damage|p1a: Classic Hairdo|64/100|[from] ability: Iron Barbs|[of] p2a: Ferrothorn
|
|switch|p1a: Banned Beyblade|Ferrothorn, M, shiny|100/100|[from]move: U-turn
|-damage|p1a: Banned Beyblade|94/100|[from] Stealth Rock
|
|-heal|p2a: Ferrothorn|77/100|[from] item: Leftovers
|-heal|p1a: Banned Beyblade|100/100|[from] item: Leftovers
|upkeep
|turn|5
|
|move|p2a: Ferrothorn|Thunder Wave|p1a: Banned Beyblade
|-status|p1a: Banned Beyblade|par
|cant|p1a: Banned Beyblade|par
|
|-heal|p2a: Ferrothorn|83/100|[from] item: Leftovers
|upkeep
|turn|6
|
|move|p2a: Ferrothorn|Spikes|p1a: Banned Beyblade
|-sidestart|p1: Killcroc|Spikes
|move|p1a: Banned Beyblade|Thunder Wave|p2a: Ferrothorn
|-status|p2a: Ferrothorn|par
|
|-heal|p2a: Ferrothorn|89/100 par|[from] item: Leftovers
|upkeep
|turn|7
|
|switch|p2a: Keldeo|Keldeo|100/100
|switch|p1a: Reptar's Mom|Tyranitar, M|100/100
|-damage|p1a: Reptar's Mom|88/100|[from] Stealth Rock
|-damage|p1a: Reptar's Mom|76/100|[from] Spikes
|-weather|Sandstorm|[from] ability: Sand Stream|[of] p1a: Reptar's Mom
|
|-weather|Sandstorm|[upkeep]
|-damage|p2a: Keldeo|94/100|[from] Sandstorm
|upkeep
|turn|8
|
|switch|p1a: RoTOM and Jerry|Rotom-Wash|100/100
|-damage|p1a: RoTOM and Jerry|88/100|[from] Stealth Rock
|move|p2a: Keldeo|Secret Sword|p1a: RoTOM and Jerry
|-damage|p1a: RoTOM and Jerry|30/100
|
|-weather|Sandstorm|[upkeep]
|-damage|p2a: Keldeo|88/100|[from] Sandstorm
|-damage|p1a: RoTOM and Jerry|23/100|[from] Sandstorm
|upkeep
|turn|9
|
|move|p2a: Keldeo|Secret Sword|p1a: RoTOM and Jerry
|-damage|p1a: RoTOM and Jerry|0 fnt
|faint|p1a: RoTOM and Jerry
|
|-weather|Sandstorm|[upkeep]
|-damage|p2a: Keldeo|82/100|[from] Sandstorm
|upkeep
|
|switch|p1a: Banned Beyblade|Ferrothorn, M, shiny|100/100 par
|-damage|p1a: Banned Beyblade|88/100 par|[from] Spikes
|-damage|p1a: Banned Beyblade|82/100 par|[from] Stealth Rock
|turn|10
|
|switch|p1a: Classic Hairdo|Landorus-Therian, M|64/100
|-damage|p1a: Classic Hairdo|52/100|[from] Stealth Rock
|-ability|p1a: Classic Hairdo|Intimidate|boost
|-unboost|p2a: Keldeo|atk|1
|move|p2a: Keldeo|Secret Sword|p1a: Classic Hairdo
|-resisted|p1a: Classic Hairdo
|-damage|p1a: Classic Hairdo|27/100
|
|-weather|Sandstorm|[upkeep]
|-damage|p2a: Keldeo|76/100|[from] Sandstorm
|upkeep
|turn|11
|
|move|p2a: Keldeo|Secret Sword|p1a: Classic Hairdo
|-resisted|p1a: Classic Hairdo
|-damage|p1a: Classic Hairdo|0 fnt
|faint|p1a: Classic Hairdo
|
|-weather|Sandstorm|[upkeep]
|-damage|p2a: Keldeo|70/100|[from] Sandstorm
|upkeep
|
|switch|p1a: Illuminati Chest|Latios, M|100/100
|-damage|p1a: Illuminati Chest|88/100|[from] Stealth Rock
|turn|12
|
|switch|p2a: Ferrothorn|Ferrothorn, M|89/100 par
|move|p1a: Illuminati Chest|Psyshock|p2a: Ferrothorn
|-resisted|p2a: Ferrothorn
|-damage|p2a: Ferrothorn|68/100 par
|
|-weather|Sandstorm|[upkeep]
|-damage|p1a: Illuminati Chest|82/100|[from] Sandstorm
|-heal|p2a: Ferrothorn|74/100 par|[from] item: Leftovers
|upkeep
|turn|13
|
|switch|p1a: Reptar's Mom|Tyranitar, M|76/100
|-damage|p1a: Reptar's Mom|63/100|[from] Stealth Rock
|-damage|p1a: Reptar's Mom|51/100|[from] Spikes
|switch|p2a: Keldeo|Keldeo|70/100
|
|-weather|Sandstorm|[upkeep]
|-damage|p2a: Keldeo|63/100|[from] Sandstorm
|upkeep
|turn|14
|
|move|p2a: Keldeo|Secret Sword|p1a: Reptar's Mom
|-supereffective|p1a: Reptar's Mom
|-damage|p1a: Reptar's Mom|0 fnt
|faint|p1a: Reptar's Mom
|
|-weather|Sandstorm|[upkeep]
|-damage|p2a: Keldeo|57/100|[from] Sandstorm
|upkeep
|-message|Killcroc forfeited.
|
|win|lovely11
|l|☆Killcroc
|raw|Killcroc's rating: 1316 &rarr; <strong>1296</strong><br />(-20 for losing)
|raw|lovely11's rating: 1308 &rarr; <strong>1328</strong><br />(+20 for winning)
