|uhtml|medal-msg|<div class="broadcast-blue">Curious what those medals under the avatar are? PS now has Ladder Seasons! For more information, check out the <a href="https://www.smogon.com/forums/threads/3740067/">thread on Smogon.</a></div>
|uhtml|medal-msg|<div class="broadcast-blue">Curious what those medals under the avatar are? PS now has Ladder Seasons! For more information, check out the <a href="https://www.smogon.com/forums/threads/3740067/">thread on Smogon.</a></div>
|j|☆SucculentSocc
|j|☆lucid142857
|t:|1712785252
|gametype|singles
|player|p1|SucculentSocc|leon-tower|1282
|player|p2|lucid142857|dawn|1316
|teamsize|p1|6
|teamsize|p2|6
|gen|5
|tier|[Gen 5] OU
|rated|
|rule|Species Clause: Limit one of each Pokémon
|rule|OHKO Clause: OHKO moves are banned
|rule|Moody Clause: Moody is banned
|rule|Evasion Items Clause: Evasion items are banned
|rule|Evasion Moves Clause: Evasion moves are banned
|rule|Endless Battle Clause: Forcing endless battles is banned
|rule|HP Percentage Mod: HP is shown in percentages
|rule|Evasion Abilities Clause: Evasion abilities are banned
|rule|Sleep Moves Clause: Sleep-inducing moves are banned
|rule|Swagger Clause: Swagger is banned
|rule|Baton Pass Stat Clause: No Baton Passer may have a way to boost its stats
|clearpoke
|poke|p1|Forretress, F|item
|poke|p1|Rotom-Wash|item
|poke|p1|Terrakion|item
|poke|p1|Dragonite, F|item
|poke|p1|Reuniclus, F|item
|poke|p1|Mamoswine, F|item
|poke|p2|Tyranitar, F|item
|poke|p2|Heatran, F|item
|poke|p2|Excadrill, M|item
|poke|p2|Gliscor, M|item
|poke|p2|Scizor, M|item
|poke|p2|Breloom, M|item
|teampreview
|
|t:|1712785256
|start
|switch|p1a: Terrakion|Terrakion|100/100
|switch|p2a: Tyranitar|Tyranitar, F|100/100
|-weather|Sandstorm|[from] ability: Sand Stream|[of] p2a: Tyranitar
|turn|1
|
|t:|1712785264
|move|p1a: Terrakion|Taunt|p2a: Tyranitar
|-start|p2a: Tyranitar|move: Taunt
|move|p2a: Tyranitar|Earthquake|p1a: Terrakion
|-supereffective|p1a: Terrakion
|-enditem|p1a: Terrakion|Focus Sash
|-damage|p1a: Terrakion|1/100
|
|-weather|Sandstorm|[upkeep]
|upkeep
|turn|2
|
|t:|1712785271
|switch|p2a: Scizor|Scizor, M|100/100
|move|p1a: Terrakion|Close Combat|p2a: Scizor
|-crit|p2a: Scizor
|-damage|p2a: Scizor|0 fnt
|-unboost|p1a: Terrakion|def|1
|-unboost|p1a: Terrakion|spd|1
|faint|p2a: Scizor
|
|-weather|Sandstorm|[upkeep]
|upkeep
|
|t:|1712785280
|switch|p2a: Breloom|Breloom, M|100/100
|turn|3
|
|t:|1712785284
|switch|p1a: Forretress|Forretress, F|100/100
|move|p2a: Breloom|Mach Punch|p1a: Forretress
|-damage|p1a: Forretress|78/100
|-damage|p2a: Breloom|84/100|[from] item: Rocky Helmet|[of] p1a: Forretress
|
|-weather|Sandstorm|[upkeep]
|-damage|p2a: Breloom|78/100|[from] Sandstorm
|upkeep
|turn|4
|
|t:|1712785292
|move|p2a: Breloom|Leech Seed|p1a: Forretress
|-start|p1a: Forretress|move: Leech Seed
|move|p1a: Forretress|Spikes|p2a: Breloom
|-sidestart|p2: lucid142857|Spikes
|
|-weather|Sandstorm|[upkeep]
|-damage|p2a: Breloom|71/100|[from] Sandstorm
|-damage|p1a: Forretress|66/100|[from] Leech Seed|[of] p2a: Breloom
|-heal|p2a: Breloom|85/100|[silent]
|upkeep
|turn|5
|
|t:|1712785299
|move|p2a: Breloom|Drain Punch|p1a: Forretress
|-damage|p1a: Forretress|40/100
|-heal|p2a: Breloom|99/100|[from] drain|[of] p1a: Forretress
|-damage|p2a: Breloom|82/100|[from] item: Rocky Helmet|[of] p1a: Forretress
|move|p1a: Forretress|Volt Switch|p2a: Breloom
|-resisted|p2a: Breloom
|-damage|p2a: Breloom|74/100
|
|t:|1712785306
|switch|p1a: Reuniclus|Reuniclus, F|100/100|[from] Volt Switch
|
|-weather|Sandstorm|[upkeep]
|-damage|p2a: Breloom|68/100|[from] Sandstorm
|upkeep
|turn|6
|
|t:|1712785313
|move|p2a: Breloom|Bullet Seed|p1a: Reuniclus
|-damage|p1a: Reuniclus|77/100
|-damage|p1a: Reuniclus|55/100
|-damage|p1a: Reuniclus|33/100
|-hitcount|p1a: Reuniclus|3
|move|p1a: Reuniclus|Focus Blast|p2a: Breloom
|-damage|p2a: Breloom|0 fnt
|faint|p2a: Breloom
|
|-weather|Sandstorm|[upkeep]
|upkeep
|j| SpiderKing3261
|
|t:|1712785339
|switch|p2a: Tyranitar|Tyranitar, F|100/100
|-damage|p2a: Tyranitar|88/100|[from] Spikes
|turn|7
|
|t:|1712785343
|move|p2a: Tyranitar|Pursuit|p1a: Reuniclus
|-supereffective|p1a: Reuniclus
|-damage|p1a: Reuniclus|0 fnt
|faint|p1a: Reuniclus
|
|-weather|Sandstorm|[upkeep]
|upkeep
|
|t:|1712785351
|switch|p1a: Terrakion|Terrakion|1/100
|turn|8
|
|t:|1712785358
|switch|p2a: Gliscor|Gliscor, M|100/100
|move|p1a: Terrakion|Close Combat|p2a: Gliscor
|-resisted|p2a: Gliscor
|-damage|p2a: Gliscor|74/100
|-unboost|p1a: Terrakion|def|1
|-unboost|p1a: Terrakion|spd|1
|
|-weather|Sandstorm|[upkeep]
|-status|p2a: Gliscor|tox|[from] item: Toxic Orb
|upkeep
|turn|9
|
|t:|1712785372
|switch|p1a: Mamoswine|Mamoswine, F|100/100
|move|p2a: Gliscor|Swords Dance|p2a: Gliscor
|-boost|p2a: Gliscor|atk|2
|
|-weather|Sandstorm|[upkeep]
|-heal|p2a: Gliscor|86/100 tox|[from] ability: Poison Heal
|upkeep
|turn|10
|
|t:|1712785387
|switch|p2a: Heatran|Heatran, F|100/100
|-damage|p2a: Heatran|88/100|[from] Spikes
|move|p1a: Mamoswine|Ice Shard|p2a: Heatran
|-resisted|p2a: Heatran
|-damage|p2a: Heatran|80/100
|
|-weather|Sandstorm|[upkeep]
|upkeep
|turn|11
|
|t:|1712785401
|switch|p1a: Rotom|Rotom-Wash|100/100
|move|p2a: Heatran|Flamethrower|p1a: Rotom
|-resisted|p1a: Rotom
|-damage|p1a: Rotom|67/100
|
|-weather|Sandstorm|[upkeep]
|-damage|p1a: Rotom|61/100|[from] Sandstorm
|upkeep
|turn|12
|
|t:|1712785414
|move|p1a: Rotom|Hydro Pump|p2a: Heatran
|-supereffective|p2a: Heatran
|-damage|p2a: Heatran|0 fnt
|faint|p2a: Heatran
|
|-weather|Sandstorm|[upkeep]
|-damage|p1a: Rotom|55/100|[from] Sandstorm
|upkeep
|
|t:|1712785424
|switch|p2a: Excadrill|Excadrill, M|100/100
|-damage|p2a: Excadrill|88/100|[from] Spikes
|-ability|p2a: Excadrill|Mold Breaker
|turn|13
|
|t:|1712785429
|move|p2a: Excadrill|Earthquake|p1a: Rotom
|-supereffective|p1a: Rotom
|-damage|p1a: Rotom|0 fnt
|faint|p1a: Rotom
|
|-weather|Sandstorm|[upkeep]
|upkeep
|
|t:|1712785434
|switch|p1a: Dragonite|Dragonite, F|100/100
|turn|14
|
|t:|1712785437
|switch|p2a: Tyranitar|Tyranitar, F|88/100
|-damage|p2a: Tyranitar|76/100|[from] Spikes
|move|p1a: Dragonite|Dragon Dance|p1a: Dragonite
|-boost|p1a: Dragonite|atk|1
|-boost|p1a: Dragonite|spe|1
|
|-weather|Sandstorm|[upkeep]
|-damage|p1a: Dragonite|94/100|[from] Sandstorm
|-heal|p1a: Dragonite|100/100|[from] item: Leftovers
|upkeep
|turn|15
|
|t:|1712785448
|move|p1a: Dragonite|Dragon Claw|p2a: Tyranitar
|-damage|p2a: Tyranitar|14/100
|move|p2a: Tyranitar|Rock Slide|p1a: Dragonite
|-supereffective|p1a: Dragonite
|-damage|p1a: Dragonite|53/100
|
|-weather|Sandstorm|[upkeep]
|-damage|p1a: Dragonite|47/100|[from] Sandstorm
|-heal|p1a: Dragonite|53/100|[from] item: Leftovers
|upkeep
|turn|16
|
|t:|1712785457
|move|p1a: Dragonite|Dragon Claw|p2a: Tyranitar
|-damage|p2a: Tyranitar|0 fnt
|faint|p2a: Tyranitar
|
|-weather|Sandstorm|[upkeep]
|-damage|p1a: Dragonite|47/100|[from] Sandstorm
|-heal|p1a: Dragonite|53/100|[from] item: Leftovers
|upkeep
|
|t:|1712785464
|switch|p2a: Excadrill|Excadrill, M|88/100
|-damage|p2a: Excadrill|76/100|[from] Spikes
|-ability|p2a: Excadrill|Mold Breaker
|turn|17
|
|t:|1712785477
|switch|p1a: Forretress|Forretress, F|40/100
|move|p2a: Excadrill|Rock Slide|p1a: Forretress
|-damage|p1a: Forretress|24/100
|
|-weather|Sandstorm|[upkeep]
|upkeep
|turn|18
|
|t:|1712785484
|switch|p2a: Gliscor|Gliscor, M|86/100 tox
|move|p1a: Forretress|Bulldoze|p2a: Gliscor
|-immune|p2a: Gliscor
|
|-weather|Sandstorm|[upkeep]
|-heal|p2a: Gliscor|98/100 tox|[from] ability: Poison Heal
|upkeep
|turn|19
|
|t:|1712785498
|switch|p1a: Mamoswine|Mamoswine, F|100/100
|move|p2a: Gliscor|Swords Dance|p2a: Gliscor
|-boost|p2a: Gliscor|atk|2
|
|-weather|Sandstorm|[upkeep]
|-heal|p2a: Gliscor|100/100 tox|[from] ability: Poison Heal
|upkeep
|turn|20
|
|t:|1712785505
|move|p2a: Gliscor|Protect|p2a: Gliscor
|-singleturn|p2a: Gliscor|Protect
|move|p1a: Mamoswine|Ice Shard|p2a: Gliscor
|-activate|p2a: Gliscor|move: Protect
|
|-weather|Sandstorm|[upkeep]
|upkeep
|turn|21
|
|t:|1712785512
|switch|p2a: Excadrill|Excadrill, M|76/100
|-damage|p2a: Excadrill|63/100|[from] Spikes
|-ability|p2a: Excadrill|Mold Breaker
|move|p1a: Mamoswine|Ice Shard|p2a: Excadrill
|-damage|p2a: Excadrill|16/100
|
|-weather|Sandstorm|[upkeep]
|upkeep
|turn|22
|
|t:|1712785546
|move|p1a: Mamoswine|Ice Shard|p2a: Excadrill
|-damage|p2a: Excadrill|0 fnt
|faint|p2a: Excadrill
|
|-weather|Sandstorm|[upkeep]
|upkeep
|-message|lucid142857 forfeited.
|
|win|SucculentSocc
|raw|SucculentSocc's rating: 1282 &rarr; <strong>1309</strong><br />(+27 for winning)
|raw|lucid142857's rating: 1316 &rarr; <strong>1294</strong><br />(-22 for losing)
|l|☆lucid142857
|player|p2|
