|j|☆dice
|j|☆emzzf
|player|p1|dice|hexmaniac-gen3
|player|p2|emzzf|184
|teamsize|p1|6
|teamsize|p2|6
|gametype|singles
|gen|5
|tier|[Gen 5] OU
|rated|
|rule|Sleep Clause Mod: Limit one foe put to sleep
|rule|Species Clause: Limit one of each Pokémon
|rule|OHKO Clause: OHKO moves are banned
|rule|Moody Clause: Moody is banned
|rule|Evasion Moves Clause: Evasion moves are banned
|rule|Endless Battle Clause: Forcing endless battles is banned
|rule|HP Percentage Mod: HP is shown in percentages
|rule|Evasion Abilities Clause: Evasion abilities are banned
|rule|Baton Pass Clause: Limit one Baton Passer, can't pass Spe and other stats simultaneously
|rule|Swagger Clause: Swagger is banned
|clearpoke
|poke|p1|Hippowdon, F|item
|poke|p1|Ferrothorn, F|item
|poke|p1|Latios, M|item
|poke|p1|Gengar, F|item
|poke|p1|Rotom-Wash|item
|poke|p1|Excadrill, F|item
|poke|p2|Dragonite, F|item
|poke|p2|Jirachi|item
|poke|p2|Starmie|item
|poke|p2|Garchomp, F|item
|poke|p2|Kyurem-Black|item
|poke|p2|Magnezone|item
|teampreview
|inactive|Battle timer is ON: inactive players will automatically lose when time's up. (requested by emzzf)
|c|☆emzzf|1
|inactive|dice has 120 seconds left.
|j|‽mmmlllmm
|j| vusty
|inactive|dice has 90 seconds left.
|inactive|dice has 60 seconds left.
|inactive|dice has 30 seconds left.
|
|start
|switch|p1a: Latios|Latios, M, shiny|301/301
|switch|p2a: 我觉得海星|Starmie|261/261
|turn|1
|c|☆dice|gl
|
|switch|p2a: 铁头娃|Jirachi|351/351
|move|p1a: Latios|Draco Meteor|p2a: 铁头娃
|-resisted|p2a: 铁头娃
|-damage|p2a: 铁头娃|169/351
|-unboost|p1a: Latios|spa|2
|
|upkeep
|turn|2
|
|switch|p1a: Hippowdon|Hippowdon, F|420/420
|-weather|Sandstorm|[from] ability: Sand Stream|[of] p1a: Hippowdon
|move|p2a: 铁头娃|Icy Wind|p1a: Hippowdon
|-supereffective|p1a: Hippowdon
|-damage|p1a: Hippowdon|310/420
|-unboost|p1a: Hippowdon|spe|1
|
|-weather|Sandstorm|[upkeep]
|-heal|p1a: Hippowdon|336/420|[from] item: Leftovers
|upkeep
|turn|3
|inactive|emzzf has 120 seconds left.
|
|move|p2a: 铁头娃|Stealth Rock|p1a: Hippowdon
|-sidestart|p1: dice|move: Stealth Rock
|move|p1a: Hippowdon|Stealth Rock|p2a: 铁头娃
|-sidestart|p2: emzzf|move: Stealth Rock
|
|-weather|Sandstorm|[upkeep]
|-heal|p1a: Hippowdon|362/420|[from] item: Leftovers
|upkeep
|turn|4
|inactive|emzzf has 120 seconds left.
|
|move|p2a: 铁头娃|Iron Head|p1a: Hippowdon
|-damage|p1a: Hippowdon|287/420
|cant|p1a: Hippowdon|flinch
|
|-weather|Sandstorm|[upkeep]
|-heal|p1a: Hippowdon|313/420|[from] item: Leftovers
|upkeep
|turn|5
|inactive|dice has 120 seconds left.
|
|move|p2a: 铁头娃|Iron Head|p1a: Hippowdon
|-damage|p1a: Hippowdon|232/420
|cant|p1a: Hippowdon|flinch
|
|-weather|Sandstorm|[upkeep]
|-heal|p1a: Hippowdon|258/420|[from] item: Leftovers
|upkeep
|turn|6
|
|move|p2a: 铁头娃|Iron Head|p1a: Hippowdon
|-damage|p1a: Hippowdon|188/420
|move|p1a: Hippowdon|Slack Off|p1a: Hippowdon
|-heal|p1a: Hippowdon|398/420
|
|-weather|Sandstorm|[upkeep]
|-heal|p1a: Hippowdon|420/420|[from] item: Leftovers
|upkeep
|turn|7
|
|move|p2a: 铁头娃|Iron Head|p1a: Hippowdon
|-damage|p1a: Hippowdon|350/420
|cant|p1a: Hippowdon|flinch
|
|-weather|Sandstorm|[upkeep]
|-heal|p1a: Hippowdon|376/420|[from] item: Leftovers
|upkeep
|turn|8
|
|move|p2a: 铁头娃|Iron Head|p1a: Hippowdon
|-damage|p1a: Hippowdon|301/420
|move|p1a: Hippowdon|Earthquake|p2a: 铁头娃
|-supereffective|p2a: 铁头娃
|-enditem|p2a: 铁头娃|Shuca Berry|[eat]
|-enditem|p2a: 铁头娃|Shuca Berry|[weaken]
|-damage|p2a: 铁头娃|21/351
|
|-weather|Sandstorm|[upkeep]
|-heal|p1a: Hippowdon|327/420|[from] item: Leftovers
|upkeep
|turn|9
|
|switch|p1a: Rotom|Rotom-Wash, shiny|277/277
|-damage|p1a: Rotom|243/277|[from] Stealth Rock
|move|p2a: 铁头娃|Iron Head|p1a: Rotom
|-resisted|p1a: Rotom
|-damage|p1a: Rotom|217/277
|
|-weather|Sandstorm|[upkeep]
|-damage|p1a: Rotom|200/277|[from] Sandstorm
|upkeep
|turn|10
|
|switch|p2a: Garchomp|Garchomp, F|357/357
|-damage|p2a: Garchomp|335/357|[from] Stealth Rock
|move|p1a: Rotom|Volt Switch|p2a: Garchomp
|-immune|p2a: Garchomp
|
|-weather|Sandstorm|[upkeep]
|-damage|p1a: Rotom|183/277|[from] Sandstorm
|upkeep
|turn|11
|
|switch|p2a: Magnezone|Magnezone|300/300
|-damage|p2a: Magnezone|282/300|[from] Stealth Rock
|switch|p1a: Excadrill|Excadrill, F, shiny|371/371
|-damage|p1a: Excadrill|360/371|[from] Stealth Rock
|-ability|p1a: Excadrill|Mold Breaker
|
|-weather|Sandstorm|[upkeep]
|-heal|p1a: Excadrill|371/371|[from] item: Leftovers
|upkeep
|turn|12
|
|switch|p2a: 肥大的小神龙|Dragonite, F, shiny|323/323
|-damage|p2a: 肥大的小神龙|243/323|[from] Stealth Rock
|move|p1a: Excadrill|Rapid Spin|p2a: 肥大的小神龙
|-damage|p2a: 肥大的小神龙|219/323
|-sideend|p1: dice|Stealth Rock|[from] move: Rapid Spin|[of] p1a: Excadrill
|
|-weather|Sandstorm|[upkeep]
|-damage|p2a: 肥大的小神龙|199/323|[from] Sandstorm
|upkeep
|turn|13
|
|move|p1a: Excadrill|Iron Head|p2a: 肥大的小神龙
|-damage|p2a: 肥大的小神龙|54/323
|cant|p2a: 肥大的小神龙|flinch
|
|-weather|Sandstorm|[upkeep]
|-damage|p2a: 肥大的小神龙|34/323|[from] Sandstorm
|upkeep
|turn|14
|j| Lasen
|l| vusty
|l| Lasen
|
|switch|p2a: Garchomp|Garchomp, F|335/357
|-damage|p2a: Garchomp|313/357|[from] Stealth Rock
|move|p1a: Excadrill|Iron Head|p2a: Garchomp
|-damage|p2a: Garchomp|163/357
|-damage|p1a: Excadrill|325/371|[from] ability: Rough Skin|[of] p2a: Garchomp
|
|-weather|Sandstorm|[upkeep]
|-heal|p1a: Excadrill|348/371|[from] item: Leftovers
|upkeep
|turn|15
|
|switch|p1a: Hippowdon|Hippowdon, F|327/420
|move|p2a: Garchomp|Earthquake|p1a: Hippowdon
|-damage|p1a: Hippowdon|198/420
|
|-weather|Sandstorm|[upkeep]
|-heal|p1a: Hippowdon|224/420|[from] item: Leftovers
|upkeep
|turn|16
|inactive|emzzf has 120 seconds left.
|
|switch|p2a: 我觉得海星|Starmie|261/261
|-damage|p2a: 我觉得海星|229/261|[from] Stealth Rock
|move|p1a: Hippowdon|Whirlwind|p2a: 我觉得海星
|drag|p2a: 铁头娃|Jirachi|21/351
|-damage|p2a: 铁头娃|0 fnt|[from] Stealth Rock
|faint|p2a: 铁头娃
|
|-weather|Sandstorm|[upkeep]
|-heal|p1a: Hippowdon|250/420|[from] item: Leftovers
|upkeep
|
|switch|p2a: 我觉得海星|Starmie|229/261
|-damage|p2a: 我觉得海星|197/261|[from] Stealth Rock
|turn|17
|inactive|emzzf has 120 seconds left.
|
|switch|p2a: Magnezone|Magnezone|282/300
|-damage|p2a: Magnezone|264/300|[from] Stealth Rock
|switch|p1a: Ferrothorn|Ferrothorn, F|352/352
|
|-weather|Sandstorm|[upkeep]
|upkeep
|turn|18
|
|move|p2a: Magnezone|Hidden Power|p1a: Ferrothorn
|-supereffective|p1a: Ferrothorn
|-damage|p1a: Ferrothorn|0 fnt
|faint|p1a: Ferrothorn
|
|-weather|Sandstorm|[upkeep]
|upkeep
|
|switch|p1a: Excadrill|Excadrill, F, shiny|348/371
|-ability|p1a: Excadrill|Mold Breaker
|turn|19
|
|move|p1a: Excadrill|Earthquake|p2a: Magnezone
|-supereffective|p2a: Magnezone
|-damage|p2a: Magnezone|0 fnt
|faint|p2a: Magnezone
|
|-weather|Sandstorm|[upkeep]
|-heal|p1a: Excadrill|371/371|[from] item: Leftovers
|upkeep
|
|switch|p2a: 我觉得海星|Starmie|197/261
|-damage|p2a: 我觉得海星|165/261|[from] Stealth Rock
|turn|20
|
|switch|p1a: Rotom|Rotom-Wash, shiny|183/277
|move|p2a: 我觉得海星|Rapid Spin|p1a: Rotom
|-damage|p1a: Rotom|169/277
|-sideend|p2: emzzf|Stealth Rock|[from] move: Rapid Spin|[of] p2a: 我觉得海星
|-damage|p2a: 我觉得海星|139/261|[from] item: Life Orb
|
|-weather|Sandstorm|[upkeep]
|-damage|p1a: Rotom|152/277|[from] Sandstorm
|-damage|p2a: 我觉得海星|123/261|[from] Sandstorm
|upkeep
|turn|21
|
|switch|p2a: Garchomp|Garchomp, F|163/357
|move|p1a: Rotom|Hydro Pump|p2a: Garchomp
|-damage|p2a: Garchomp|0 fnt
|faint|p2a: Garchomp
|
|-weather|Sandstorm|[upkeep]
|-damage|p1a: Rotom|135/277|[from] Sandstorm
|upkeep
|
|switch|p2a: 我觉得海星|Starmie|123/261
|turn|22
|
|switch|p1a: Hippowdon|Hippowdon, F|250/420
|move|p2a: 我觉得海星|Thunderbolt|p1a: Hippowdon
|-immune|p1a: Hippowdon
|
|-weather|Sandstorm|[upkeep]
|-damage|p2a: 我觉得海星|107/261|[from] Sandstorm
|-heal|p1a: Hippowdon|276/420|[from] item: Leftovers
|upkeep
|turn|23
|
|move|p2a: 我觉得海星|Hydro Pump|p1a: Hippowdon
|-supereffective|p1a: Hippowdon
|-damage|p1a: Hippowdon|0 fnt
|-damage|p2a: 我觉得海星|81/261|[from] item: Life Orb
|faint|p1a: Hippowdon
|
|-weather|Sandstorm|[upkeep]
|-damage|p2a: 我觉得海星|65/261|[from] Sandstorm
|upkeep
|
|switch|p1a: Rotom|Rotom-Wash, shiny|135/277
|turn|24
|
|switch|p2a: 肥大的小神龙|Dragonite, F, shiny|34/323
|move|p1a: Rotom|Volt Switch|p2a: 肥大的小神龙
|-damage|p2a: 肥大的小神龙|0 fnt
|faint|p2a: 肥大的小神龙
|
|switch|p1a: Gengar|Gengar, F, shiny|279/279
|
|-weather|Sandstorm|[upkeep]
|-damage|p1a: Gengar|262/279|[from] Sandstorm
|-heal|p1a: Gengar|279/279|[from] item: Black Sludge
|upkeep
|
|switch|p2a: Kyurem|Kyurem-Black|391/391
|-ability|p2a: Kyurem|Teravolt
|turn|25
|
|move|p1a: Gengar|Protect|p1a: Gengar
|-singleturn|p1a: Gengar|Protect
|move|p2a: Kyurem|Outrage|p1a: Gengar
|-activate|p1a: Gengar|move: Protect
|
|-weather|Sandstorm|[upkeep]
|-damage|p1a: Gengar|262/279|[from] Sandstorm
|-damage|p2a: Kyurem|367/391|[from] Sandstorm
|-heal|p1a: Gengar|279/279|[from] item: Black Sludge
|upkeep
|turn|26
|
|move|p1a: Gengar|Will-O-Wisp|p2a: Kyurem|[miss]
|-miss|p1a: Gengar|p2a: Kyurem
|move|p2a: Kyurem|Outrage|p1a: Gengar
|-damage|p1a: Gengar|0 fnt
|faint|p1a: Gengar
|
|-weather|Sandstorm|[upkeep]
|-damage|p2a: Kyurem|343/391|[from] Sandstorm
|upkeep
|
|switch|p1a: Latios|Latios, M, shiny|301/301
|turn|27
|
|move|p1a: Latios|Dragon Pulse|p2a: Kyurem
|-supereffective|p2a: Kyurem
|-damage|p2a: Kyurem|0 fnt
|faint|p2a: Kyurem
|
|-weather|Sandstorm|[upkeep]
|-damage|p1a: Latios|283/301|[from] Sandstorm
|upkeep
|
|switch|p2a: 我觉得海星|Starmie|65/261
|turn|28
|c|☆dice|gg
|c|☆emzzf|gg
|
|move|p2a: 我觉得海星|Ice Beam|p1a: Latios
|-supereffective|p1a: Latios
|-damage|p1a: Latios|62/301
|-damage|p2a: 我觉得海星|39/261|[from] item: Life Orb
|move|p1a: Latios|Dragon Pulse|p2a: 我觉得海星
|-damage|p2a: 我觉得海星|0 fnt
|faint|p2a: 我觉得海星
|
|win|dice
|raw|dice's rating: 1447 &rarr; <strong>1459</strong><br />(+12 for winning)
|raw|emzzf's rating: 1307 &rarr; <strong>1294</strong><br />(-13 for losing)
|l|☆dice
