|j|☆BWVC BookofConke
|j|☆wwwls
|t:|1709709996
|gametype|singles
|player|p1|BWVC BookofConke|silver|1316
|player|p2|wwwls|101|1409
|teamsize|p1|6
|teamsize|p2|6
|gen|5
|tier|[Gen 5] OU
|rated|
|rule|Species Clause: Limit one of each Pokémon
|rule|OHKO Clause: OHKO moves are banned
|rule|Moody Clause: Moody is banned
|rule|Evasion Items Clause: Evasion items are banned
|rule|Evasion Moves Clause: Evasion moves are banned
|rule|Endless Battle Clause: Forcing endless battles is banned
|rule|HP Percentage Mod: HP is shown in percentages
|rule|Evasion Abilities Clause: Evasion abilities are banned
|rule|Sleep Moves Clause: Sleep-inducing moves are banned
|rule|Swagger Clause: Swagger is banned
|rule|Baton Pass Stat Clause: No Baton Passer may have a way to boost its stats
|clearpoke
|poke|p1|Politoed, M|item
|poke|p1|Scizor, M|item
|poke|p1|Starmie|item
|poke|p1|Garchomp, M|item
|poke|p1|Kyurem-Black|item
|poke|p1|Tornadus, M|item
|poke|p2|Skarmory, M|item
|poke|p2|Jellicent, M|item
|poke|p2|Kyurem-Black|item
|poke|p2|Latios, M|item
|poke|p2|Garchomp, M|item
|poke|p2|Scizor, M|item
|teampreview
|inactive|Battle timer is ON: inactive players will automatically lose when time's up. (requested by wwwls)
|
|t:|1709710009
|start
|switch|p1a: Kyurem|Kyurem-Black|100/100
|switch|p2a: Skarmory|Skarmory, M|100/100
|-ability|p1a: Kyurem|Teravolt
|turn|1
|
|t:|1709710016
|switch|p2a: Garchomp|Garchomp, M|100/100
|move|p1a: Kyurem|Fusion Bolt|p2a: Garchomp
|-immune|p2a: Garchomp
|
|upkeep
|turn|2
|
|t:|1709710031
|switch|p1a: Politoed|Politoed, M|100/100
|-weather|RainDance|[from] ability: Drizzle|[of] p1a: Politoed
|move|p2a: Garchomp|Substitute|p2a: Garchomp
|-start|p2a: Garchomp|Substitute
|-damage|p2a: Garchomp|76/100
|
|-weather|RainDance|[upkeep]
|upkeep
|turn|3
|
|t:|1709710038
|move|p1a: Politoed|Ice Beam|p2a: Garchomp
|-supereffective|p2a: Garchomp
|-end|p2a: Garchomp|Substitute
|move|p2a: Garchomp|Earthquake|p1a: Politoed
|-damage|p1a: Politoed|43/100
|
|-weather|RainDance|[upkeep]
|upkeep
|turn|4
|
|t:|1709710048
|switch|p1a: Tornadus|Tornadus, M|100/100
|move|p2a: Garchomp|Substitute|p2a: Garchomp
|-start|p2a: Garchomp|Substitute
|-damage|p2a: Garchomp|51/100
|
|-weather|RainDance|[upkeep]
|upkeep
|turn|5
|
|t:|1709710059
|move|p1a: Tornadus|Hurricane|p2a: Garchomp
|-end|p2a: Garchomp|Substitute
|move|p2a: Garchomp|Dual Chop|p1a: Tornadus
|-damage|p1a: Tornadus|71/100
|-damage|p1a: Tornadus|39/100
|-hitcount|p1a: Tornadus|2
|
|-weather|RainDance|[upkeep]
|upkeep
|turn|6
|
|t:|1709710068
|switch|p2a: Jellicent|Jellicent, M|100/100
|move|p1a: Tornadus|Hurricane|p2a: Jellicent
|-damage|p2a: Jellicent|42/100
|
|-weather|RainDance|[upkeep]
|-heal|p2a: Jellicent|48/100|[from] item: Leftovers
|upkeep
|turn|7
|
|t:|1709710075
|move|p1a: Tornadus|Hurricane|p2a: Jellicent
|-damage|p2a: Jellicent|0 fnt
|faint|p2a: Jellicent
|
|-weather|RainDance|[upkeep]
|upkeep
|
|t:|1709710079
|switch|p2a: Scizor|Scizor, M|100/100
|turn|8
|
|t:|1709710085
|move|p1a: Tornadus|Hurricane|p2a: Scizor
|-damage|p2a: Scizor|0 fnt
|faint|p2a: Scizor
|
|-weather|RainDance|[upkeep]
|upkeep
|
|t:|1709710089
|switch|p2a: Skarmory|Skarmory, M|100/100
|turn|9
|
|t:|1709710094
|move|p1a: Tornadus|U-turn|p2a: Skarmory
|-resisted|p2a: Skarmory
|-damage|p2a: Skarmory|97/100
|
|t:|1709710112
|switch|p1a: Starmie|Starmie|100/100|[from] U-turn
|-item|p1a: Starmie|Air Balloon
|move|p2a: Skarmory|Stealth Rock|p1a: Starmie
|-sidestart|p1: BWVC BookofConke|move: Stealth Rock
|
|-weather|RainDance|[upkeep]
|upkeep
|turn|10
|
|t:|1709710121
|move|p1a: Starmie|Hydro Pump|p2a: Skarmory
|-damage|p2a: Skarmory|0 fnt
|faint|p2a: Skarmory
|
|-weather|RainDance|[upkeep]
|upkeep
|
|t:|1709710126
|switch|p2a: Latios|Latios, M|100/100
|turn|11
|
|t:|1709710130
|move|p2a: Latios|Thunderbolt|p1a: Starmie
|-supereffective|p1a: Starmie
|-damage|p1a: Starmie|9/100
|-enditem|p1a: Starmie|Air Balloon
|move|p1a: Starmie|Rapid Spin|p2a: Latios
|-damage|p2a: Latios|95/100
|-sideend|p1: BWVC BookofConke|Stealth Rock|[from] move: Rapid Spin|[of] p1a: Starmie
|
|-weather|RainDance|[upkeep]
|upkeep
|turn|12
|
|t:|1709710140
|switch|p2a: Garchomp|Garchomp, M|51/100
|switch|p1a: Garchomp|Garchomp, M|100/100
|
|-weather|RainDance|[upkeep]
|upkeep
|turn|13
|
|t:|1709710150
|move|p1a: Garchomp|Earthquake|p2a: Garchomp
|-damage|p2a: Garchomp|0 fnt
|faint|p2a: Garchomp
|
|-weather|RainDance|[upkeep]
|upkeep
|
|t:|1709710153
|switch|p2a: Kyurem|Kyurem-Black|100/100
|-ability|p2a: Kyurem|Teravolt
|turn|14
|
|t:|1709710180
|move|p1a: Garchomp|Earthquake|p2a: Kyurem
|-damage|p2a: Kyurem|48/100
|move|p2a: Kyurem|Ice Beam|p1a: Garchomp
|-supereffective|p1a: Garchomp
|-enditem|p1a: Garchomp|Focus Sash
|-damage|p1a: Garchomp|1/100
|
|-weather|RainDance|[upkeep]
|-heal|p2a: Kyurem|54/100|[from] item: Leftovers
|upkeep
|turn|15
|
|t:|1709710192
|move|p1a: Garchomp|Outrage|p2a: Kyurem
|-supereffective|p2a: Kyurem
|-damage|p2a: Kyurem|0 fnt
|faint|p2a: Kyurem
|
|-weather|RainDance|[upkeep]
|upkeep
|-message|wwwls forfeited.
|
|win|BWVC BookofConke
|raw|BWVC BookofConke's rating: 1316 &rarr; <strong>1341</strong><br />(+25 for winning)
|raw|wwwls's rating: 1409 &rarr; <strong>1384</strong><br />(-25 for losing)
|l|☆wwwls
|player|p2|
