|j|☆agamehasnoname
|j|☆TimidKiwi
|player|p1|agamehasnoname|266
|player|p2|TimidKiwi|197
|teamsize|p1|6
|teamsize|p2|6
|gametype|singles
|gen|5
|tier|[Gen 5] OU
|rated|
|rule|Sleep Clause Mod: Limit one foe put to sleep
|rule|Species Clause: Limit one of each Pokémon
|rule|OHKO Clause: OHKO moves are banned
|rule|Moody Clause: Moody is banned
|rule|Evasion Moves Clause: Evasion moves are banned
|rule|Endless Battle Clause: Forcing endless battles is banned
|rule|HP Percentage Mod: HP is shown in percentages
|rule|Evasion Abilities Clause: Evasion abilities are banned
|rule|Baton Pass Clause: Limit one Baton Passer, can't pass Spe and other stats simultaneously
|rule|Swagger Clause: Swagger is banned
|clearpoke
|poke|p1|Jirachi|item
|poke|p1|Volcarona, M|item
|poke|p1|Starmie|item
|poke|p1|Landorus-Therian, M|item
|poke|p1|Terrakion|item
|poke|p1|Mew|item
|poke|p2|Politoed, M|item
|poke|p2|Kyurem-Black|item
|poke|p2|Keldeo-Resolute|item
|poke|p2|Breloom, F|item
|poke|p2|Jirachi|item
|poke|p2|Excadrill, F|item
|teampreview
|inactive|Battle timer is ON: inactive players will automatically lose when time's up. (requested by TimidKiwi)
|
|start
|switch|p1a: Mew|Mew|100/100
|switch|p2a: Jirachi|Jirachi|100/100
|turn|1
|
|move|p1a: Mew|Stealth Rock|p2a: Jirachi
|-sidestart|p2: TimidKiwi|move: Stealth Rock
|move|p2a: Jirachi|Stealth Rock|p1a: Mew
|-sidestart|p1: agamehasnoname|move: Stealth Rock
|
|upkeep
|turn|2
|
|switch|p2a: Politoed|Politoed, M, shiny|100/100
|-damage|p2a: Politoed|88/100|[from] Stealth Rock
|-weather|RainDance|[from] ability: Drizzle|[of] p2a: Politoed
|move|p1a: Mew|Earth Power|p2a: Politoed
|-damage|p2a: Politoed|58/100
|
|-weather|RainDance|[upkeep]
|upkeep
|turn|3
|
|move|p2a: Politoed|Scald|p1a: Mew
|-damage|p1a: Mew|55/100
|-status|p1a: Mew|brn
|-activate|p1a: Mew|ability: Synchronize
|-status|p2a: Politoed|brn
|move|p1a: Mew|Psychic|p2a: Politoed
|-damage|p2a: Politoed|18/100 brn
|-unboost|p2a: Politoed|spd|1
|
|-weather|RainDance|[upkeep]
|-heal|p1a: Mew|61/100 brn|[from] item: Leftovers
|-damage|p2a: Politoed|6/100 brn|[from] brn
|-damage|p1a: Mew|49/100 brn|[from] brn
|upkeep
|turn|4
|inactive|agamehasnoname has 135 seconds left.
|
|move|p2a: Politoed|Scald|p1a: Mew
|-damage|p1a: Mew|1/100 brn
|move|p1a: Mew|Earth Power|p2a: Politoed
|-damage|p2a: Politoed|0 fnt
|faint|p2a: Politoed
|
|-weather|RainDance|[upkeep]
|-heal|p1a: Mew|7/100 brn|[from] item: Leftovers
|-damage|p1a: Mew|0 fnt|[from] brn
|upkeep
|faint|p1a: Mew
|inactive|TimidKiwi has 135 seconds left.
|
|switch|p1a: Starmie|Starmie|100/100
|switch|p2a: Kyurem|Kyurem-Black|100/100
|-damage|p1a: Starmie|88/100|[from] Stealth Rock
|-damage|p2a: Kyurem|75/100|[from] Stealth Rock
|-ability|p2a: Kyurem|Teravolt
|turn|5
|
|move|p1a: Starmie|Rapid Spin|p2a: Kyurem
|-damage|p2a: Kyurem|72/100
|-sideend|p1: agamehasnoname|Stealth Rock|[from] move: Rapid Spin|[of] p1a: Starmie
|-damage|p1a: Starmie|78/100|[from] item: Life Orb
|move|p2a: Kyurem|Fusion Bolt|p1a: Starmie
|-supereffective|p1a: Starmie
|-damage|p1a: Starmie|0 fnt
|faint|p1a: Starmie
|
|-weather|RainDance|[upkeep]
|upkeep
|
|switch|p1a: Terrakion|Terrakion|100/100
|turn|6
|inactive|TimidKiwi has 135 seconds left.
|
|move|p1a: Terrakion|Close Combat|p2a: Kyurem
|-supereffective|p2a: Kyurem
|-damage|p2a: Kyurem|0 fnt
|-unboost|p1a: Terrakion|def|1
|-unboost|p1a: Terrakion|spd|1
|faint|p2a: Kyurem
|
|-weather|RainDance|[upkeep]
|upkeep
|inactive|TimidKiwi has 135 seconds left.
|
|switch|p2a: Keldeo|Keldeo-Resolute|100/100
|-damage|p2a: Keldeo|94/100|[from] Stealth Rock
|turn|7
|
|move|p2a: Keldeo|Surf|p1a: Terrakion
|-supereffective|p1a: Terrakion
|-damage|p1a: Terrakion|0 fnt
|faint|p1a: Terrakion
|
|-weather|RainDance|[upkeep]
|upkeep
|
|switch|p1a: Jirachi|Jirachi|100/100
|turn|8
|
|move|p2a: Keldeo|Surf|p1a: Jirachi
|-damage|p1a: Jirachi|35/100
|move|p1a: Jirachi|Psyshock|p2a: Keldeo
|-supereffective|p2a: Keldeo
|-damage|p2a: Keldeo|12/100
|
|-weather|RainDance|[upkeep]
|upkeep
|turn|9
|
|move|p2a: Keldeo|Surf|p1a: Jirachi
|-damage|p1a: Jirachi|0 fnt
|faint|p1a: Jirachi
|
|-weather|RainDance|[upkeep]
|upkeep
|
|switch|p1a: Landorus|Landorus-Therian, M|100/100
|-ability|p1a: Landorus|Intimidate|boost
|-unboost|p2a: Keldeo|atk|1
|turn|10
|
|move|p2a: Keldeo|Surf|p1a: Landorus
|-supereffective|p1a: Landorus
|-damage|p1a: Landorus|0 fnt
|faint|p1a: Landorus
|
|-weather|RainDance|[upkeep]
|upkeep
|-message|agamehasnoname forfeited.
|
|win|TimidKiwi
|l|☆agamehasnoname
|raw|agamehasnoname's rating: 1387 &rarr; <strong>1371</strong><br />(-16 for losing)
|raw|TimidKiwi's rating: 1458 &rarr; <strong>1474</strong><br />(+16 for winning)
