|j|☆Paltham
|j|☆Sinodin
|t:|1750020029
|gametype|singles
|player|p1|Paltham|bellelba|1313
|player|p2|Sinodin|cheren|1386
|teamsize|p1|6
|teamsize|p2|6
|gen|5
|tier|[Gen 5] OU
|rated|
|rule|Species Clause: Limit one of each Pokémon
|rule|OHKO Clause: OHKO moves are banned
|rule|Moody Clause: Moody is banned
|rule|Evasion Items Clause: Evasion items are banned
|rule|Evasion Moves Clause: Evasion moves are banned
|rule|Endless Battle Clause: Forcing endless battles is banned
|rule|HP Percentage Mod: HP is shown in percentages
|rule|Evasion Abilities Clause: Evasion abilities are banned
|rule|Sleep Moves Clause: Sleep-inducing moves are banned
|rule|Swagger Clause: Swagger is banned
|rule|Baton Pass Stat Clause: No Baton Passer may have a way to boost its stats
|clearpoke
|poke|p1|Hitmonlee, M|item
|poke|p1|Latios, M|item
|poke|p1|Landorus-Therian, M|item
|poke|p1|Tyranitar, F|item
|poke|p1|Alakazam, M|item
|poke|p1|Keldeo|item
|poke|p2|Garchomp, F|item
|poke|p2|Starmie|item
|poke|p2|Volcarona, F|item
|poke|p2|Conkeldurr, F|item
|poke|p2|Gengar, F|item
|poke|p2|Metagross|item
|teampreview
|inactive|Battle timer is ON: inactive players will automatically lose when time's up. (requested by Sinodin)
|inactive|Sinodin has 120 seconds left.
|
|t:|1750020069
|start
|switch|p1a: Landorus|Landorus-Therian, M|100/100
|switch|p2a: Starmie|Starmie|100/100
|-item|p2a: Starmie|Air Balloon
|-ability|p1a: Landorus|Intimidate|boost
|-unboost|p2a: Starmie|atk|1
|turn|1
|
|t:|1750020076
|switch|p2a: Garchomp|Garchomp, F|100/100
|switch|p1a: Tyranitar|Tyranitar, F|100/100
|-weather|Sandstorm|[from] ability: Sand Stream|[of] p1a: Tyranitar
|
|-weather|Sandstorm|[upkeep]
|upkeep
|turn|2
|
|t:|1750020089
|switch|p1a: Landorus|Landorus-Therian, M|100/100
|-ability|p1a: Landorus|Intimidate|boost
|-unboost|p2a: Garchomp|atk|1
|move|p2a: Garchomp|Stealth Rock|p1a: Landorus
|-sidestart|p1: Paltham|move: Stealth Rock
|
|-weather|Sandstorm|[upkeep]
|upkeep
|turn|3
|
|t:|1750020118
|switch|p2a: Starmie|Starmie|100/100
|-item|p2a: Starmie|Air Balloon
|move|p1a: Landorus|U-turn|p2a: Starmie
|-supereffective|p2a: Starmie
|-crit|p2a: Starmie
|-damage|p2a: Starmie|0 fnt
|-enditem|p2a: Starmie|Air Balloon
|faint|p2a: Starmie
|
|t:|1750020127
|switch|p1a: Hitmonlee|Hitmonlee, M|100/100|[from] U-turn
|-damage|p1a: Hitmonlee|94/100|[from] Stealth Rock
|
|-weather|Sandstorm|[upkeep]
|-damage|p1a: Hitmonlee|88/100|[from] Sandstorm
|upkeep
|inactive|Sinodin has 120 seconds left.
|
|t:|1750020146
|switch|p2a: Volcarona|Volcarona, F|100/100
|turn|4
|
|t:|1750020151
|move|p2a: Volcarona|Quiver Dance|p2a: Volcarona
|-boost|p2a: Volcarona|spa|1
|-boost|p2a: Volcarona|spd|1
|-boost|p2a: Volcarona|spe|1
|move|p1a: Hitmonlee|Fling|p2a: Volcarona
|-damage|p2a: Volcarona|46/100
|-enditem|p1a: Hitmonlee|Hard Stone|[from] move: Fling
|
|-weather|Sandstorm|[upkeep]
|-damage|p1a: Hitmonlee|82/100|[from] Sandstorm
|-damage|p2a: Volcarona|39/100|[from] Sandstorm
|upkeep
|turn|5
|inactive|Sinodin has 120 seconds left.
|
|t:|1750020161
|move|p1a: Hitmonlee|Earthquake|p2a: Volcarona
|-damage|p2a: Volcarona|0 fnt
|faint|p2a: Volcarona
|
|-weather|Sandstorm|[upkeep]
|-damage|p1a: Hitmonlee|76/100|[from] Sandstorm
|upkeep
|
|t:|1750020167
|switch|p2a: Garchomp|Garchomp, F|100/100
|turn|6
|
|t:|1750020171
|move|p1a: Hitmonlee|Close Combat|p2a: Garchomp
|-damage|p2a: Garchomp|61/100
|-unboost|p1a: Hitmonlee|def|1
|-unboost|p1a: Hitmonlee|spd|1
|-damage|p1a: Hitmonlee|63/100|[from] ability: Rough Skin|[of] p2a: Garchomp
|-damage|p1a: Hitmonlee|47/100|[from] item: Rocky Helmet|[of] p2a: Garchomp
|move|p2a: Garchomp|Earthquake|p1a: Hitmonlee
|-damage|p1a: Hitmonlee|0 fnt
|faint|p1a: Hitmonlee
|
|-weather|Sandstorm|[upkeep]
|upkeep
|
|t:|1750020178
|switch|p1a: Landorus|Landorus-Therian, M|100/100
|-damage|p1a: Landorus|88/100|[from] Stealth Rock
|-ability|p1a: Landorus|Intimidate|boost
|-unboost|p2a: Garchomp|atk|1
|turn|7
|
|t:|1750020181
|move|p1a: Landorus|Stealth Rock|p2a: Garchomp
|-sidestart|p2: Sinodin|move: Stealth Rock
|move|p2a: Garchomp|Toxic|p1a: Landorus
|-status|p1a: Landorus|tox
|
|-weather|Sandstorm|[upkeep]
|-heal|p1a: Landorus|94/100 tox|[from] item: Leftovers
|-damage|p1a: Landorus|88/100 tox|[from] psn
|upkeep
|turn|8
|
|t:|1750020187
|move|p1a: Landorus|Hidden Power|p2a: Garchomp
|-supereffective|p2a: Garchomp
|-damage|p2a: Garchomp|0 fnt
|faint|p2a: Garchomp
|
|-weather|Sandstorm|[upkeep]
|-heal|p1a: Landorus|94/100 tox|[from] item: Leftovers
|-damage|p1a: Landorus|82/100 tox|[from] psn
|upkeep
|
|t:|1750020192
|switch|p2a: Gengar|Gengar, F|100/100
|-damage|p2a: Gengar|88/100|[from] Stealth Rock
|turn|9
|l|☆Sinodin
|inactive|Sinodin disconnected and has a minute to reconnect!
|player|p2|
|inactive|Sinodin has 30 seconds to reconnect!
|inactive|Sinodin has 20 seconds to reconnect!
|inactive|Sinodin has 15 seconds to reconnect!
|j|☆Sinodin
|inactive|Sinodin reconnected and has 85 seconds left.
|player|p2|Sinodin|cheren|
|
|t:|1750020262
|move|p2a: Gengar|Shadow Ball|p1a: Landorus
|-damage|p1a: Landorus|32/100 tox
|move|p1a: Landorus|U-turn|p2a: Gengar
|-resisted|p2a: Gengar
|-damage|p2a: Gengar|76/100
|
|t:|1750020269
|switch|p1a: Alakazam|Alakazam, M|100/100|[from] U-turn
|
|-weather|Sandstorm|[upkeep]
|-damage|p2a: Gengar|70/100|[from] Sandstorm
|upkeep
|turn|10
|
|t:|1750020276
|move|p2a: Gengar|Shadow Ball|p1a: Alakazam
|-supereffective|p1a: Alakazam
|-damage|p1a: Alakazam|0 fnt
|faint|p1a: Alakazam
|
|-weather|Sandstorm|[upkeep]
|-damage|p2a: Gengar|64/100|[from] Sandstorm
|upkeep
|
|t:|1750020282
|switch|p1a: Tyranitar|Tyranitar, F|100/100
|-damage|p1a: Tyranitar|88/100|[from] Stealth Rock
|turn|11
|
|t:|1750020287
|switch|p2a: Conkeldurr|Conkeldurr, F|100/100
|-damage|p2a: Conkeldurr|94/100|[from] Stealth Rock
|move|p1a: Tyranitar|Thunder Wave|p2a: Conkeldurr
|-status|p2a: Conkeldurr|par
|
|-weather|Sandstorm|[upkeep]
|-damage|p2a: Conkeldurr|88/100 par|[from] Sandstorm
|upkeep
|turn|12
|
|t:|1750020294
|switch|p1a: Landorus|Landorus-Therian, M|32/100 tox
|-damage|p1a: Landorus|20/100 tox|[from] Stealth Rock
|-ability|p1a: Landorus|Intimidate|boost
|-unboost|p2a: Conkeldurr|atk|1
|move|p2a: Conkeldurr|Drain Punch|p1a: Landorus
|-resisted|p1a: Landorus
|-damage|p1a: Landorus|0 fnt
|-heal|p2a: Conkeldurr|98/100 par|[from] drain|[of] p1a: Landorus
|faint|p1a: Landorus
|-damage|p2a: Conkeldurr|88/100 par|[from] item: Life Orb
|
|-weather|Sandstorm|[upkeep]
|-damage|p2a: Conkeldurr|82/100 par|[from] Sandstorm
|upkeep
|
|t:|1750020303
|switch|p1a: Keldeo|Keldeo|100/100
|-damage|p1a: Keldeo|94/100|[from] Stealth Rock
|turn|13
|
|t:|1750020308
|move|p1a: Keldeo|Secret Sword|p2a: Conkeldurr
|-damage|p2a: Conkeldurr|40/100 par
|move|p2a: Conkeldurr|Drain Punch|p1a: Keldeo
|-damage|p1a: Keldeo|28/100
|-heal|p2a: Conkeldurr|70/100 par|[from] drain|[of] p1a: Keldeo
|-damage|p2a: Conkeldurr|60/100 par|[from] item: Life Orb
|
|-weather|Sandstorm|[upkeep]
|-damage|p1a: Keldeo|22/100|[from] Sandstorm
|-damage|p2a: Conkeldurr|54/100 par|[from] Sandstorm
|-heal|p1a: Keldeo|28/100|[from] item: Leftovers
|upkeep
|turn|14
|inactive|Sinodin has 120 seconds left.
|
|t:|1750020321
|cant|p2a: Conkeldurr|par
|move|p1a: Keldeo|Scald|p2a: Conkeldurr
|-damage|p2a: Conkeldurr|12/100 par
|
|-weather|Sandstorm|[upkeep]
|-damage|p1a: Keldeo|22/100|[from] Sandstorm
|-damage|p2a: Conkeldurr|6/100 par|[from] Sandstorm
|-heal|p1a: Keldeo|28/100|[from] item: Leftovers
|upkeep
|turn|15
|
|t:|1750020327
|move|p1a: Keldeo|Protect|p1a: Keldeo
|-singleturn|p1a: Keldeo|Protect
|move|p2a: Conkeldurr|Ice Punch|p1a: Keldeo
|-activate|p1a: Keldeo|move: Protect
|
|-weather|Sandstorm|[upkeep]
|-damage|p1a: Keldeo|22/100|[from] Sandstorm
|-damage|p2a: Conkeldurr|0 fnt|[from] Sandstorm
|faint|p2a: Conkeldurr
|-heal|p1a: Keldeo|28/100|[from] item: Leftovers
|upkeep
|inactive|Sinodin has 120 seconds left.
|
|t:|1750020335
|switch|p2a: Metagross|Metagross|100/100
|-damage|p2a: Metagross|95/100|[from] Stealth Rock
|turn|16
|
|t:|1750020341
|move|p1a: Keldeo|Scald|p2a: Metagross
|-damage|p2a: Metagross|44/100
|-status|p2a: Metagross|brn
|move|p2a: Metagross|Agility|p2a: Metagross
|-boost|p2a: Metagross|spe|2
|
|-weather|Sandstorm|[upkeep]
|-damage|p1a: Keldeo|22/100|[from] Sandstorm
|-heal|p2a: Metagross|50/100 brn|[from] item: Leftovers
|-heal|p1a: Keldeo|28/100|[from] item: Leftovers
|-damage|p2a: Metagross|38/100 brn|[from] brn
|upkeep
|turn|17
|
|t:|1750020352
|move|p2a: Metagross|Earthquake|p1a: Keldeo
|-damage|p1a: Keldeo|6/100
|move|p1a: Keldeo|Scald|p2a: Metagross
|-damage|p2a: Metagross|0 fnt
|faint|p2a: Metagross
|
|-weather|Sandstorm|[upkeep]
|-damage|p1a: Keldeo|0 fnt|[from] Sandstorm
|faint|p1a: Keldeo
|upkeep
|-message|Sinodin forfeited.
|
|win|Paltham
|raw|Paltham's rating: 1313 &rarr; <strong>1337</strong><br />(+24 for winning)
|raw|Sinodin's rating: 1386 &rarr; <strong>1362</strong><br />(-24 for losing)
|l|☆Sinodin
|player|p2|
