|j|☆hail nightmare
|j|☆epiccure9
|t:|1743306485
|gametype|singles
|player|p1|hail nightmare|266|1500
|player|p2|epiccure9|265|1508
|teamsize|p1|6
|teamsize|p2|6
|gen|5
|tier|[Gen 5] OU
|rated|
|rule|Species Clause: Limit one of each Pokémon
|rule|OHKO Clause: OHKO moves are banned
|rule|Moody Clause: Moody is banned
|rule|Evasion Items Clause: Evasion items are banned
|rule|Evasion Moves Clause: Evasion moves are banned
|rule|Endless Battle Clause: Forcing endless battles is banned
|rule|HP Percentage Mod: HP is shown in percentages
|rule|Evasion Abilities Clause: Evasion abilities are banned
|rule|Sleep Moves Clause: Sleep-inducing moves are banned
|rule|Swagger Clause: Swagger is banned
|rule|Baton Pass Stat Clause: No Baton Passer may have a way to boost its stats
|clearpoke
|poke|p1|Tyranitar, M|item
|poke|p1|Landorus-Therian, M|item
|poke|p1|Ferrothorn, M|item
|poke|p1|Excadrill, M|item
|poke|p1|Keldeo-Resolute|item
|poke|p1|Latias, F|item
|poke|p2|Politoed, M|item
|poke|p2|Rotom-Wash|item
|poke|p2|Keldeo|item
|poke|p2|Ferrothorn, M|item
|poke|p2|Latios, M|item
|poke|p2|Jirachi|item
|teampreview
|inactive|Battle timer is ON: inactive players will automatically lose when time's up. (requested by epiccure9)
|
|t:|1743306496
|start
|switch|p1a: Ferrothorn|Ferrothorn, M|100/100
|switch|p2a: Rotom|Rotom-Wash|100/100
|turn|1
|
|t:|1743306500
|move|p2a: Rotom|Volt Switch|p1a: Ferrothorn
|-resisted|p1a: Ferrothorn
|-damage|p1a: Ferrothorn|92/100
|
|t:|1743306508
|switch|p2a: Ferrothorn|Ferrothorn, M|100/100|[from] Volt Switch
|move|p1a: Ferrothorn|Power Whip|p2a: Ferrothorn
|-resisted|p2a: Ferrothorn
|-damage|p2a: Ferrothorn|93/100
|-damage|p1a: Ferrothorn|79/100|[from] ability: Iron Barbs|[of] p2a: Ferrothorn
|
|-heal|p2a: Ferrothorn|99/100|[from] item: Leftovers
|upkeep
|turn|2
|
|t:|1743306511
|move|p1a: Ferrothorn|Stealth Rock|p2a: Ferrothorn
|-sidestart|p2: epiccure9|move: Stealth Rock
|move|p2a: Ferrothorn|Stealth Rock|p1a: Ferrothorn
|-sidestart|p1: hail nightmare|move: Stealth Rock
|
|-heal|p2a: Ferrothorn|100/100|[from] item: Leftovers
|upkeep
|turn|3
|
|t:|1743306515
|move|p1a: Ferrothorn|Spikes|p2a: Ferrothorn
|-sidestart|p2: epiccure9|Spikes
|move|p2a: Ferrothorn|Spikes|p1a: Ferrothorn
|-sidestart|p1: hail nightmare|Spikes
|
|upkeep
|turn|4
|
|t:|1743306518
|switch|p1a: Landorus|Landorus-Therian, M|100/100
|-damage|p1a: Landorus|88/100|[from] Stealth Rock
|-ability|p1a: Landorus|Intimidate|boost
|-unboost|p2a: Ferrothorn|atk|1
|move|p2a: Ferrothorn|Spikes|p1a: Landorus
|-sidestart|p1: hail nightmare|Spikes
|
|upkeep
|turn|5
|
|t:|1743306524
|move|p1a: Landorus|Superpower|p2a: Ferrothorn
|-supereffective|p2a: Ferrothorn
|-damage|p2a: Ferrothorn|28/100
|-unboost|p1a: Landorus|atk|1
|-unboost|p1a: Landorus|def|1
|-damage|p1a: Landorus|76/100|[from] ability: Iron Barbs|[of] p2a: Ferrothorn
|move|p2a: Ferrothorn|Power Whip|p1a: Landorus
|-damage|p1a: Landorus|30/100
|
|-heal|p2a: Ferrothorn|34/100|[from] item: Leftovers
|upkeep
|turn|6
|
|t:|1743306534
|move|p1a: Landorus|Superpower|p2a: Ferrothorn
|-supereffective|p2a: Ferrothorn
|-damage|p2a: Ferrothorn|0 fnt
|-unboost|p1a: Landorus|atk|1
|-unboost|p1a: Landorus|def|1
|-damage|p1a: Landorus|17/100|[from] ability: Iron Barbs|[of] p2a: Ferrothorn
|faint|p2a: Ferrothorn
|
|upkeep
|
|t:|1743306539
|switch|p2a: Politoed|Politoed, M|100/100
|-damage|p2a: Politoed|88/100|[from] Stealth Rock
|-damage|p2a: Politoed|76/100|[from] Spikes
|-weather|RainDance|[from] ability: Drizzle|[of] p2a: Politoed
|turn|7
|
|t:|1743306560
|move|p1a: Landorus|Earthquake|p2a: Politoed
|-damage|p2a: Politoed|31/100
|move|p2a: Politoed|Hydro Pump|p1a: Landorus
|-supereffective|p1a: Landorus
|-damage|p1a: Landorus|0 fnt
|faint|p1a: Landorus
|
|-weather|RainDance|[upkeep]
|upkeep
|
|t:|1743306566
|switch|p1a: Latias|Latias, F|100/100
|-damage|p1a: Latias|88/100|[from] Stealth Rock
|turn|8
|
|t:|1743306573
|switch|p2a: Jirachi|Jirachi|100/100
|-damage|p2a: Jirachi|94/100|[from] Stealth Rock
|-damage|p2a: Jirachi|82/100|[from] Spikes
|move|p1a: Latias|Thunder|p2a: Jirachi
|-crit|p2a: Jirachi
|-damage|p2a: Jirachi|21/100
|-status|p2a: Jirachi|par
|
|-weather|RainDance|[upkeep]
|-heal|p2a: Jirachi|27/100 par|[from] item: Leftovers
|upkeep
|turn|9
|
|t:|1743306580
|switch|p1a: Excadrill|Excadrill, M|100/100
|-damage|p1a: Excadrill|97/100|[from] Stealth Rock
|-damage|p1a: Excadrill|81/100|[from] Spikes
|move|p2a: Jirachi|Thunder|p1a: Excadrill
|-immune|p1a: Excadrill
|
|-weather|RainDance|[upkeep]
|-heal|p2a: Jirachi|33/100 par|[from] item: Leftovers
|upkeep
|turn|10
|
|t:|1743306587
|switch|p2a: Rotom|Rotom-Wash|100/100
|-damage|p2a: Rotom|88/100|[from] Stealth Rock
|move|p1a: Excadrill|Rapid Spin|p2a: Rotom
|-damage|p2a: Rotom|81/100
|-sideend|p1: hail nightmare|Spikes|[from] move: Rapid Spin|[of] p1a: Excadrill
|-sideend|p1: hail nightmare|Stealth Rock|[from] move: Rapid Spin|[of] p1a: Excadrill
|
|-weather|RainDance|[upkeep]
|-heal|p2a: Rotom|88/100|[from] item: Leftovers
|upkeep
|turn|11
|
|t:|1743306592
|switch|p1a: Ferrothorn|Ferrothorn, M|79/100
|move|p2a: Rotom|Hydro Pump|p1a: Ferrothorn
|-resisted|p1a: Ferrothorn
|-damage|p1a: Ferrothorn|58/100
|
|-weather|RainDance|[upkeep]
|-heal|p2a: Rotom|94/100|[from] item: Leftovers
|upkeep
|turn|12
|
|t:|1743306596
|move|p2a: Rotom|Volt Switch|p1a: Ferrothorn
|-resisted|p1a: Ferrothorn
|-damage|p1a: Ferrothorn|51/100
|
|t:|1743306601
|switch|p2a: Jirachi|Jirachi|33/100 par|[from] Volt Switch
|-damage|p2a: Jirachi|27/100 par|[from] Stealth Rock
|-damage|p2a: Jirachi|14/100 par|[from] Spikes
|move|p1a: Ferrothorn|Power Whip|p2a: Jirachi
|-resisted|p2a: Jirachi
|-damage|p2a: Jirachi|1/100 par
|
|-weather|RainDance|[upkeep]
|-heal|p2a: Jirachi|7/100 par|[from] item: Leftovers
|upkeep
|turn|13
|c|☆hail nightmare|wait why do i have 1500
|
|t:|1743306615
|move|p1a: Ferrothorn|Power Whip|p2a: Jirachi
|-resisted|p2a: Jirachi
|-damage|p2a: Jirachi|0 fnt
|faint|p2a: Jirachi
|
|-weather|RainDance|[upkeep]
|upkeep
|c|☆hail nightmare|i havent used this acc in years
|
|t:|1743306629
|switch|p2a: Keldeo|Keldeo|100/100
|-damage|p2a: Keldeo|94/100|[from] Stealth Rock
|-damage|p2a: Keldeo|82/100|[from] Spikes
|turn|14
|
|t:|1743306643
|switch|p1a: Latias|Latias, F|88/100
|move|p2a: Keldeo|Secret Sword|p1a: Latias
|-resisted|p1a: Latias
|-damage|p1a: Latias|59/100
|
|-weather|RainDance|[upkeep]
|upkeep
|turn|15
|
|t:|1743306649
|switch|p2a: Rotom|Rotom-Wash|94/100
|-damage|p2a: Rotom|81/100|[from] Stealth Rock
|move|p1a: Latias|Roost|p1a: Latias
|-heal|p1a: Latias|100/100
|-singleturn|p1a: Latias|move: Roost
|
|-weather|RainDance|[upkeep]
|-heal|p2a: Rotom|88/100|[from] item: Leftovers
|upkeep
|turn|16
|
|t:|1743306658
|switch|p1a: Tyranitar|Tyranitar, M|100/100
|-weather|Sandstorm|[from] ability: Sand Stream|[of] p1a: Tyranitar
|move|p2a: Rotom|Will-O-Wisp|p1a: Tyranitar
|-status|p1a: Tyranitar|brn
|
|-weather|Sandstorm|[upkeep]
|-damage|p2a: Rotom|81/100|[from] Sandstorm
|-heal|p2a: Rotom|88/100|[from] item: Leftovers
|-damage|p1a: Tyranitar|88/100 brn|[from] brn
|upkeep
|turn|17
|
|t:|1743306668
|move|p2a: Rotom|Hydro Pump|p1a: Tyranitar|[miss]
|-miss|p2a: Rotom|p1a: Tyranitar
|move|p1a: Tyranitar|Crunch|p2a: Rotom
|-damage|p2a: Rotom|69/100
|
|-weather|Sandstorm|[upkeep]
|-damage|p2a: Rotom|63/100|[from] Sandstorm
|-heal|p2a: Rotom|69/100|[from] item: Leftovers
|-damage|p1a: Tyranitar|76/100 brn|[from] brn
|upkeep
|turn|18
|
|t:|1743306673
|switch|p1a: Ferrothorn|Ferrothorn, M|51/100
|move|p2a: Rotom|Hydro Pump|p1a: Ferrothorn|[miss]
|-miss|p2a: Rotom|p1a: Ferrothorn
|
|-weather|Sandstorm|[upkeep]
|-damage|p2a: Rotom|63/100|[from] Sandstorm
|-heal|p2a: Rotom|69/100|[from] item: Leftovers
|upkeep
|turn|19
|inactive|hail nightmare has 120 seconds left.
|
|t:|1743306703
|move|p2a: Rotom|Will-O-Wisp|p1a: Ferrothorn
|-status|p1a: Ferrothorn|brn
|-enditem|p1a: Ferrothorn|Lum Berry|[eat]
|-curestatus|p1a: Ferrothorn|brn|[msg]
|move|p1a: Ferrothorn|Power Whip|p2a: Rotom|[miss]
|-miss|p1a: Ferrothorn|p2a: Rotom
|
|-weather|Sandstorm|[upkeep]
|-damage|p2a: Rotom|63/100|[from] Sandstorm
|-heal|p2a: Rotom|69/100|[from] item: Leftovers
|upkeep
|turn|20
|
|t:|1743306707
|move|p2a: Rotom|Will-O-Wisp|p1a: Ferrothorn
|-status|p1a: Ferrothorn|brn
|move|p1a: Ferrothorn|Power Whip|p2a: Rotom|[miss]
|-miss|p1a: Ferrothorn|p2a: Rotom
|
|-weather|Sandstorm|[upkeep]
|-damage|p2a: Rotom|63/100|[from] Sandstorm
|-heal|p2a: Rotom|69/100|[from] item: Leftovers
|-damage|p1a: Ferrothorn|38/100 brn|[from] brn
|upkeep
|turn|21
|
|t:|1743306713
|move|p2a: Rotom|Volt Switch|p1a: Ferrothorn
|-resisted|p1a: Ferrothorn
|-damage|p1a: Ferrothorn|30/100 brn
|
|t:|1743306715
|switch|p2a: Latios|Latios, M|100/100|[from] Volt Switch
|-damage|p2a: Latios|88/100|[from] Stealth Rock
|move|p1a: Ferrothorn|Explosion|p2a: Latios
|-damage|p2a: Latios|51/100
|faint|p1a: Ferrothorn
|
|-weather|Sandstorm|[upkeep]
|-damage|p2a: Latios|45/100|[from] Sandstorm
|upkeep
|
|t:|1743306720
|switch|p1a: Tyranitar|Tyranitar, M|76/100 brn
|turn|22
|
|t:|1743306725
|move|p2a: Latios|Draco Meteor|p1a: Tyranitar
|-damage|p1a: Tyranitar|21/100 brn
|-unboost|p2a: Latios|spa|2
|move|p1a: Tyranitar|Pursuit|p2a: Latios
|-supereffective|p2a: Latios
|-damage|p2a: Latios|17/100
|
|-weather|Sandstorm|[upkeep]
|-damage|p2a: Latios|11/100|[from] Sandstorm
|-damage|p1a: Tyranitar|9/100 brn|[from] brn
|upkeep
|turn|23
|
|t:|1743306732
|move|p2a: Latios|Draco Meteor|p1a: Tyranitar
|-crit|p1a: Tyranitar
|-damage|p1a: Tyranitar|0 fnt
|-unboost|p2a: Latios|spa|2
|faint|p1a: Tyranitar
|
|-weather|Sandstorm|[upkeep]
|-damage|p2a: Latios|5/100|[from] Sandstorm
|upkeep
|
|t:|1743306736
|switch|p1a: Excadrill|Excadrill, M|81/100
|turn|24
|
|t:|1743306746
|move|p1a: Excadrill|Iron Head|p2a: Latios
|-damage|p2a: Latios|0 fnt
|faint|p2a: Latios
|
|-weather|Sandstorm|[upkeep]
|upkeep
|
|t:|1743306751
|switch|p2a: Politoed|Politoed, M|31/100
|-damage|p2a: Politoed|18/100|[from] Stealth Rock
|-damage|p2a: Politoed|6/100|[from] Spikes
|-weather|RainDance|[from] ability: Drizzle|[of] p2a: Politoed
|turn|25
|
|t:|1743306757
|move|p1a: Excadrill|Iron Head|p2a: Politoed
|-resisted|p2a: Politoed
|-damage|p2a: Politoed|0 fnt
|faint|p2a: Politoed
|
|-weather|RainDance|[upkeep]
|upkeep
|
|t:|1743306761
|switch|p2a: Rotom|Rotom-Wash|69/100
|-damage|p2a: Rotom|57/100|[from] Stealth Rock
|turn|26
|
|t:|1743306772
|move|p1a: Excadrill|Iron Head|p2a: Rotom
|-resisted|p2a: Rotom
|-damage|p2a: Rotom|48/100
|cant|p2a: Rotom|flinch
|
|-weather|RainDance|[upkeep]
|-heal|p2a: Rotom|54/100|[from] item: Leftovers
|upkeep
|turn|27
|
|t:|1743306780
|switch|p1a: Keldeo|Keldeo-Resolute|100/100
|-item|p1a: Keldeo|Air Balloon
|move|p2a: Rotom|Hydro Pump|p1a: Keldeo|[miss]
|-miss|p2a: Rotom|p1a: Keldeo
|
|-weather|RainDance|[upkeep]
|-heal|p2a: Rotom|61/100|[from] item: Leftovers
|upkeep
|turn|28
|
|t:|1743306789
|move|p1a: Keldeo|Secret Sword|p2a: Rotom
|-damage|p2a: Rotom|23/100
|move|p2a: Rotom|Volt Switch|p1a: Keldeo
|-supereffective|p1a: Keldeo
|-damage|p1a: Keldeo|47/100
|-enditem|p1a: Keldeo|Air Balloon
|
|t:|1743306792
|switch|p2a: Keldeo|Keldeo|82/100|[from] Volt Switch
|-damage|p2a: Keldeo|76/100|[from] Stealth Rock
|-damage|p2a: Keldeo|63/100|[from] Spikes
|
|-weather|RainDance|[upkeep]
|upkeep
|turn|29
|
|t:|1743306799
|move|p2a: Keldeo|Hydro Pump|p1a: Keldeo
|-resisted|p1a: Keldeo
|-crit|p1a: Keldeo
|-damage|p1a: Keldeo|0 fnt
|faint|p1a: Keldeo
|
|-weather|RainDance|[upkeep]
|upkeep
|
|t:|1743306803
|switch|p1a: Latias|Latias, F|100/100
|turn|30
|
|t:|1743306810
|move|p2a: Keldeo|Hydro Pump|p1a: Latias
|-resisted|p1a: Latias
|-damage|p1a: Latias|61/100
|move|p1a: Latias|Thunder|p2a: Keldeo
|-supereffective|p2a: Keldeo
|-damage|p2a: Keldeo|0 fnt
|faint|p2a: Keldeo
|
|-weather|RainDance|[upkeep]
|upkeep
|
|t:|1743306812
|switch|p2a: Rotom|Rotom-Wash|23/100
|-damage|p2a: Rotom|10/100|[from] Stealth Rock
|turn|31
|
|t:|1743306815
|move|p1a: Latias|Thunder|p2a: Rotom
|-damage|p2a: Rotom|0 fnt
|faint|p2a: Rotom
|
|win|hail nightmare
|raw|hail nightmare's rating: 1500 &rarr; <strong>1520</strong><br />(+20 for winning)
|raw|epiccure9's rating: 1508 &rarr; <strong>1488</strong><br />(-20 for losing)
|c|☆hail nightmare|gg
