|j|☆ImaginewasTaken
|j|☆My name is Blaise
|t:|1724527679
|gametype|singles
|player|p1|ImaginewasTaken|n|1325
|player|p2|My name is Blaise|n|1414
|teamsize|p1|6
|teamsize|p2|6
|gen|5
|tier|[Gen 5] OU
|rated|
|rule|Species Clause: Limit one of each Pokémon
|rule|OHKO Clause: OHKO moves are banned
|rule|Moody Clause: Moody is banned
|rule|Evasion Items Clause: Evasion items are banned
|rule|Evasion Moves Clause: Evasion moves are banned
|rule|Endless Battle Clause: Forcing endless battles is banned
|rule|HP Percentage Mod: HP is shown in percentages
|rule|Evasion Abilities Clause: Evasion abilities are banned
|rule|Sleep Moves Clause: Sleep-inducing moves are banned
|rule|Swagger Clause: Swagger is banned
|rule|Baton Pass Stat Clause: No Baton Passer may have a way to boost its stats
|clearpoke
|poke|p1|Hippowdon, M|item
|poke|p1|Alakazam, M|item
|poke|p1|Breloom, M|item
|poke|p1|Ferrothorn, F|item
|poke|p1|Excadrill, M|item
|poke|p1|Gastrodon-East, M|item
|poke|p2|Hippowdon, M|item
|poke|p2|Tangrowth, M|item
|poke|p2|Slowbro, M|item
|poke|p2|Scizor, M|item
|poke|p2|Blissey, F|item
|poke|p2|Excadrill, M|item
|teampreview
|
|t:|1724527706
|start
|switch|p1a: East-Side|Gastrodon-East, M|100/100
|switch|p2a: KM|Slowbro, M|100/100
|turn|1
|
|t:|1724527721
|switch|p2a: Volthu|Blissey, F, shiny|100/100
|move|p1a: East-Side|Toxic|p2a: Volthu
|-status|p2a: Volthu|tox
|
|-damage|p2a: Volthu|94/100 tox|[from] psn
|upkeep
|turn|2
|
|t:|1724527729
|-curestatus|p2a: Volthu|tox|[from] ability: Natural Cure
|switch|p2a: KM|Slowbro, M|100/100
|switch|p1a: P.O.W.|Hippowdon, M|100/100
|-weather|Sandstorm|[from] ability: Sand Stream|[of] p1a: P.O.W.
|
|-weather|Sandstorm|[upkeep]
|-damage|p2a: KM|94/100|[from] Sandstorm
|upkeep
|turn|3
|
|t:|1724527737
|switch|p1a: East-Side|Gastrodon-East, M|100/100
|move|p2a: KM|Scald|p1a: East-Side
|-ability|p1a: East-Side|Storm Drain|boost
|-boost|p1a: East-Side|spa|1
|
|-weather|Sandstorm|[upkeep]
|-damage|p2a: KM|88/100|[from] Sandstorm
|upkeep
|turn|4
|
|t:|1724527747
|switch|p2a: Volthu|Blissey, F, shiny|94/100
|move|p1a: East-Side|Scald|p2a: Volthu
|-damage|p2a: Volthu|83/100
|
|-weather|Sandstorm|[upkeep]
|-damage|p2a: Volthu|77/100|[from] Sandstorm
|-heal|p2a: Volthu|83/100|[from] item: Leftovers
|upkeep
|turn|5
|
|t:|1724527755
|move|p2a: Volthu|Toxic|p1a: East-Side
|-status|p1a: East-Side|tox
|move|p1a: East-Side|Toxic|p2a: Volthu
|-status|p2a: Volthu|tox
|
|-weather|Sandstorm|[upkeep]
|-damage|p2a: Volthu|77/100 tox|[from] Sandstorm
|-heal|p2a: Volthu|83/100 tox|[from] item: Leftovers
|-damage|p2a: Volthu|77/100 tox|[from] psn
|-damage|p1a: East-Side|94/100 tox|[from] psn
|upkeep
|turn|6
|
|t:|1724527766
|move|p2a: Volthu|Seismic Toss|p1a: East-Side
|-damage|p1a: East-Side|71/100 tox
|move|p1a: East-Side|Toxic|p2a: Volthu
|-fail|p2a: Volthu|tox
|
|-weather|Sandstorm|[upkeep]
|-damage|p2a: Volthu|71/100 tox|[from] Sandstorm
|-heal|p2a: Volthu|77/100 tox|[from] item: Leftovers
|-heal|p1a: East-Side|77/100 tox|[from] item: Leftovers
|-damage|p2a: Volthu|65/100 tox|[from] psn
|-damage|p1a: East-Side|65/100 tox|[from] psn
|upkeep
|turn|7
|
|t:|1724527783
|move|p2a: Volthu|Wish|p2a: Volthu
|move|p1a: East-Side|Recover|p1a: East-Side
|-heal|p1a: East-Side|100/100 tox
|
|-weather|Sandstorm|[upkeep]
|-damage|p2a: Volthu|59/100 tox|[from] Sandstorm
|-heal|p2a: Volthu|65/100 tox|[from] item: Leftovers
|-damage|p2a: Volthu|46/100 tox|[from] psn
|-damage|p1a: East-Side|82/100 tox|[from] psn
|upkeep
|turn|8
|
|t:|1724527797
|switch|p1a: RIP freaky-chomp|Ferrothorn, F|100/100
|move|p2a: Volthu|Seismic Toss|p1a: RIP freaky-chomp
|-damage|p1a: RIP freaky-chomp|72/100
|-damage|p2a: Volthu|34/100 tox|[from] ability: Iron Barbs|[of] p1a: RIP freaky-chomp
|
|-weather|Sandstorm|[upkeep]
|-damage|p2a: Volthu|28/100 tox|[from] Sandstorm
|-heal|p2a: Volthu|78/100 tox|[from] move: Wish|[wisher] Volthu
|-heal|p2a: Volthu|84/100 tox|[from] item: Leftovers
|-heal|p1a: RIP freaky-chomp|78/100|[from] item: Leftovers
|-damage|p2a: Volthu|59/100 tox|[from] psn
|upkeep
|turn|9
|
|t:|1724527813
|-curestatus|p2a: Volthu|tox|[from] ability: Natural Cure
|switch|p2a: H|Excadrill, M|100/100
|move|p1a: RIP freaky-chomp|Leech Seed|p2a: H
|-start|p2a: H|move: Leech Seed
|
|-weather|Sandstorm|[upkeep]
|-heal|p1a: RIP freaky-chomp|85/100|[from] item: Leftovers
|-damage|p2a: H|88/100|[from] Leech Seed|[of] p1a: RIP freaky-chomp
|-heal|p1a: RIP freaky-chomp|99/100|[silent]
|upkeep
|turn|10
|
|t:|1724527822
|switch|p2a: KM|Slowbro, M|100/100
|move|p1a: RIP freaky-chomp|Spikes|p2a: KM
|-sidestart|p2: My name is Blaise|Spikes
|
|-weather|Sandstorm|[upkeep]
|-damage|p2a: KM|94/100|[from] Sandstorm
|-heal|p1a: RIP freaky-chomp|100/100|[from] item: Leftovers
|upkeep
|turn|11
|
|t:|1724527827
|move|p2a: KM|Trick|p1a: RIP freaky-chomp
|-activate|p2a: KM|move: Trick|[of] p1a: RIP freaky-chomp
|-item|p1a: RIP freaky-chomp|Choice Specs|[from] move: Trick
|-item|p2a: KM|Leftovers|[from] move: Trick
|move|p1a: RIP freaky-chomp|Leech Seed|p2a: KM
|-start|p2a: KM|move: Leech Seed
|
|-weather|Sandstorm|[upkeep]
|-damage|p2a: KM|88/100|[from] Sandstorm
|-heal|p2a: KM|94/100|[from] item: Leftovers
|-damage|p2a: KM|82/100|[from] Leech Seed|[of] p1a: RIP freaky-chomp
|upkeep
|turn|12
|
|t:|1724527833
|switch|p2a: H|Excadrill, M|88/100
|-damage|p2a: H|76/100|[from] Spikes
|switch|p1a: East-Side|Gastrodon-East, M|82/100 tox
|
|-weather|Sandstorm|[upkeep]
|-heal|p2a: H|82/100|[from] item: Leftovers
|-heal|p1a: East-Side|88/100 tox|[from] item: Leftovers
|-damage|p1a: East-Side|82/100 tox|[from] psn
|upkeep
|turn|13
|
|t:|1724527843
|move|p2a: H|Protect|p2a: H
|-singleturn|p2a: H|Protect
|move|p1a: East-Side|Scald|p2a: H
|-activate|p2a: H|move: Protect
|
|-weather|Sandstorm|[upkeep]
|-heal|p2a: H|88/100|[from] item: Leftovers
|-heal|p1a: East-Side|88/100 tox|[from] item: Leftovers
|-damage|p1a: East-Side|76/100 tox|[from] psn
|upkeep
|turn|14
|
|t:|1724527850
|move|p2a: H|Earthquake|p1a: East-Side
|-crit|p1a: East-Side
|-damage|p1a: East-Side|0 fnt
|faint|p1a: East-Side
|
|-weather|Sandstorm|[upkeep]
|-heal|p2a: H|94/100|[from] item: Leftovers
|upkeep
|c|☆ImaginewasTaken|yikes
|
|t:|1724527876
|switch|p1a: OHKO|Excadrill, M|100/100
|turn|15
|
|t:|1724527881
|switch|p2a: Ex|Tangrowth, M|100/100
|-damage|p2a: Ex|88/100|[from] Spikes
|move|p1a: OHKO|Earthquake|p2a: Ex
|-resisted|p2a: Ex
|-damage|p2a: Ex|67/100
|
|-weather|Sandstorm|[upkeep]
|-damage|p2a: Ex|61/100|[from] Sandstorm
|upkeep
|turn|16
|
|t:|1724527905
|switch|p1a: RIP freaky-chomp|Ferrothorn, F|100/100
|switch|p2a: KM|Slowbro, M|100/100
|-damage|p2a: KM|88/100|[from] Spikes
|
|-weather|Sandstorm|[upkeep]
|-damage|p2a: KM|82/100|[from] Sandstorm
|-heal|p2a: KM|88/100|[from] item: Leftovers
|upkeep
|turn|17
|
|t:|1724527915
|switch|p2a: H|Excadrill, M|94/100
|-damage|p2a: H|82/100|[from] Spikes
|move|p1a: RIP freaky-chomp|Leech Seed|p2a: H
|-start|p2a: H|move: Leech Seed
|
|-weather|Sandstorm|[upkeep]
|-heal|p2a: H|88/100|[from] item: Leftovers
|-damage|p2a: H|75/100|[from] Leech Seed|[of] p1a: RIP freaky-chomp
|upkeep
|turn|18
|
|t:|1724527928
|move|p2a: H|Rapid Spin|p1a: RIP freaky-chomp
|-resisted|p1a: RIP freaky-chomp
|-damage|p1a: RIP freaky-chomp|98/100
|-damage|p2a: H|63/100|[from] ability: Iron Barbs|[of] p1a: RIP freaky-chomp
|-end|p2a: H|Leech Seed|[from] move: Rapid Spin|[of] p2a: H
|-sideend|p2: My name is Blaise|Spikes|[from] move: Rapid Spin|[of] p2a: H
|move|p1a: RIP freaky-chomp|Leech Seed|p2a: H
|-start|p2a: H|move: Leech Seed
|
|-weather|Sandstorm|[upkeep]
|-heal|p2a: H|69/100|[from] item: Leftovers
|-damage|p2a: H|57/100|[from] Leech Seed|[of] p1a: RIP freaky-chomp
|-heal|p1a: RIP freaky-chomp|100/100|[silent]
|upkeep
|turn|19
|
|t:|1724527944
|switch|p2a: Ex|Tangrowth, M|94/100
|move|p1a: RIP freaky-chomp|Leech Seed|p2a: Ex
|-immune|p2a: Ex
|
|-weather|Sandstorm|[upkeep]
|-damage|p2a: Ex|88/100|[from] Sandstorm
|upkeep
|turn|20
|
|t:|1724527950
|switch|p2a: H|Excadrill, M|57/100
|switch|p1a: MY GOAT RAAAHHHH|Breloom, M|100/100
|
|-weather|Sandstorm|[upkeep]
|-damage|p1a: MY GOAT RAAAHHHH|94/100|[from] Sandstorm
|-heal|p2a: H|63/100|[from] item: Leftovers
|-status|p1a: MY GOAT RAAAHHHH|tox|[from] item: Toxic Orb
|upkeep
|turn|21
|
|t:|1724527970
|switch|p2a: Ex|Tangrowth, M|100/100
|move|p1a: MY GOAT RAAAHHHH|Swords Dance|p1a: MY GOAT RAAAHHHH
|-boost|p1a: MY GOAT RAAAHHHH|atk|2
|
|-weather|Sandstorm|[upkeep]
|-damage|p1a: MY GOAT RAAAHHHH|88/100 tox|[from] Sandstorm
|-damage|p2a: Ex|94/100|[from] Sandstorm
|-heal|p1a: MY GOAT RAAAHHHH|100/100 tox|[from] ability: Poison Heal
|upkeep
|turn|22
|
|t:|1724527976
|move|p1a: MY GOAT RAAAHHHH|Drain Punch|p2a: Ex
|-damage|p2a: Ex|63/100
|-damage|p1a: MY GOAT RAAAHHHH|84/100 tox|[from] item: Rocky Helmet|[of] p2a: Ex
|move|p2a: Ex|Hidden Power|p1a: MY GOAT RAAAHHHH
|-supereffective|p1a: MY GOAT RAAAHHHH
|-damage|p1a: MY GOAT RAAAHHHH|49/100 tox
|
|-weather|Sandstorm|[upkeep]
|-damage|p1a: MY GOAT RAAAHHHH|43/100 tox|[from] Sandstorm
|-damage|p2a: Ex|57/100|[from] Sandstorm
|-heal|p1a: MY GOAT RAAAHHHH|55/100 tox|[from] ability: Poison Heal
|upkeep
|turn|23
|
|t:|1724527989
|switch|p2a: KM|Slowbro, M|100/100
|move|p1a: MY GOAT RAAAHHHH|Protect||[still]
|-fail|p1a: MY GOAT RAAAHHHH
|
|-weather|Sandstorm|[upkeep]
|-damage|p1a: MY GOAT RAAAHHHH|49/100 tox|[from] Sandstorm
|-damage|p2a: KM|94/100|[from] Sandstorm
|-heal|p2a: KM|100/100|[from] item: Leftovers
|-heal|p1a: MY GOAT RAAAHHHH|61/100 tox|[from] ability: Poison Heal
|upkeep
|turn|24
|
|t:|1724527994
|move|p1a: MY GOAT RAAAHHHH|Protect|p1a: MY GOAT RAAAHHHH
|-singleturn|p1a: MY GOAT RAAAHHHH|Protect
|move|p2a: KM|Psyshock|p1a: MY GOAT RAAAHHHH
|-activate|p1a: MY GOAT RAAAHHHH|move: Protect
|
|-weather|Sandstorm|[upkeep]
|-damage|p1a: MY GOAT RAAAHHHH|55/100 tox|[from] Sandstorm
|-damage|p2a: KM|94/100|[from] Sandstorm
|-heal|p2a: KM|100/100|[from] item: Leftovers
|-heal|p1a: MY GOAT RAAAHHHH|68/100 tox|[from] ability: Poison Heal
|upkeep
|turn|25
|
|t:|1724528021
|switch|p1a: RIP freaky-chomp|Ferrothorn, F|100/100
|move|p2a: KM|Ice Beam|p1a: RIP freaky-chomp
|-damage|p1a: RIP freaky-chomp|85/100
|
|-weather|Sandstorm|[upkeep]
|-damage|p2a: KM|94/100|[from] Sandstorm
|-heal|p2a: KM|100/100|[from] item: Leftovers
|upkeep
|turn|26
|
|t:|1724528038
|move|p2a: KM|Scald|p1a: RIP freaky-chomp
|-resisted|p1a: RIP freaky-chomp
|-damage|p1a: RIP freaky-chomp|75/100
|move|p1a: RIP freaky-chomp|Spikes|p2a: KM
|-sidestart|p2: My name is Blaise|Spikes
|
|-weather|Sandstorm|[upkeep]
|-damage|p2a: KM|94/100|[from] Sandstorm
|-heal|p2a: KM|100/100|[from] item: Leftovers
|upkeep
|turn|27
|
|t:|1724528050
|switch|p2a: H|Excadrill, M|63/100
|-damage|p2a: H|50/100|[from] Spikes
|move|p1a: RIP freaky-chomp|Spikes|p2a: H
|-sidestart|p2: My name is Blaise|Spikes
|
|-weather|Sandstorm|[upkeep]
|-heal|p2a: H|56/100|[from] item: Leftovers
|upkeep
|turn|28
|
|t:|1724528056
|move|p2a: H|Earthquake|p1a: RIP freaky-chomp
|-damage|p1a: RIP freaky-chomp|20/100
|move|p1a: RIP freaky-chomp|Spikes|p2a: H
|-sidestart|p2: My name is Blaise|Spikes
|
|-weather|Sandstorm|[upkeep]
|-heal|p2a: H|62/100|[from] item: Leftovers
|upkeep
|turn|29
|
|t:|1724528062
|move|p2a: H|Rapid Spin|p1a: RIP freaky-chomp
|-resisted|p1a: RIP freaky-chomp
|-damage|p1a: RIP freaky-chomp|18/100
|-damage|p2a: H|50/100|[from] ability: Iron Barbs|[of] p1a: RIP freaky-chomp
|-sideend|p2: My name is Blaise|Spikes|[from] move: Rapid Spin|[of] p2a: H
|move|p1a: RIP freaky-chomp|Spikes|p2a: H
|-sidestart|p2: My name is Blaise|Spikes
|
|-weather|Sandstorm|[upkeep]
|-heal|p2a: H|56/100|[from] item: Leftovers
|upkeep
|turn|30
|
|t:|1724528073
|switch|p1a: MY GOAT RAAAHHHH|Breloom, M|68/100 tox
|move|p2a: H|Earthquake|p1a: MY GOAT RAAAHHHH
|-resisted|p1a: MY GOAT RAAAHHHH
|-damage|p1a: MY GOAT RAAAHHHH|23/100 tox
|
|-weather|Sandstorm|[upkeep]
|-damage|p1a: MY GOAT RAAAHHHH|16/100 tox|[from] Sandstorm
|-heal|p2a: H|62/100|[from] item: Leftovers
|-heal|p1a: MY GOAT RAAAHHHH|29/100 tox|[from] ability: Poison Heal
|upkeep
|turn|31
|
|t:|1724528094
|move|p2a: H|Earthquake|p1a: MY GOAT RAAAHHHH
|-resisted|p1a: MY GOAT RAAAHHHH
|-damage|p1a: MY GOAT RAAAHHHH|0 fnt
|faint|p1a: MY GOAT RAAAHHHH
|
|-weather|Sandstorm|[upkeep]
|-heal|p2a: H|68/100|[from] item: Leftovers
|upkeep
|
|t:|1724528097
|switch|p1a: OHKO|Excadrill, M|100/100
|turn|32
|
|t:|1724528105
|switch|p2a: Ex|Tangrowth, M|90/100
|-damage|p2a: Ex|77/100|[from] Spikes
|move|p1a: OHKO|Earthquake|p2a: Ex
|-resisted|p2a: Ex
|-crit|p2a: Ex
|-damage|p2a: Ex|35/100
|
|-weather|Sandstorm|[upkeep]
|-damage|p2a: Ex|29/100|[from] Sandstorm
|upkeep
|turn|33
|
|t:|1724528119
|move|p1a: OHKO|Earthquake|p2a: Ex
|-resisted|p2a: Ex
|-damage|p2a: Ex|8/100
|move|p2a: Ex|Power Whip|p1a: OHKO|[miss]
|-miss|p2a: Ex|p1a: OHKO
|
|-weather|Sandstorm|[upkeep]
|-damage|p2a: Ex|2/100|[from] Sandstorm
|upkeep
|turn|34
|
|t:|1724528135
|switch|p2a: Don|Hippowdon, M|100/100
|-damage|p2a: Don|88/100|[from] Spikes
|move|p1a: OHKO|Earthquake|p2a: Don
|-damage|p2a: Don|48/100
|
|-weather|Sandstorm|[upkeep]
|-heal|p2a: Don|54/100|[from] item: Leftovers
|upkeep
|turn|35
|
|t:|1724528147
|switch|p1a: RIP freaky-chomp|Ferrothorn, F|18/100
|move|p2a: Don|Slack Off|p2a: Don
|-heal|p2a: Don|100/100
|
|-weather|Sandstorm|[upkeep]
|upkeep
|turn|36
|
|t:|1724528155
|move|p2a: Don|Earthquake|p1a: RIP freaky-chomp
|-damage|p1a: RIP freaky-chomp|0 fnt
|faint|p1a: RIP freaky-chomp
|
|-weather|Sandstorm|[upkeep]
|upkeep
|
|t:|1724528165
|switch|p1a: P.O.W.|Hippowdon, M|100/100
|turn|37
|
|t:|1724528175
|switch|p2a: KM|Slowbro, M|100/100
|-damage|p2a: KM|88/100|[from] Spikes
|move|p1a: P.O.W.|Stealth Rock|p2a: KM
|-sidestart|p2: My name is Blaise|move: Stealth Rock
|
|-weather|Sandstorm|[upkeep]
|-damage|p2a: KM|82/100|[from] Sandstorm
|-heal|p2a: KM|88/100|[from] item: Leftovers
|upkeep
|turn|38
|
|t:|1724528183
|move|p2a: KM|Scald|p1a: P.O.W.
|-supereffective|p1a: P.O.W.
|-damage|p1a: P.O.W.|57/100
|move|p1a: P.O.W.|Whirlwind|p2a: KM
|drag|p2a: H|Excadrill, M|68/100
|-damage|p2a: H|56/100|[from] Spikes
|-damage|p2a: H|53/100|[from] Stealth Rock
|
|-weather|Sandstorm|[upkeep]
|-heal|p2a: H|59/100|[from] item: Leftovers
|-heal|p1a: P.O.W.|63/100|[from] item: Leftovers
|upkeep
|turn|39
|
|t:|1724528200
|move|p2a: H|Rapid Spin|p1a: P.O.W.
|-damage|p1a: P.O.W.|58/100
|-sideend|p2: My name is Blaise|Spikes|[from] move: Rapid Spin|[of] p2a: H
|-sideend|p2: My name is Blaise|Stealth Rock|[from] move: Rapid Spin|[of] p2a: H
|move|p1a: P.O.W.|Earthquake|p2a: H
|-supereffective|p2a: H
|-damage|p2a: H|0 fnt
|faint|p2a: H
|
|-weather|Sandstorm|[upkeep]
|-heal|p1a: P.O.W.|64/100|[from] item: Leftovers
|upkeep
|
|t:|1724528220
|switch|p2a: Ex|Tangrowth, M|35/100
|turn|40
|
|t:|1724528224
|switch|p1a: OHKO|Excadrill, M|100/100
|move|p2a: Ex|Power Whip|p1a: OHKO
|-damage|p1a: OHKO|49/100
|
|-weather|Sandstorm|[upkeep]
|-damage|p2a: Ex|29/100|[from] Sandstorm
|upkeep
|turn|41
|
|t:|1724528249
|switch|p2a: Don|Hippowdon, M|100/100
|move|p1a: OHKO|Iron Head|p2a: Don
|-damage|p2a: Don|68/100
|
|-weather|Sandstorm|[upkeep]
|-heal|p2a: Don|75/100|[from] item: Leftovers
|upkeep
|turn|42
|
|t:|1724528284
|switch|p1a: P.O.W.|Hippowdon, M|64/100
|move|p2a: Don|Earthquake|p1a: P.O.W.
|-damage|p1a: P.O.W.|40/100
|
|-weather|Sandstorm|[upkeep]
|-heal|p1a: P.O.W.|46/100|[from] item: Leftovers
|-heal|p2a: Don|81/100|[from] item: Leftovers
|upkeep
|turn|43
|
|t:|1724528307
|switch|p2a: Ex|Tangrowth, M|62/100
|move|p1a: P.O.W.|Slack Off|p1a: P.O.W.
|-heal|p1a: P.O.W.|96/100
|
|-weather|Sandstorm|[upkeep]
|-damage|p2a: Ex|56/100|[from] Sandstorm
|-heal|p1a: P.O.W.|100/100|[from] item: Leftovers
|upkeep
|turn|44
|
|t:|1724528321
|move|p2a: Ex|Power Whip|p1a: P.O.W.
|-supereffective|p1a: P.O.W.
|-damage|p1a: P.O.W.|45/100
|move|p1a: P.O.W.|Stealth Rock|p2a: Ex
|-sidestart|p2: My name is Blaise|move: Stealth Rock
|
|-weather|Sandstorm|[upkeep]
|-damage|p2a: Ex|50/100|[from] Sandstorm
|-heal|p1a: P.O.W.|51/100|[from] item: Leftovers
|upkeep
|turn|45
|
|t:|1724528329
|switch|p1a: OHKO|Excadrill, M|49/100
|move|p2a: Ex|Power Whip|p1a: OHKO
|-damage|p1a: OHKO|0 fnt
|faint|p1a: OHKO
|
|-weather|Sandstorm|[upkeep]
|-damage|p2a: Ex|44/100|[from] Sandstorm
|upkeep
|
|t:|1724528333
|switch|p1a: Broom|Alakazam, M|100/100
|turn|46
|
|t:|1724528346
|move|p1a: Broom|Psychic|p2a: Ex
|-damage|p2a: Ex|0 fnt
|faint|p2a: Ex
|
|-weather|Sandstorm|[upkeep]
|upkeep
|
|t:|1724528351
|switch|p2a: Z|Scizor, M|100/100
|-damage|p2a: Z|88/100|[from] Stealth Rock
|turn|47
|
|t:|1724528354
|move|p1a: Broom|Hidden Power|p2a: Z
|-supereffective|p2a: Z
|-crit|p2a: Z
|-damage|p2a: Z|0 fnt
|faint|p2a: Z
|
|-weather|Sandstorm|[upkeep]
|upkeep
|
|t:|1724528358
|switch|p2a: Volthu|Blissey, F, shiny|59/100
|-damage|p2a: Volthu|47/100|[from] Stealth Rock
|turn|48
|
|t:|1724528366
|move|p1a: Broom|Psychic|p2a: Volthu
|-damage|p2a: Volthu|33/100
|-unboost|p2a: Volthu|spd|1
|move|p2a: Volthu|Wish|p2a: Volthu
|
|-weather|Sandstorm|[upkeep]
|-damage|p2a: Volthu|27/100|[from] Sandstorm
|-heal|p2a: Volthu|33/100|[from] item: Leftovers
|upkeep
|turn|49
|
|t:|1724528376
|move|p2a: Volthu|Protect|p2a: Volthu
|-singleturn|p2a: Volthu|Protect
|move|p1a: Broom|Psychic|p2a: Volthu
|-activate|p2a: Volthu|move: Protect
|
|-weather|Sandstorm|[upkeep]
|-damage|p2a: Volthu|27/100|[from] Sandstorm
|-heal|p2a: Volthu|77/100|[from] move: Wish|[wisher] Volthu
|-heal|p2a: Volthu|83/100|[from] item: Leftovers
|upkeep
|turn|50
|
|t:|1724528384
|switch|p1a: P.O.W.|Hippowdon, M|51/100
|switch|p2a: Don|Hippowdon, M|81/100
|-damage|p2a: Don|75/100|[from] Stealth Rock
|
|-weather|Sandstorm|[upkeep]
|-heal|p1a: P.O.W.|57/100|[from] item: Leftovers
|-heal|p2a: Don|81/100|[from] item: Leftovers
|upkeep
|turn|51
|
|t:|1724528395
|move|p2a: Don|Earthquake|p1a: P.O.W.
|-damage|p1a: P.O.W.|32/100
|move|p1a: P.O.W.|Slack Off|p1a: P.O.W.
|-heal|p1a: P.O.W.|82/100
|
|-weather|Sandstorm|[upkeep]
|-heal|p2a: Don|87/100|[from] item: Leftovers
|-heal|p1a: P.O.W.|88/100|[from] item: Leftovers
|upkeep
|turn|52
|
|t:|1724528410
|move|p1a: P.O.W.|Earthquake|p2a: Don
|-damage|p2a: Don|67/100
|move|p2a: Don|Earthquake|p1a: P.O.W.
|-damage|p1a: P.O.W.|63/100
|
|-weather|Sandstorm|[upkeep]
|-heal|p1a: P.O.W.|69/100|[from] item: Leftovers
|-heal|p2a: Don|73/100|[from] item: Leftovers
|upkeep
|turn|53
|
|t:|1724528414
|move|p1a: P.O.W.|Earthquake|p2a: Don
|-damage|p2a: Don|53/100
|move|p2a: Don|Earthquake|p1a: P.O.W.
|-damage|p1a: P.O.W.|44/100
|
|-weather|Sandstorm|[upkeep]
|-heal|p2a: Don|59/100|[from] item: Leftovers
|-heal|p1a: P.O.W.|50/100|[from] item: Leftovers
|upkeep
|turn|54
|
|t:|1724528418
|move|p1a: P.O.W.|Slack Off|p1a: P.O.W.
|-heal|p1a: P.O.W.|99/100
|move|p2a: Don|Earthquake|p1a: P.O.W.
|-damage|p1a: P.O.W.|76/100
|
|-weather|Sandstorm|[upkeep]
|-heal|p1a: P.O.W.|83/100|[from] item: Leftovers
|-heal|p2a: Don|65/100|[from] item: Leftovers
|upkeep
|turn|55
|
|t:|1724528421
|move|p1a: P.O.W.|Earthquake|p2a: Don
|-damage|p2a: Don|44/100
|move|p2a: Don|Earthquake|p1a: P.O.W.
|-crit|p1a: P.O.W.
|-damage|p1a: P.O.W.|33/100
|
|-weather|Sandstorm|[upkeep]
|-heal|p1a: P.O.W.|39/100|[from] item: Leftovers
|-heal|p2a: Don|50/100|[from] item: Leftovers
|upkeep
|turn|56
|
|t:|1724528427
|move|p2a: Don|Earthquake|p1a: P.O.W.
|-damage|p1a: P.O.W.|13/100
|move|p1a: P.O.W.|Slack Off|p1a: P.O.W.
|-heal|p1a: P.O.W.|63/100
|
|-weather|Sandstorm|[upkeep]
|-heal|p1a: P.O.W.|70/100|[from] item: Leftovers
|-heal|p2a: Don|57/100|[from] item: Leftovers
|upkeep
|turn|57
|
|t:|1724528431
|move|p2a: Don|Earthquake|p1a: P.O.W.
|-damage|p1a: P.O.W.|45/100
|move|p1a: P.O.W.|Slack Off|p1a: P.O.W.
|-heal|p1a: P.O.W.|95/100
|
|-weather|Sandstorm|[upkeep]
|-heal|p1a: P.O.W.|100/100|[from] item: Leftovers
|-heal|p2a: Don|63/100|[from] item: Leftovers
|upkeep
|turn|58
|
|t:|1724528436
|move|p1a: P.O.W.|Earthquake|p2a: Don
|-damage|p2a: Don|41/100
|move|p2a: Don|Earthquake|p1a: P.O.W.
|-damage|p1a: P.O.W.|77/100
|
|-weather|Sandstorm|[upkeep]
|-heal|p2a: Don|48/100|[from] item: Leftovers
|-heal|p1a: P.O.W.|83/100|[from] item: Leftovers
|upkeep
|turn|59
|
|t:|1724528441
|move|p1a: P.O.W.|Earthquake|p2a: Don
|-damage|p2a: Don|27/100
|move|p2a: Don|Slack Off|p2a: Don
|-heal|p2a: Don|77/100
|
|-weather|Sandstorm|[upkeep]
|-heal|p2a: Don|83/100|[from] item: Leftovers
|-heal|p1a: P.O.W.|89/100|[from] item: Leftovers
|upkeep
|turn|60
|
|t:|1724528445
|move|p2a: Don|Earthquake|p1a: P.O.W.
|-damage|p1a: P.O.W.|62/100
|move|p1a: P.O.W.|Earthquake|p2a: Don
|-damage|p2a: Don|64/100
|
|-weather|Sandstorm|[upkeep]
|-heal|p1a: P.O.W.|68/100|[from] item: Leftovers
|-heal|p2a: Don|70/100|[from] item: Leftovers
|upkeep
|turn|61
|
|t:|1724528454
|move|p2a: Don|Slack Off|p2a: Don
|-heal|p2a: Don|100/100
|move|p1a: P.O.W.|Earthquake|p2a: Don
|-damage|p2a: Don|80/100
|
|-weather|Sandstorm|[upkeep]
|-heal|p1a: P.O.W.|74/100|[from] item: Leftovers
|-heal|p2a: Don|86/100|[from] item: Leftovers
|upkeep
|turn|62
|
|t:|1724528460
|move|p1a: P.O.W.|Earthquake|p2a: Don
|-damage|p2a: Don|66/100
|move|p2a: Don|Whirlwind|p1a: P.O.W.
|drag|p1a: Broom|Alakazam, M|100/100
|
|-weather|Sandstorm|[upkeep]
|-heal|p2a: Don|72/100|[from] item: Leftovers
|upkeep
|turn|63
|
|t:|1724528469
|move|p1a: Broom|Grass Knot|p2a: Don
|-supereffective|p2a: Don
|-damage|p2a: Don|0 fnt
|faint|p2a: Don
|
|-weather|Sandstorm|[upkeep]
|upkeep
|
|t:|1724528473
|switch|p2a: Volthu|Blissey, F, shiny|83/100
|-damage|p2a: Volthu|71/100|[from] Stealth Rock
|turn|64
|
|t:|1724528477
|switch|p1a: P.O.W.|Hippowdon, M|74/100
|move|p2a: Volthu|Wish|p2a: Volthu
|
|-weather|Sandstorm|[upkeep]
|-damage|p2a: Volthu|65/100|[from] Sandstorm
|-heal|p2a: Volthu|71/100|[from] item: Leftovers
|-heal|p1a: P.O.W.|80/100|[from] item: Leftovers
|upkeep
|turn|65
|
|t:|1724528484
|move|p2a: Volthu|Toxic|p1a: P.O.W.
|-status|p1a: P.O.W.|tox
|move|p1a: P.O.W.|Whirlwind|p2a: Volthu
|drag|p2a: KM|Slowbro, M|100/100
|-damage|p2a: KM|88/100|[from] Stealth Rock
|
|-weather|Sandstorm|[upkeep]
|-damage|p2a: KM|82/100|[from] Sandstorm
|-heal|p2a: KM|100/100|[from] move: Wish|[wisher] Volthu
|-heal|p1a: P.O.W.|86/100 tox|[from] item: Leftovers
|-damage|p1a: P.O.W.|80/100 tox|[from] psn
|upkeep
|turn|66
|
|t:|1724528493
|move|p1a: P.O.W.|Earthquake|p2a: KM
|-damage|p2a: KM|77/100
|move|p2a: KM|Scald|p1a: P.O.W.
|-supereffective|p1a: P.O.W.
|-damage|p1a: P.O.W.|42/100 tox
|
|-weather|Sandstorm|[upkeep]
|-damage|p2a: KM|71/100|[from] Sandstorm
|-heal|p1a: P.O.W.|48/100 tox|[from] item: Leftovers
|-heal|p2a: KM|77/100|[from] item: Leftovers
|-damage|p1a: P.O.W.|35/100 tox|[from] psn
|upkeep
|turn|67
|
|t:|1724528499
|move|p1a: P.O.W.|Earthquake|p2a: KM
|-damage|p2a: KM|55/100
|move|p2a: KM|Scald|p1a: P.O.W.
|-supereffective|p1a: P.O.W.
|-damage|p1a: P.O.W.|0 fnt
|faint|p1a: P.O.W.
|
|-weather|Sandstorm|[upkeep]
|-damage|p2a: KM|49/100|[from] Sandstorm
|-heal|p2a: KM|55/100|[from] item: Leftovers
|upkeep
|
|t:|1724528501
|switch|p1a: Broom|Alakazam, M|100/100
|turn|68
|
|t:|1724528507
|move|p1a: Broom|Signal Beam|p2a: KM
|-supereffective|p2a: KM
|-damage|p2a: KM|0 fnt
|faint|p2a: KM
|
|-weather|Sandstorm|[upkeep]
|upkeep
|
|t:|1724528511
|switch|p2a: Volthu|Blissey, F, shiny|71/100
|-damage|p2a: Volthu|59/100|[from] Stealth Rock
|turn|69
|c|☆ImaginewasTaken|arg
|c|☆ImaginewasTaken|gg
|
|t:|1724528516
|move|p1a: Broom|Signal Beam|p2a: Volthu
|-damage|p2a: Volthu|50/100
|move|p2a: Volthu|Wish|p2a: Volthu
|
|-weather|Sandstorm|[upkeep]
|-damage|p2a: Volthu|44/100|[from] Sandstorm
|-heal|p2a: Volthu|50/100|[from] item: Leftovers
|upkeep
|turn|70
|
|t:|1724528521
|move|p1a: Broom|Signal Beam|p2a: Volthu
|-damage|p2a: Volthu|43/100
|move|p2a: Volthu|Seismic Toss|p1a: Broom
|-damage|p1a: Broom|61/100
|
|-weather|Sandstorm|[upkeep]
|-damage|p2a: Volthu|36/100|[from] Sandstorm
|-heal|p2a: Volthu|86/100|[from] move: Wish|[wisher] Volthu
|-heal|p2a: Volthu|93/100|[from] item: Leftovers
|upkeep
|turn|71
|c|☆My name is Blaise|gg wp
|
|t:|1724528536
|move|p1a: Broom|Signal Beam|p2a: Volthu
|-damage|p2a: Volthu|85/100
|move|p2a: Volthu|Seismic Toss|p1a: Broom
|-damage|p1a: Broom|21/100
|
|-weather|Sandstorm|[upkeep]
|-damage|p2a: Volthu|79/100|[from] Sandstorm
|-heal|p2a: Volthu|85/100|[from] item: Leftovers
|upkeep
|turn|72
|
|t:|1724528540
|move|p1a: Broom|Signal Beam|p2a: Volthu
|-damage|p2a: Volthu|76/100
|move|p2a: Volthu|Seismic Toss|p1a: Broom
|-damage|p1a: Broom|0 fnt
|faint|p1a: Broom
|
|win|My name is Blaise
|raw|ImaginewasTaken's rating: 1325 &rarr; <strong>1310</strong><br />(-15 for losing)
|raw|My name is Blaise's rating: 1414 &rarr; <strong>1429</strong><br />(+15 for winning)
|l|☆ImaginewasTaken
|player|p1|
