|j|come lava
|j|This Ain't Sparta
|player|p1|come lava|92
|player|p2|This Ain't Sparta|292
|gametype|singles
|gen|5
|tier|[Gen 5] OU
|rated
|seed|40242,25163,58602,9521
|rule|Evasion Abilities Clause: Evasion abilities are banned
|rule|Baton Pass Clause: Limit one Baton Passer, can't pass Spe and other stats simultaneously
|rule|Swagger Clause: Swagger is banned
|clearpoke
|poke|p1|Dragonite, F|item
|poke|p1|Landorus-Therian, M|item
|poke|p1|Kyurem-Black|item
|poke|p1|Magnezone|item
|poke|p1|Starmie|item
|poke|p1|Jirachi|item
|poke|p2|Sigilyph, M|item
|poke|p2|Latias, F|item
|poke|p2|Ferrothorn, M|item
|poke|p2|Hippowdon, M|item
|poke|p2|Rotom-Wash|item
|poke|p2|Heatran, M|item
|rule|Sleep Clause Mod: Limit one foe put to sleep
|rule|Species Clause: Limit one of each Pokémon
|rule|OHKO Clause: OHKO moves are banned
|rule|Moody Clause: Moody is banned
|rule|Evasion Moves Clause: Evasion moves are banned
|rule|Endless Battle Clause: Forcing endless battles is banned
|rule|HP Percentage Mod: HP is shown in percentages
|teampreview
|choice|team 3, team 2, team 1, team 4, team 5, team 6|team 3, team 2, team 1, team 4, team 5, team 6
|
|start
|switch|p1a: 100% UBER|Kyurem-Black|391/391
|switch|p2a: Ferrothorn|Ferrothorn, M|352/352
|-ability|p1a: 100% UBER|Teravolt
|turn|1
|choice|switch 4|switch 6
|
|switch|p1a: MEXICAN?|Magnezone|309/309
|switch|p2a: Heatran|Heatran, M|323/323
|
|upkeep
|turn|2
|choice|switch 5|move fireblast
|
|switch|p1a: FAST AF BUT OU|Starmie|262/262
|move|p2a: Heatran|Fire Blast|p1a: FAST AF BUT OU
|-resisted|p1a: FAST AF BUT OU
|-damage|p1a: FAST AF BUT OU|133/262
|
|upkeep
|turn|3
|choice|switch 4|switch 5
|
|switch|p2a: Rotom|Rotom-Wash|303/303
|switch|p1a: 100% UBER|Kyurem-Black|391/391
|-ability|p1a: 100% UBER|Teravolt
|
|upkeep
|turn|4
|choice|move outrage|switch 3
|
|switch|p2a: Sigilyph|Sigilyph, M|285/285
|move|p1a: 100% UBER|Outrage|p2a: Sigilyph
|-damage|p2a: Sigilyph|0 fnt
|faint|p2a: Sigilyph
|
|upkeep
|choice||switch 6
|
|switch|p2a: Ferrothorn|Ferrothorn, M|352/352
|turn|5
|choice|move outrage|move gyroball
|
|move|p1a: 100% UBER|Outrage|p2a: Ferrothorn|[from]lockedmove
|-resisted|p2a: Ferrothorn
|-damage|p2a: Ferrothorn|182/352
|-damage|p1a: 100% UBER|343/391|[from] ability: Iron Barbs|[of] p2a: Ferrothorn
|-start|p1a: 100% UBER|confusion|[fatigue]
|move|p2a: Ferrothorn|Gyro Ball|p1a: 100% UBER
|-supereffective|p1a: 100% UBER
|-damage|p1a: 100% UBER|0 fnt
|faint|p1a: 100% UBER
|
|-heal|p2a: Ferrothorn|204/352|[from] item: Leftovers
|upkeep
|choice|switch 5|
|
|switch|p1a: MEXICAN?|Magnezone|309/309
|turn|6
|choice|move hiddenpower|move spikes
|
|move|p1a: MEXICAN?|Hidden Power|p2a: Ferrothorn
|-supereffective|p2a: Ferrothorn
|-damage|p2a: Ferrothorn|0 fnt
|faint|p2a: Ferrothorn
|
|upkeep
|choice||switch 4
|
|switch|p2a: Hippowdon|Hippowdon, M|420/420
|-weather|Sandstorm|[from] ability: Sand Stream|[of] p2a: Hippowdon
|turn|7
|choice|switch 4|move earthquake
|
|switch|p1a: FAST AF BUT OU|Starmie|133/262
|move|p2a: Hippowdon|Earthquake|p1a: FAST AF BUT OU
|-damage|p1a: FAST AF BUT OU|0 fnt
|faint|p1a: FAST AF BUT OU
|
|-weather|Sandstorm|[upkeep]
|upkeep
|choice|switch 2|
|
|switch|p1a: SEMI-UBER|Landorus-Therian, M|379/379
|-ability|p1a: SEMI-UBER|Intimidate|boost
|-unboost|p2a: Hippowdon|atk|1
|turn|8
|choice|move stealthrock|move stealthrock
|
|move|p1a: SEMI-UBER|Stealth Rock|p2a: Hippowdon
|-sidestart|p2: This Ain't Sparta|move: Stealth Rock
|move|p2a: Hippowdon|Stealth Rock|p1a: SEMI-UBER
|-sidestart|p1: come lava|move: Stealth Rock
|
|-weather|Sandstorm|[upkeep]
|upkeep
|turn|9
|choice|move earthquake|move whirlwind
|
|move|p1a: SEMI-UBER|Earthquake|p2a: Hippowdon
|-damage|p2a: Hippowdon|317/420
|move|p2a: Hippowdon|Whirlwind|p1a: SEMI-UBER
|drag|p1a: ORDINARY OU|Dragonite, F|323/323
|-damage|p1a: ORDINARY OU|243/323|[from] Stealth Rock
|
|-weather|Sandstorm|[upkeep]
|-damage|p1a: ORDINARY OU|223/323|[from] sandstorm
|-heal|p2a: Hippowdon|343/420|[from] item: Leftovers
|upkeep
|turn|10
|choice|move firepunch|move slackoff
|
|move|p1a: ORDINARY OU|Fire Punch|p2a: Hippowdon
|-damage|p2a: Hippowdon|278/420
|move|p2a: Hippowdon|Slack Off|p2a: Hippowdon
|-heal|p2a: Hippowdon|420/420
|
|-weather|Sandstorm|[upkeep]
|-damage|p1a: ORDINARY OU|203/323|[from] sandstorm
|upkeep
|turn|11
|choice|switch 3|move whirlwind
|
|switch|p1a: SEMI-UBER|Landorus-Therian, M|379/379
|-damage|p1a: SEMI-UBER|332/379|[from] Stealth Rock
|-ability|p1a: SEMI-UBER|Intimidate|boost
|-unboost|p2a: Hippowdon|atk|1
|move|p2a: Hippowdon|Whirlwind|p1a: SEMI-UBER
|drag|p1a: ORDINARY OU|Dragonite, F|203/323
|-damage|p1a: ORDINARY OU|123/323|[from] Stealth Rock
|
|-weather|Sandstorm|[upkeep]
|-damage|p1a: ORDINARY OU|103/323|[from] sandstorm
|upkeep
|turn|12
|j|isuckwhy
|choice|switch 6|move whirlwind
|
|switch|p1a: HAX IS UBER|Jirachi|341/341
|-damage|p1a: HAX IS UBER|320/341|[from] Stealth Rock
|move|p2a: Hippowdon|Whirlwind|p1a: HAX IS UBER
|drag|p1a: SEMI-UBER|Landorus-Therian, M|332/379
|-damage|p1a: SEMI-UBER|285/379|[from] Stealth Rock
|-ability|p1a: SEMI-UBER|Intimidate|boost
|-unboost|p2a: Hippowdon|atk|1
|
|-weather|Sandstorm|[upkeep]
|-heal|p1a: SEMI-UBER|308/379|[from] item: Leftovers
|upkeep
|turn|13
|choice|move hiddenpower|move whirlwind
|
|move|p1a: SEMI-UBER|Hidden Power|p2a: Hippowdon
|-supereffective|p2a: Hippowdon
|-damage|p2a: Hippowdon|282/420
|move|p2a: Hippowdon|Whirlwind|p1a: SEMI-UBER
|drag|p1a: ORDINARY OU|Dragonite, F|103/323
|-damage|p1a: ORDINARY OU|23/323|[from] Stealth Rock
|
|-weather|Sandstorm|[upkeep]
|-damage|p1a: ORDINARY OU|3/323|[from] sandstorm
|-heal|p2a: Hippowdon|308/420|[from] item: Leftovers
|upkeep
|turn|14
|choice|move dragondance|move slackoff
|
|move|p1a: ORDINARY OU|Dragon Dance|p1a: ORDINARY OU
|-boost|p1a: ORDINARY OU|atk|1
|-boost|p1a: ORDINARY OU|spe|1
|move|p2a: Hippowdon|Slack Off|p2a: Hippowdon
|-heal|p2a: Hippowdon|420/420
|
|-weather|Sandstorm|[upkeep]
|-damage|p1a: ORDINARY OU|0 fnt|[from] sandstorm
|upkeep
|faint|p1a: ORDINARY OU
|-message|come lava forfeited.
|
|win|This Ain't Sparta
|player|p1
|player|p2
|l|come lava
|raw|come lava's rating: 1371 &rarr; <strong>1349</strong><br />(-22 for losing)
|raw|This Ain&apos;t Sparta's rating: 1330 &rarr; <strong>1352</strong><br />(+22 for winning)
|l|isuckwhy