|j|☆bronzongsunderbell
|j|☆dice
|t:|1731301078
|gametype|singles
|player|p1|bronzongsunderbell|2|1269
|player|p2|dice|#wcop2024usmidwest|1571
|teamsize|p1|6
|teamsize|p2|6
|gen|5
|tier|[Gen 5] OU
|rated|
|rule|Species Clause: Limit one of each Pokémon
|rule|OHKO Clause: OHKO moves are banned
|rule|Moody Clause: Moody is banned
|rule|Evasion Items Clause: Evasion items are banned
|rule|Evasion Moves Clause: Evasion moves are banned
|rule|Endless Battle Clause: Forcing endless battles is banned
|rule|HP Percentage Mod: HP is shown in percentages
|rule|Evasion Abilities Clause: Evasion abilities are banned
|rule|Sleep Moves Clause: Sleep-inducing moves are banned
|rule|Swagger Clause: Swagger is banned
|rule|Baton Pass Stat Clause: No Baton Passer may have a way to boost its stats
|clearpoke
|poke|p1|Dragonite, M|item
|poke|p1|Politoed, F|item
|poke|p1|Jellicent, F|item
|poke|p1|Starmie|item
|poke|p1|Ferrothorn, M|item
|poke|p1|Latios, M|item
|poke|p2|Slowking, F|item
|poke|p2|Salamence, M|item
|poke|p2|Kyurem-Black|item
|poke|p2|Ferrothorn, M|item
|poke|p2|Landorus-Therian, M|item
|poke|p2|Excadrill, F|item
|teampreview
|inactive|Battle timer is ON: inactive players will automatically lose when time's up. (requested by dice)
|
|t:|1731301123
|start
|switch|p1a: Ferrothorn|Ferrothorn, M|100/100
|switch|p2a: Salamence|Salamence, M|100/100
|-ability|p2a: Salamence|Intimidate|boost
|-unboost|p1a: Ferrothorn|atk|1
|turn|1
|
|t:|1731301129
|switch|p1a: Politoed|Politoed, F|100/100
|-weather|RainDance|[from] ability: Drizzle|[of] p1a: Politoed
|move|p2a: Salamence|Fire Blast|p1a: Politoed
|-resisted|p1a: Politoed
|-damage|p1a: Politoed|89/100
|
|-weather|RainDance|[upkeep]
|upkeep
|turn|2
|
|t:|1731301134
|switch|p2a: Slowking|Slowking, F|100/100
|switch|p1a: Ferrothorn|Ferrothorn, M|100/100
|
|-weather|RainDance|[upkeep]
|upkeep
|turn|3
|
|t:|1731301137
|move|p2a: Slowking|Flamethrower|p1a: Ferrothorn
|-supereffective|p1a: Ferrothorn
|-damage|p1a: Ferrothorn|66/100
|move|p1a: Ferrothorn|Stealth Rock|p2a: Slowking
|-sidestart|p2: dice|move: Stealth Rock
|
|-weather|RainDance|[upkeep]
|upkeep
|turn|4
|
|t:|1731301143
|move|p2a: Slowking|Flamethrower|p1a: Ferrothorn
|-supereffective|p1a: Ferrothorn
|-damage|p1a: Ferrothorn|29/100
|move|p1a: Ferrothorn|Power Whip|p2a: Slowking
|-supereffective|p2a: Slowking
|-damage|p2a: Slowking|25/100
|
|-weather|RainDance|[upkeep]
|-heal|p2a: Slowking|31/100|[from] item: Leftovers
|upkeep
|turn|5
|
|t:|1731301159
|switch|p1a: Dragonite|Dragonite, M|100/100
|move|p2a: Slowking|Flamethrower|p1a: Dragonite
|-resisted|p1a: Dragonite
|-damage|p1a: Dragonite|97/100
|
|-weather|RainDance|[upkeep]
|-heal|p2a: Slowking|38/100|[from] item: Leftovers
|upkeep
|turn|6
|
|t:|1731301163
|switch|p2a: Landorus|Landorus-Therian, M|100/100
|-damage|p2a: Landorus|88/100|[from] Stealth Rock
|-ability|p2a: Landorus|Intimidate|boost
|-unboost|p1a: Dragonite|atk|1
|move|p1a: Dragonite|Hurricane|p2a: Landorus
|-damage|p2a: Landorus|23/100
|-damage|p1a: Dragonite|87/100|[from] item: Life Orb
|
|-weather|RainDance|[upkeep]
|-heal|p2a: Landorus|29/100|[from] item: Leftovers
|upkeep
|turn|7
|inactive|bronzongsunderbell has 120 seconds left.
|j| iSirWolfy
|inactive|bronzongsunderbell has 90 seconds left.
|
|t:|1731301230
|switch|p1a: Politoed|Politoed, F|89/100
|move|p2a: Landorus|U-turn|p1a: Politoed
|-damage|p1a: Politoed|70/100
|
|t:|1731301236
|switch|p2a: Ferrothorn|Ferrothorn, M|100/100|[from] U-turn
|-damage|p2a: Ferrothorn|94/100|[from] Stealth Rock
|
|-weather|RainDance|[upkeep]
|upkeep
|turn|8
|
|t:|1731301240
|switch|p1a: Ferrothorn|Ferrothorn, M|29/100
|move|p2a: Ferrothorn|Thunder Wave|p1a: Ferrothorn
|-status|p1a: Ferrothorn|par
|
|-weather|RainDance|[upkeep]
|upkeep
|turn|9
|
|t:|1731301247
|switch|p2a: Excadrill|Excadrill, F|100/100
|-damage|p2a: Excadrill|97/100|[from] Stealth Rock
|-ability|p2a: Excadrill|Mold Breaker
|cant|p1a: Ferrothorn|par
|
|-weather|RainDance|[upkeep]
|-heal|p2a: Excadrill|100/100|[from] item: Leftovers
|upkeep
|turn|10
|
|t:|1731301252
|switch|p1a: Jellicent|Jellicent, F|100/100
|-item|p1a: Jellicent|Air Balloon
|move|p2a: Excadrill|Earthquake|p1a: Jellicent
|-immune|p1a: Jellicent
|
|-weather|RainDance|[upkeep]
|upkeep
|turn|11
|
|t:|1731301258
|move|p2a: Excadrill|Iron Head|p1a: Jellicent
|-resisted|p1a: Jellicent
|-damage|p1a: Jellicent|80/100
|-enditem|p1a: Jellicent|Air Balloon
|move|p1a: Jellicent|Hydro Pump|p2a: Excadrill
|-supereffective|p2a: Excadrill
|-damage|p2a: Excadrill|0 fnt
|faint|p2a: Excadrill
|
|-weather|RainDance|[upkeep]
|upkeep
|
|t:|1731301262
|switch|p2a: Salamence|Salamence, M|100/100
|-damage|p2a: Salamence|76/100|[from] Stealth Rock
|-ability|p2a: Salamence|Intimidate|boost
|-unboost|p1a: Jellicent|atk|1
|turn|12
|j| zaaya
|
|t:|1731301276
|switch|p1a: Ferrothorn|Ferrothorn, M|29/100 par
|move|p2a: Salamence|Draco Meteor|p1a: Ferrothorn
|-resisted|p1a: Ferrothorn
|-damage|p1a: Ferrothorn|0 fnt
|-unboost|p2a: Salamence|spa|2
|faint|p1a: Ferrothorn
|
|-weather|RainDance|[upkeep]
|upkeep
|inactive|bronzongsunderbell has 120 seconds left.
|l| zaaya
|
|t:|1731301305
|switch|p1a: Jellicent|Jellicent, F|80/100
|turn|13
|inactive|dice has 120 seconds left.
|inactive|dice has 90 seconds left.
|
|t:|1731301373
|switch|p2a: Ferrothorn|Ferrothorn, M|94/100
|-damage|p2a: Ferrothorn|88/100|[from] Stealth Rock
|move|p1a: Jellicent|Shadow Ball|p2a: Ferrothorn
|-resisted|p2a: Ferrothorn
|-damage|p2a: Ferrothorn|76/100
|
|-weather|RainDance|[upkeep]
|upkeep
|turn|14
|inactive|dice has 90 seconds left.
|
|t:|1731301386
|move|p1a: Jellicent|Hidden Power|p2a: Ferrothorn
|-supereffective|p2a: Ferrothorn
|-damage|p2a: Ferrothorn|48/100
|move|p2a: Ferrothorn|Thunder Wave|p1a: Jellicent
|-status|p1a: Jellicent|par
|
|-weather|RainDance|[upkeep]
|upkeep
|turn|15
|
|t:|1731301396
|switch|p1a: Dragonite|Dragonite, M|87/100
|move|p2a: Ferrothorn|Power Whip|p1a: Dragonite
|-resisted|p1a: Dragonite
|-damage|p1a: Dragonite|74/100
|
|-weather|RainDance|[upkeep]
|upkeep
|turn|16
|
|t:|1731301410
|switch|p2a: Slowking|Slowking, F|71/100
|-damage|p2a: Slowking|58/100|[from] Stealth Rock
|move|p1a: Dragonite|Hurricane|p2a: Slowking
|-damage|p2a: Slowking|12/100
|-start|p2a: Slowking|confusion
|-damage|p1a: Dragonite|65/100|[from] item: Life Orb
|
|-weather|RainDance|[upkeep]
|-heal|p2a: Slowking|18/100|[from] item: Leftovers
|upkeep
|turn|17
|
|t:|1731301416
|switch|p2a: Landorus|Landorus-Therian, M|29/100
|-damage|p2a: Landorus|17/100|[from] Stealth Rock
|-ability|p2a: Landorus|Intimidate|boost
|-unboost|p1a: Dragonite|atk|1
|move|p1a: Dragonite|Hurricane|p2a: Landorus
|-damage|p2a: Landorus|0 fnt
|faint|p2a: Landorus
|-damage|p1a: Dragonite|55/100|[from] item: Life Orb
|
|-weather|RainDance|[upkeep]
|upkeep
|inactive|dice has 90 seconds left.
|
|t:|1731301451
|switch|p2a: Salamence|Salamence, M|76/100
|-damage|p2a: Salamence|51/100|[from] Stealth Rock
|-ability|p2a: Salamence|Intimidate|boost
|-unboost|p1a: Dragonite|atk|1
|turn|18
|
|t:|1731301460
|switch|p1a: Politoed|Politoed, F|70/100
|move|p2a: Salamence|Dragon Pulse|p1a: Politoed
|-damage|p1a: Politoed|17/100
|
|-weather|RainDance|[upkeep]
|upkeep
|turn|19
|inactive|dice has 90 seconds left.
|-enditem|p1a: Politoed|Custap Berry|[eat]
|-activate|p1a: Politoed|item: Custap Berry|[consumed]
|
|t:|1731301473
|move|p1a: Politoed|Ice Beam|p2a: Salamence
|-supereffective|p2a: Salamence
|-damage|p2a: Salamence|0 fnt
|faint|p2a: Salamence
|
|-weather|RainDance|[upkeep]
|upkeep
|
|t:|1731301476
|switch|p2a: Slowking|Slowking, F|51/100
|-damage|p2a: Slowking|39/100|[from] Stealth Rock
|turn|20
|
|t:|1731301479
|move|p1a: Politoed|Toxic|p2a: Slowking
|-status|p2a: Slowking|tox
|move|p2a: Slowking|Slack Off|p2a: Slowking
|-heal|p2a: Slowking|89/100 tox
|
|-weather|RainDance|[upkeep]
|-heal|p2a: Slowking|95/100 tox|[from] item: Leftovers
|-damage|p2a: Slowking|89/100 tox|[from] psn
|upkeep
|turn|21
|
|t:|1731301483
|move|p1a: Politoed|Encore|p2a: Slowking
|-start|p2a: Slowking|Encore
|move|p2a: Slowking|Slack Off|p2a: Slowking
|-heal|p2a: Slowking|100/100 tox
|
|-weather|RainDance|[upkeep]
|-damage|p2a: Slowking|88/100 tox|[from] psn
|upkeep
|turn|22
|
|t:|1731301486
|switch|p2a: Ferrothorn|Ferrothorn, M|48/100
|-damage|p2a: Ferrothorn|42/100|[from] Stealth Rock
|move|p1a: Politoed|Scald|p2a: Ferrothorn
|-resisted|p2a: Ferrothorn
|-damage|p2a: Ferrothorn|29/100
|
|-weather|RainDance|[upkeep]
|upkeep
|turn|23
|
|t:|1731301489
|move|p1a: Politoed|Ice Beam|p2a: Ferrothorn
|-damage|p2a: Ferrothorn|15/100
|move|p2a: Ferrothorn|Thunder Wave|p1a: Politoed
|-status|p1a: Politoed|par
|
|-weather|RainDance|[upkeep]
|upkeep
|turn|24
|
|t:|1731301491
|move|p2a: Ferrothorn|Spikes|p1a: Politoed
|-sidestart|p1: bronzongsunderbell|Spikes
|move|p1a: Politoed|Ice Beam|p2a: Ferrothorn
|-damage|p2a: Ferrothorn|2/100
|
|-weather|RainDance|[upkeep]
|upkeep
|turn|25
|
|t:|1731301498
|move|p2a: Ferrothorn|Spikes|p1a: Politoed
|-sidestart|p1: bronzongsunderbell|Spikes
|move|p1a: Politoed|Encore|p2a: Ferrothorn
|-start|p2a: Ferrothorn|Encore
|
|-weather|RainDance|[upkeep]
|upkeep
|turn|26
|
|t:|1731301500
|switch|p1a: Starmie|Starmie|100/100
|-damage|p1a: Starmie|84/100|[from] Spikes
|move|p2a: Ferrothorn|Spikes|p1a: Starmie
|-sidestart|p1: bronzongsunderbell|Spikes
|
|-weather|RainDance|[upkeep]
|upkeep
|turn|27
|
|t:|1731301502
|move|p1a: Starmie|Rapid Spin|p2a: Ferrothorn
|-resisted|p2a: Ferrothorn
|-damage|p2a: Ferrothorn|1/100
|-damage|p1a: Starmie|72/100|[from] ability: Iron Barbs|[of] p2a: Ferrothorn
|-sideend|p1: bronzongsunderbell|Spikes|[from] move: Rapid Spin|[of] p1a: Starmie
|-damage|p1a: Starmie|62/100|[from] item: Life Orb
|move|p2a: Ferrothorn|Spikes|p1a: Starmie
|-sidestart|p1: bronzongsunderbell|Spikes
|
|-weather|RainDance|[upkeep]
|upkeep
|turn|28
|
|t:|1731301505
|move|p1a: Starmie|Rapid Spin|p2a: Ferrothorn
|-resisted|p2a: Ferrothorn
|-damage|p2a: Ferrothorn|0 fnt
|-damage|p1a: Starmie|50/100|[from] ability: Iron Barbs|[of] p2a: Ferrothorn
|-sideend|p1: bronzongsunderbell|Spikes|[from] move: Rapid Spin|[of] p1a: Starmie
|faint|p2a: Ferrothorn
|-damage|p1a: Starmie|40/100|[from] item: Life Orb
|
|-weather|RainDance|[upkeep]
|upkeep
|
|t:|1731301507
|switch|p2a: Kyurem|Kyurem-Black|100/100
|-damage|p2a: Kyurem|76/100|[from] Stealth Rock
|-ability|p2a: Kyurem|Teravolt
|turn|29
|
|t:|1731301516
|move|p2a: Kyurem|Outrage|p1a: Starmie
|-damage|p1a: Starmie|0 fnt
|faint|p1a: Starmie
|
|-weather|RainDance|[upkeep]
|upkeep
|
|t:|1731301519
|switch|p1a: Latios|Latios, M|100/100
|turn|30
|
|t:|1731301522
|move|p1a: Latios|Draco Meteor|p2a: Kyurem
|-supereffective|p2a: Kyurem
|-damage|p2a: Kyurem|0 fnt
|-unboost|p1a: Latios|spa|2
|faint|p2a: Kyurem
|
|-weather|RainDance|[upkeep]
|upkeep
|-message|dice forfeited.
|
|win|bronzongsunderbell
|raw|bronzongsunderbell's rating: 1269 &rarr; <strong>1312</strong><br />(+43 for winning)
|raw|dice's rating: 1571 &rarr; <strong>1537</strong><br />(-34 for losing)
|l|☆dice
|player|p2|
|c|☆bronzongsunderbell|Gg dice
