|j|☆Tokantolov
|j|☆Chomp29
|t:|1597593338
|player|p1|Tokantolov|1|1349
|player|p2|Chomp29|266|1475
|teamsize|p1|6
|teamsize|p2|6
|gametype|singles
|gen|5
|tier|[Gen 5] OU
|rated|
|clearpoke
|poke|p1|Rotom-Wash|item
|poke|p1|Gliscor, F|item
|poke|p1|Gengar, M|item
|poke|p1|Scizor, F|item
|poke|p1|Latios, M|item
|poke|p1|Heatran, M|item
|poke|p2|Tornadus, M|item
|poke|p2|Jirachi|item
|poke|p2|Thundurus-Therian, M|item
|poke|p2|Tentacruel, M|item
|poke|p2|Keldeo|item
|poke|p2|Politoed, F|item
|rule|Species Clause: Limit one of each Pokémon
|rule|OHKO Clause: OHKO moves are banned
|rule|Moody Clause: Moody is banned
|rule|Evasion Moves Clause: Evasion moves are banned
|rule|Endless Battle Clause: Forcing endless battles is banned
|rule|HP Percentage Mod: HP is shown in percentages
|rule|Evasion Abilities Clause: Evasion abilities are banned
|rule|Baton Pass Clause: Limit one Baton Passer, can't pass Spe and other stats simultaneously
|rule|Sleep Clause: Sleep-inducing moves are banned
|rule|Swagger Clause: Swagger is banned
|teampreview
|inactive|Battle timer is ON: inactive players will automatically lose when time's up. (requested by Tokantolov)
|
|t:|1597593356
|start
|switch|p1a: Scizor|Scizor, F|100/100
|switch|p2a: Thundurus|Thundurus-Therian, M|100/100
|turn|1
|
|t:|1597593369
|move|p1a: Scizor|Bullet Punch|p2a: Thundurus
|-resisted|p2a: Thundurus
|-damage|p2a: Thundurus|78/100
|move|p2a: Thundurus|Thunder|p1a: Scizor|[miss]
|-miss|p2a: Thundurus|p1a: Scizor
|
|-heal|p2a: Thundurus|84/100|[from] item: Leftovers
|upkeep
|turn|2
|
|t:|1597593379
|switch|p1a: Heatran|Heatran, M|100/100
|move|p2a: Thundurus|Thunder|p1a: Heatran|[miss]
|-miss|p2a: Thundurus|p1a: Heatran
|
|-heal|p2a: Thundurus|90/100|[from] item: Leftovers
|upkeep
|turn|3
|
|t:|1597593388
|move|p2a: Thundurus|Focus Blast|p1a: Heatran|[miss]
|-miss|p2a: Thundurus|p1a: Heatran
|move|p1a: Heatran|Stealth Rock|p2a: Thundurus
|-sidestart|p2: Chomp29|move: Stealth Rock
|
|-heal|p2a: Thundurus|97/100|[from] item: Leftovers
|upkeep
|turn|4
|
|t:|1597593400
|switch|p1a: Latios|Latios, M|100/100
|move|p2a: Thundurus|Thunder|p1a: Latios
|-resisted|p1a: Latios
|-damage|p1a: Latios|64/100
|-status|p1a: Latios|par
|
|-heal|p2a: Thundurus|100/100|[from] item: Leftovers
|upkeep
|turn|5
|
|t:|1597593409
|move|p2a: Thundurus|Substitute|p2a: Thundurus
|-start|p2a: Thundurus|Substitute
|-damage|p2a: Thundurus|75/100
|move|p1a: Latios|Draco Meteor|p2a: Thundurus
|-end|p2a: Thundurus|Substitute
|-unboost|p1a: Latios|spa|2
|
|-heal|p2a: Thundurus|82/100|[from] item: Leftovers
|upkeep
|turn|6
|
|t:|1597593435
|switch|p1a: Heatran|Heatran, M|100/100
|move|p2a: Thundurus|Substitute|p2a: Thundurus
|-start|p2a: Thundurus|Substitute
|-damage|p2a: Thundurus|57/100
|
|-heal|p2a: Thundurus|63/100|[from] item: Leftovers
|upkeep
|turn|7
|
|t:|1597593442
|move|p2a: Thundurus|Focus Blast|p1a: Heatran
|-supereffective|p1a: Heatran
|-damage|p1a: Heatran|44/100
|move|p1a: Heatran|Roar|p2a: Thundurus
|drag|p2a: Tornadus|Tornadus, M|100/100
|-damage|p2a: Tornadus|76/100|[from] Stealth Rock
|
|-heal|p1a: Heatran|50/100|[from] item: Leftovers
|upkeep
|turn|8
|
|t:|1597593453
|move|p1a: Heatran|Protect|p1a: Heatran
|-singleturn|p1a: Heatran|Protect
|move|p2a: Tornadus|Focus Blast|p1a: Heatran
|-activate|p1a: Heatran|move: Protect
|
|-heal|p1a: Heatran|56/100|[from] item: Leftovers
|upkeep
|turn|9
|
|t:|1597593468
|switch|p2a: Politoed|Politoed, F|100/100
|-damage|p2a: Politoed|88/100|[from] Stealth Rock
|-weather|RainDance|[from] ability: Drizzle|[of] p2a: Politoed
|move|p1a: Heatran|Lava Plume|p2a: Politoed
|-resisted|p2a: Politoed
|-damage|p2a: Politoed|80/100
|
|-weather|RainDance|[upkeep]
|-heal|p1a: Heatran|62/100|[from] item: Leftovers
|-heal|p2a: Politoed|86/100|[from] item: Leftovers
|upkeep
|turn|10
|
|t:|1597593479
|move|p1a: Heatran|Protect|p1a: Heatran
|-singleturn|p1a: Heatran|Protect
|move|p2a: Politoed|Scald|p1a: Heatran
|-activate|p1a: Heatran|move: Protect
|
|-weather|RainDance|[upkeep]
|-heal|p1a: Heatran|68/100|[from] item: Leftovers
|-heal|p2a: Politoed|92/100|[from] item: Leftovers
|upkeep
|turn|11
|
|t:|1597593493
|switch|p1a: Latios|Latios, M|64/100 par
|move|p2a: Politoed|Scald|p1a: Latios
|-resisted|p1a: Latios
|-damage|p1a: Latios|45/100 par
|
|-weather|RainDance|[upkeep]
|-heal|p2a: Politoed|99/100|[from] item: Leftovers
|upkeep
|turn|12
|
|t:|1597593508
|switch|p2a: Jirachi|Jirachi|100/100
|-damage|p2a: Jirachi|94/100|[from] Stealth Rock
|cant|p1a: Latios|par
|
|-weather|RainDance|[upkeep]
|-heal|p2a: Jirachi|100/100|[from] item: Leftovers
|upkeep
|turn|13
|
|t:|1597593523
|switch|p1a: Scizor|Scizor, F|100/100
|move|p2a: Jirachi|Iron Head|p1a: Scizor
|-resisted|p1a: Scizor
|-damage|p1a: Scizor|87/100
|
|-weather|RainDance|[upkeep]
|-heal|p1a: Scizor|93/100|[from] item: Leftovers
|upkeep
|turn|14
|
|t:|1597593532
|move|p2a: Jirachi|Thunder|p1a: Scizor
|-damage|p1a: Scizor|61/100
|-status|p1a: Scizor|par
|move|p1a: Scizor|Swords Dance|p1a: Scizor
|-boost|p1a: Scizor|atk|2
|
|-weather|RainDance|[upkeep]
|-heal|p1a: Scizor|67/100 par|[from] item: Leftovers
|upkeep
|turn|15
|
|t:|1597593543
|move|p2a: Jirachi|Stealth Rock|p1a: Scizor
|-sidestart|p1: Tokantolov|move: Stealth Rock
|move|p1a: Scizor|Roost|p1a: Scizor
|-heal|p1a: Scizor|100/100 par
|-singleturn|p1a: Scizor|move: Roost
|
|-weather|RainDance|[upkeep]
|upkeep
|turn|16
|
|t:|1597593552
|switch|p2a: Keldeo|Keldeo|100/100
|-damage|p2a: Keldeo|94/100|[from] Stealth Rock
|cant|p1a: Scizor|par
|
|-weather|RainDance|[upkeep]
|upkeep
|turn|17
|
|t:|1597593562
|move|p1a: Scizor|Bullet Punch|p2a: Keldeo
|-resisted|p2a: Keldeo
|-damage|p2a: Keldeo|56/100
|move|p2a: Keldeo|Hydro Pump|p1a: Scizor
|-damage|p1a: Scizor|0 fnt
|faint|p1a: Scizor
|
|-weather|RainDance|[upkeep]
|upkeep
|
|t:|1597593573
|switch|p1a: Gengar|Gengar, M|100/100
|-damage|p1a: Gengar|88/100|[from] Stealth Rock
|turn|18
|
|t:|1597593580
|switch|p2a: Jirachi|Jirachi|100/100
|-damage|p2a: Jirachi|94/100|[from] Stealth Rock
|move|p1a: Gengar|Shadow Ball|p2a: Jirachi
|-damage|p2a: Jirachi|68/100
|
|-weather|RainDance|[upkeep]
|-heal|p1a: Gengar|94/100|[from] item: Black Sludge
|-heal|p2a: Jirachi|74/100|[from] item: Leftovers
|upkeep
|turn|19
|
|t:|1597593593
|move|p1a: Gengar|Shadow Ball|p2a: Jirachi
|-damage|p2a: Jirachi|48/100
|move|p2a: Jirachi|Wish|p2a: Jirachi
|
|-weather|RainDance|[upkeep]
|-heal|p1a: Gengar|100/100|[from] item: Black Sludge
|-heal|p2a: Jirachi|54/100|[from] item: Leftovers
|upkeep
|turn|20
|
|t:|1597593603
|switch|p1a: Rotom|Rotom-Wash|100/100
|-damage|p1a: Rotom|88/100|[from] Stealth Rock
|move|p2a: Jirachi|Thunder|p1a: Rotom
|-damage|p1a: Rotom|64/100
|
|-weather|RainDance|[upkeep]
|-heal|p2a: Jirachi|100/100|[from] move: Wish|[wisher] Jirachi
|-heal|p1a: Rotom|70/100|[from] item: Leftovers
|upkeep
|turn|21
|
|t:|1597593615
|move|p2a: Jirachi|Thunder|p1a: Rotom
|-damage|p1a: Rotom|42/100
|-status|p1a: Rotom|par
|move|p1a: Rotom|Will-O-Wisp|p2a: Jirachi
|-status|p2a: Jirachi|brn
|
|-weather|RainDance|[upkeep]
|-heal|p1a: Rotom|48/100 par|[from] item: Leftovers
|-damage|p2a: Jirachi|88/100 brn|[from] brn
|upkeep
|turn|22
|
|t:|1597593627
|move|p2a: Jirachi|Wish|p2a: Jirachi
|move|p1a: Rotom|Pain Split|p2a: Jirachi
|-sethp|p2a: Jirachi|62/100 brn|[from] move: Pain Split|[silent]
|-sethp|p1a: Rotom|82/100 par|[from] move: Pain Split
|
|-weather|RainDance|[upkeep]
|-heal|p2a: Jirachi|68/100 brn|[from] item: Leftovers
|-heal|p1a: Rotom|89/100 par|[from] item: Leftovers
|-damage|p2a: Jirachi|56/100 brn|[from] brn
|upkeep
|turn|23
|
|t:|1597593638
|switch|p2a: Tentacruel|Tentacruel, M|100/100
|-damage|p2a: Tentacruel|88/100|[from] Stealth Rock
|move|p1a: Rotom|Hydro Pump|p2a: Tentacruel
|-resisted|p2a: Tentacruel
|-damage|p2a: Tentacruel|61/100
|
|-weather|RainDance|[upkeep]
|-heal|p2a: Tentacruel|68/100|[from] ability: Rain Dish
|-heal|p2a: Tentacruel|100/100|[from] move: Wish|[wisher] Jirachi
|-heal|p1a: Rotom|95/100 par|[from] item: Leftovers
|upkeep
|turn|24
|
|t:|1597593650
|move|p2a: Tentacruel|Protect|p2a: Tentacruel
|-singleturn|p2a: Tentacruel|Protect
|cant|p1a: Rotom|par
|
|-weather|RainDance|[upkeep]
|-heal|p1a: Rotom|100/100 par|[from] item: Leftovers
|upkeep
|turn|25
|
|t:|1597593660
|move|p2a: Tentacruel|Rapid Spin|p1a: Rotom
|-damage|p1a: Rotom|98/100 par
|-sideend|p2: Chomp29|Stealth Rock|[from] move: Rapid Spin|[of] p2a: Tentacruel
|move|p1a: Rotom|Will-O-Wisp|p2a: Tentacruel|[miss]
|-miss|p1a: Rotom|p2a: Tentacruel
|
|-weather|RainDance|[upkeep]
|-heal|p1a: Rotom|100/100 par|[from] item: Leftovers
|upkeep
|turn|26
|
|t:|1597593668
|move|p2a: Tentacruel|Substitute|p2a: Tentacruel
|-start|p2a: Tentacruel|Substitute
|-damage|p2a: Tentacruel|75/100
|move|p1a: Rotom|Hydro Pump|p2a: Tentacruel|[miss]
|-miss|p1a: Rotom|p2a: Tentacruel
|
|-weather|RainDance|[upkeep]
|-heal|p2a: Tentacruel|82/100|[from] ability: Rain Dish
|-heal|p2a: Tentacruel|88/100|[from] item: Black Sludge
|upkeep
|turn|27
|
|t:|1597593678
|move|p2a: Tentacruel|Scald|p1a: Rotom
|-resisted|p1a: Rotom
|-damage|p1a: Rotom|82/100 par
|move|p1a: Rotom|Hydro Pump|p2a: Tentacruel
|-resisted|p2a: Tentacruel
|-end|p2a: Tentacruel|Substitute
|
|-weather|RainDance|[upkeep]
|-heal|p2a: Tentacruel|94/100|[from] ability: Rain Dish
|-heal|p2a: Tentacruel|100/100|[from] item: Black Sludge
|-heal|p1a: Rotom|88/100 par|[from] item: Leftovers
|upkeep
|turn|28
|
|t:|1597593690
|move|p2a: Tentacruel|Protect|p2a: Tentacruel
|-singleturn|p2a: Tentacruel|Protect
|move|p1a: Rotom|Hydro Pump|p2a: Tentacruel
|-activate|p2a: Tentacruel|move: Protect
|
|-weather|RainDance|[upkeep]
|-heal|p1a: Rotom|95/100 par|[from] item: Leftovers
|upkeep
|turn|29
|
|t:|1597593698
|move|p2a: Tentacruel|Substitute|p2a: Tentacruel
|-start|p2a: Tentacruel|Substitute
|-damage|p2a: Tentacruel|75/100
|move|p1a: Rotom|Volt Switch|p2a: Tentacruel
|-supereffective|p2a: Tentacruel
|-end|p2a: Tentacruel|Substitute
|
|t:|1597593705
|switch|p1a: Gengar|Gengar, M|100/100|[from]move: Volt Switch
|-damage|p1a: Gengar|88/100|[from] Stealth Rock
|
|-weather|RainDance|[upkeep]
|-heal|p2a: Tentacruel|82/100|[from] ability: Rain Dish
|-heal|p1a: Gengar|94/100|[from] item: Black Sludge
|-heal|p2a: Tentacruel|88/100|[from] item: Black Sludge
|upkeep
|turn|30
|
|t:|1597593715
|move|p1a: Gengar|Substitute|p1a: Gengar
|-start|p1a: Gengar|Substitute
|-damage|p1a: Gengar|69/100
|move|p2a: Tentacruel|Substitute|p2a: Tentacruel
|-start|p2a: Tentacruel|Substitute
|-damage|p2a: Tentacruel|63/100
|
|-weather|RainDance|[upkeep]
|-heal|p2a: Tentacruel|69/100|[from] ability: Rain Dish
|-heal|p1a: Gengar|76/100|[from] item: Black Sludge
|-heal|p2a: Tentacruel|75/100|[from] item: Black Sludge
|upkeep
|turn|31
|
|t:|1597593724
|move|p1a: Gengar|Shadow Ball|p2a: Tentacruel
|-end|p2a: Tentacruel|Substitute
|move|p2a: Tentacruel|Scald|p1a: Gengar
|-end|p1a: Gengar|Substitute
|
|-weather|RainDance|[upkeep]
|-heal|p2a: Tentacruel|82/100|[from] ability: Rain Dish
|-heal|p1a: Gengar|82/100|[from] item: Black Sludge
|-heal|p2a: Tentacruel|88/100|[from] item: Black Sludge
|upkeep
|turn|32
|
|t:|1597593735
|move|p2a: Tentacruel|Protect|p2a: Tentacruel
|-singleturn|p2a: Tentacruel|Protect
|move|p1a: Gengar|Disable|p2a: Tentacruel
|-activate|p2a: Tentacruel|move: Protect
|
|-weather|RainDance|[upkeep]
|-heal|p2a: Tentacruel|94/100|[from] ability: Rain Dish
|-heal|p1a: Gengar|88/100|[from] item: Black Sludge
|-heal|p2a: Tentacruel|100/100|[from] item: Black Sludge
|upkeep
|turn|33
|
|t:|1597593746
|move|p1a: Gengar|Substitute|p1a: Gengar
|-start|p1a: Gengar|Substitute
|-damage|p1a: Gengar|63/100
|move|p2a: Tentacruel|Scald|p1a: Gengar
|-end|p1a: Gengar|Substitute
|
|-weather|RainDance|[upkeep]
|-heal|p1a: Gengar|69/100|[from] item: Black Sludge
|upkeep
|turn|34
|
|t:|1597593754
|move|p2a: Tentacruel|Protect|p2a: Tentacruel
|-singleturn|p2a: Tentacruel|Protect
|move|p1a: Gengar|Substitute|p1a: Gengar
|-start|p1a: Gengar|Substitute
|-damage|p1a: Gengar|44/100
|
|-weather|RainDance|[upkeep]
|-heal|p1a: Gengar|50/100|[from] item: Black Sludge
|upkeep
|turn|35
|
|t:|1597593764
|move|p1a: Gengar|Shadow Ball|p2a: Tentacruel
|-damage|p2a: Tentacruel|66/100
|-unboost|p2a: Tentacruel|spd|1
|move|p2a: Tentacruel|Scald|p1a: Gengar
|-end|p1a: Gengar|Substitute
|
|-weather|RainDance|[upkeep]
|-heal|p2a: Tentacruel|72/100|[from] ability: Rain Dish
|-heal|p1a: Gengar|56/100|[from] item: Black Sludge
|-heal|p2a: Tentacruel|78/100|[from] item: Black Sludge
|upkeep
|turn|36
|
|t:|1597593779
|move|p2a: Tentacruel|Protect|p2a: Tentacruel
|-singleturn|p2a: Tentacruel|Protect
|move|p1a: Gengar|Disable|p2a: Tentacruel
|-activate|p2a: Tentacruel|move: Protect
|
|-weather|RainDance|[upkeep]
|-heal|p2a: Tentacruel|84/100|[from] ability: Rain Dish
|-heal|p1a: Gengar|63/100|[from] item: Black Sludge
|-heal|p2a: Tentacruel|91/100|[from] item: Black Sludge
|upkeep
|turn|37
|
|t:|1597593791
|switch|p1a: Rotom|Rotom-Wash|95/100 par
|-damage|p1a: Rotom|82/100 par|[from] Stealth Rock
|move|p2a: Tentacruel|Scald|p1a: Rotom
|-resisted|p1a: Rotom
|-damage|p1a: Rotom|65/100 par
|
|-weather|RainDance|[upkeep]
|-heal|p2a: Tentacruel|97/100|[from] ability: Rain Dish
|-heal|p2a: Tentacruel|100/100|[from] item: Black Sludge
|-heal|p1a: Rotom|72/100 par|[from] item: Leftovers
|upkeep
|turn|38
|
|t:|1597593803
|switch|p2a: Jirachi|Jirachi|56/100 brn
|move|p1a: Rotom|Hydro Pump|p2a: Jirachi
|-damage|p2a: Jirachi|14/100 brn
|
|-weather|RainDance|[upkeep]
|-heal|p2a: Jirachi|20/100 brn|[from] item: Leftovers
|-heal|p1a: Rotom|78/100 par|[from] item: Leftovers
|-damage|p2a: Jirachi|7/100 brn|[from] brn
|upkeep
|turn|39
|
|t:|1597593814
|move|p2a: Jirachi|Wish|p2a: Jirachi
|cant|p1a: Rotom|par
|
|-weather|RainDance|[upkeep]
|-heal|p2a: Jirachi|14/100 brn|[from] item: Leftovers
|-heal|p1a: Rotom|84/100 par|[from] item: Leftovers
|-damage|p2a: Jirachi|1/100 brn|[from] brn
|upkeep
|turn|40
|
|t:|1597593823
|move|p2a: Jirachi|Iron Head|p1a: Rotom
|-resisted|p1a: Rotom
|-damage|p1a: Rotom|81/100 par
|cant|p1a: Rotom|flinch
|
|-weather|RainDance|[upkeep]
|-heal|p2a: Jirachi|51/100 brn|[from] move: Wish|[wisher] Jirachi
|-heal|p2a: Jirachi|57/100 brn|[from] item: Leftovers
|-heal|p1a: Rotom|88/100 par|[from] item: Leftovers
|-damage|p2a: Jirachi|45/100 brn|[from] brn
|upkeep
|turn|41
|
|t:|1597593834
|move|p2a: Jirachi|Wish|p2a: Jirachi
|cant|p1a: Rotom|par
|
|-weather|RainDance|[upkeep]
|-heal|p2a: Jirachi|51/100 brn|[from] item: Leftovers
|-heal|p1a: Rotom|94/100 par|[from] item: Leftovers
|-damage|p2a: Jirachi|39/100 brn|[from] brn
|upkeep
|turn|42
|
|t:|1597593844
|move|p2a: Jirachi|Iron Head|p1a: Rotom
|-resisted|p1a: Rotom
|-crit|p1a: Rotom
|-damage|p1a: Rotom|88/100 par
|move|p1a: Rotom|Hydro Pump|p2a: Jirachi
|-damage|p2a: Jirachi|0 fnt
|faint|p2a: Jirachi
|
|-weather|RainDance|[upkeep]
|-heal|p1a: Rotom|95/100 par|[from] item: Leftovers
|upkeep
|
|t:|1597593858
|switch|p2a: Thundurus|Thundurus-Therian, M|63/100
|turn|43
|
|t:|1597593879
|switch|p1a: Latios|Latios, M|45/100 par
|-damage|p1a: Latios|32/100 par|[from] Stealth Rock
|move|p2a: Thundurus|Substitute|p2a: Thundurus
|-start|p2a: Thundurus|Substitute
|-damage|p2a: Thundurus|38/100
|
|-weather|RainDance|[upkeep]
|-heal|p2a: Thundurus|44/100|[from] item: Leftovers
|upkeep
|turn|44
|
|t:|1597593889
|move|p2a: Thundurus|Hidden Power|p1a: Latios
|-supereffective|p1a: Latios
|-damage|p1a: Latios|0 fnt
|faint|p1a: Latios
|
|-weather|RainDance|[upkeep]
|-heal|p2a: Thundurus|50/100|[from] item: Leftovers
|upkeep
|
|t:|1597593899
|switch|p1a: Heatran|Heatran, M|68/100
|-damage|p1a: Heatran|56/100|[from] Stealth Rock
|turn|45
|
|t:|1597593903
|move|p2a: Thundurus|Thunder|p1a: Heatran
|-damage|p1a: Heatran|11/100
|move|p1a: Heatran|Roar|p2a: Thundurus
|drag|p2a: Keldeo|Keldeo|56/100
|
|-weather|RainDance|[upkeep]
|-heal|p1a: Heatran|17/100|[from] item: Leftovers
|upkeep
|turn|46
|
|t:|1597593916
|move|p1a: Heatran|Protect|p1a: Heatran
|-singleturn|p1a: Heatran|Protect
|move|p2a: Keldeo|Scald|p1a: Heatran
|-activate|p1a: Heatran|move: Protect
|
|-weather|RainDance|[upkeep]
|-heal|p1a: Heatran|23/100|[from] item: Leftovers
|upkeep
|turn|47
|j| IIIFlareIII
|
|t:|1597593927
|switch|p1a: Rotom|Rotom-Wash|95/100 par
|-damage|p1a: Rotom|82/100 par|[from] Stealth Rock
|move|p2a: Keldeo|Scald|p1a: Rotom
|-resisted|p1a: Rotom
|-damage|p1a: Rotom|29/100 par
|
|-weather|RainDance|[upkeep]
|-heal|p1a: Rotom|35/100 par|[from] item: Leftovers
|upkeep
|turn|48
|
|t:|1597593942
|move|p2a: Keldeo|Scald|p1a: Rotom
|-resisted|p1a: Rotom
|-damage|p1a: Rotom|0 fnt
|faint|p1a: Rotom
|
|-weather|RainDance|[upkeep]
|upkeep
|
|t:|1597593949
|switch|p1a: Gliscor|Gliscor, F|100/100
|-damage|p1a: Gliscor|88/100|[from] Stealth Rock
|turn|49
|
|t:|1597593959
|move|p2a: Keldeo|Scald|p1a: Gliscor
|-supereffective|p1a: Gliscor
|-damage|p1a: Gliscor|0 fnt
|faint|p1a: Gliscor
|
|-weather|RainDance|[upkeep]
|upkeep
|
|t:|1597593964
|switch|p1a: Gengar|Gengar, M|63/100
|-damage|p1a: Gengar|50/100|[from] Stealth Rock
|turn|50
|
|t:|1597593970
|move|p1a: Gengar|Disable|p2a: Keldeo
|-start|p2a: Keldeo|Disable|Scald
|cant|p2a: Keldeo|Disable|Scald
|
|-weather|RainDance|[upkeep]
|-heal|p1a: Gengar|56/100|[from] item: Black Sludge
|upkeep
|turn|51
|
|t:|1597593978
|switch|p2a: Tentacruel|Tentacruel, M|100/100
|move|p1a: Gengar|Shadow Ball|p2a: Tentacruel
|-damage|p2a: Tentacruel|63/100
|
|-weather|RainDance|[upkeep]
|-heal|p2a: Tentacruel|69/100|[from] ability: Rain Dish
|-heal|p1a: Gengar|63/100|[from] item: Black Sludge
|-heal|p2a: Tentacruel|75/100|[from] item: Black Sludge
|upkeep
|turn|52
|
|t:|1597593988
|move|p1a: Gengar|Substitute|p1a: Gengar
|-start|p1a: Gengar|Substitute
|-damage|p1a: Gengar|38/100
|move|p2a: Tentacruel|Scald|p1a: Gengar
|-end|p1a: Gengar|Substitute
|
|-weather|RainDance|[upkeep]
|-heal|p2a: Tentacruel|82/100|[from] ability: Rain Dish
|-heal|p1a: Gengar|44/100|[from] item: Black Sludge
|-heal|p2a: Tentacruel|88/100|[from] item: Black Sludge
|upkeep
|turn|53
|
|t:|1597593999
|switch|p2a: Politoed|Politoed, F|99/100
|move|p1a: Gengar|Shadow Ball|p2a: Politoed
|-damage|p2a: Politoed|61/100
|
|-weather|RainDance|[upkeep]
|-heal|p1a: Gengar|50/100|[from] item: Black Sludge
|-heal|p2a: Politoed|67/100|[from] item: Leftovers
|upkeep
|turn|54
|
|t:|1597594009
|move|p1a: Gengar|Shadow Ball|p2a: Politoed
|-damage|p2a: Politoed|29/100
|-unboost|p2a: Politoed|spd|1
|move|p2a: Politoed|Perish Song|p2a: Politoed
|-start|p1a: Gengar|perish3|[silent]
|-start|p2a: Politoed|perish3|[silent]
|-fieldactivate|move: Perish Song
|
|-weather|RainDance|[upkeep]
|-heal|p1a: Gengar|56/100|[from] item: Black Sludge
|-heal|p2a: Politoed|35/100|[from] item: Leftovers
|-start|p1a: Gengar|perish3
|-start|p2a: Politoed|perish3
|upkeep
|turn|55
|
|t:|1597594024
|move|p2a: Politoed|Protect|p2a: Politoed
|-singleturn|p2a: Politoed|Protect
|move|p1a: Gengar|Shadow Ball|p2a: Politoed
|-activate|p2a: Politoed|move: Protect
|
|-weather|RainDance|[upkeep]
|-heal|p1a: Gengar|62/100|[from] item: Black Sludge
|-heal|p2a: Politoed|42/100|[from] item: Leftovers
|-start|p1a: Gengar|perish2
|-start|p2a: Politoed|perish2
|upkeep
|turn|56
|
|t:|1597594035
|move|p1a: Gengar|Shadow Ball|p2a: Politoed
|-damage|p2a: Politoed|0 fnt
|faint|p2a: Politoed
|
|-weather|RainDance|[upkeep]
|-heal|p1a: Gengar|68/100|[from] item: Black Sludge
|-start|p1a: Gengar|perish1
|upkeep
|
|t:|1597594037
|switch|p2a: Tornadus|Tornadus, M|76/100
|turn|57
|
|t:|1597594046
|switch|p1a: Heatran|Heatran, M|23/100
|-damage|p1a: Heatran|11/100|[from] Stealth Rock
|move|p2a: Tornadus|Hurricane|p1a: Heatran
|-resisted|p1a: Heatran
|-damage|p1a: Heatran|0 fnt
|faint|p1a: Heatran
|
|-weather|RainDance|[upkeep]
|upkeep
|
|t:|1597594054
|switch|p1a: Gengar|Gengar, M|68/100
|-damage|p1a: Gengar|56/100|[from] Stealth Rock
|turn|58
|
|t:|1597594060
|move|p2a: Tornadus|Hurricane|p1a: Gengar
|-damage|p1a: Gengar|0 fnt
|faint|p1a: Gengar
|
|win|Chomp29
|l|☆Tokantolov
|raw|Tokantolov's rating: 1349 &rarr; <strong>1336</strong><br />(-13 for losing)
|raw|Chomp29's rating: 1475 &rarr; <strong>1488</strong><br />(+13 for winning)
|l|☆Chomp29
