|j|☆Croaset
|j|☆authentise_is_shit
|t:|1711655455
|gametype|singles
|player|p1|Croaset|elesa|1417
|player|p2|authentise_is_shit|170|1423
|teamsize|p1|6
|teamsize|p2|6
|gen|5
|tier|[Gen 5] OU
|rated|
|rule|Species Clause: Limit one of each Pokémon
|rule|OHKO Clause: OHKO moves are banned
|rule|Moody Clause: Moody is banned
|rule|Evasion Items Clause: Evasion items are banned
|rule|Evasion Moves Clause: Evasion moves are banned
|rule|Endless Battle Clause: Forcing endless battles is banned
|rule|HP Percentage Mod: HP is shown in percentages
|rule|Evasion Abilities Clause: Evasion abilities are banned
|rule|Sleep Moves Clause: Sleep-inducing moves are banned
|rule|Swagger Clause: Swagger is banned
|rule|Baton Pass Stat Clause: No Baton Passer may have a way to boost its stats
|clearpoke
|poke|p1|Tyranitar, F|item
|poke|p1|Excadrill, F|item
|poke|p1|Landorus-Therian, M|item
|poke|p1|Rotom-Wash|item
|poke|p1|Scizor, F|item
|poke|p1|Breloom, F|item
|poke|p2|Tyranitar, F|item
|poke|p2|Skarmory, M|item
|poke|p2|Excadrill, F|item
|poke|p2|Clefable, F|item
|poke|p2|Latias, F|item
|poke|p2|Reuniclus, F|item
|teampreview
|inactive|Battle timer is ON: inactive players will automatically lose when time's up. (requested by Croaset)
|
|t:|1711655483
|start
|switch|p1a: Rotom|Rotom-Wash|100/100
|switch|p2a: Clefable|Clefable, F|100/100
|turn|1
|
|t:|1711655489
|move|p1a: Rotom|Volt Switch|p2a: Clefable
|-damage|p2a: Clefable|82/100
|
|t:|1711655493
|switch|p1a: Breloom|Breloom, F|100/100|[from] Volt Switch
|move|p2a: Clefable|Thunder Wave|p1a: Breloom
|-status|p1a: Breloom|par
|
|-heal|p2a: Clefable|88/100|[from] item: Leftovers
|upkeep
|turn|2
|
|t:|1711655503
|switch|p2a: Skarmory|Skarmory, M|100/100
|move|p1a: Breloom|Swords Dance|p1a: Breloom
|-boost|p1a: Breloom|atk|2
|
|upkeep
|turn|3
|
|t:|1711655508
|switch|p1a: Scary Monsters|Landorus-Therian, M|100/100
|-ability|p1a: Scary Monsters|Intimidate|boost
|-unboost|p2a: Skarmory|atk|1
|move|p2a: Skarmory|Drill Peck|p1a: Scary Monsters
|-damage|p1a: Scary Monsters|85/100
|
|-heal|p1a: Scary Monsters|91/100|[from] item: Leftovers
|upkeep
|turn|4
|
|t:|1711655516
|move|p1a: Scary Monsters|Stealth Rock|p2a: Skarmory
|-sidestart|p2: authentise_is_shit|move: Stealth Rock
|move|p2a: Skarmory|Spikes|p1a: Scary Monsters
|-sidestart|p1: Croaset|Spikes
|
|-heal|p1a: Scary Monsters|97/100|[from] item: Leftovers
|upkeep
|turn|5
|
|t:|1711655523
|move|p1a: Scary Monsters|U-turn|p2a: Skarmory
|-resisted|p2a: Skarmory
|-damage|p2a: Skarmory|97/100
|-damage|p1a: Scary Monsters|80/100|[from] item: Rocky Helmet|[of] p2a: Skarmory
|
|t:|1711655528
|switch|p1a: Ball Breaker|Excadrill, F|100/100|[from] U-turn
|-damage|p1a: Ball Breaker|88/100|[from] Spikes
|-ability|p1a: Ball Breaker|Mold Breaker
|move|p2a: Skarmory|Whirlwind|p1a: Ball Breaker
|drag|p1a: Scizor|Scizor, F|100/100
|-damage|p1a: Scizor|88/100|[from] Spikes
|
|upkeep
|turn|6
|
|t:|1711655536
|switch|p1a: Rotom|Rotom-Wash|100/100
|move|p2a: Skarmory|Roost|p2a: Skarmory
|-heal|p2a: Skarmory|100/100
|-singleturn|p2a: Skarmory|move: Roost
|
|upkeep
|turn|7
|
|t:|1711655540
|switch|p2a: Clefable|Clefable, F|88/100
|move|p1a: Rotom|Thunderbolt|p2a: Clefable
|-damage|p2a: Clefable|62/100
|-status|p2a: Clefable|par
|
|-heal|p2a: Clefable|68/100 par|[from] item: Leftovers
|upkeep
|turn|8
|
|t:|1711655547
|move|p1a: Rotom|Volt Switch|p2a: Clefable
|-damage|p2a: Clefable|48/100 par
|
|t:|1711655555
|switch|p1a: Breloom|Breloom, F|100/100 par|[from] Volt Switch
|-damage|p1a: Breloom|88/100 par|[from] Spikes
|move|p2a: Clefable|Seismic Toss|p1a: Breloom
|-damage|p1a: Breloom|57/100 par
|
|-heal|p2a: Clefable|54/100 par|[from] item: Leftovers
|upkeep
|turn|9
|
|t:|1711655561
|switch|p2a: Skarmory|Skarmory, M|100/100
|-damage|p2a: Skarmory|88/100|[from] Stealth Rock
|move|p1a: Breloom|Leech Seed|p2a: Skarmory
|-start|p2a: Skarmory|move: Leech Seed
|
|-damage|p2a: Skarmory|76/100|[from] Leech Seed|[of] p1a: Breloom
|-heal|p1a: Breloom|70/100 par|[silent]
|upkeep
|turn|10
|
|t:|1711655567
|switch|p2a: Latias|Latias, F|100/100
|-damage|p2a: Latias|88/100|[from] Stealth Rock
|switch|p1a: Rotom|Rotom-Wash|100/100
|
|upkeep
|turn|11
|
|t:|1711655571
|switch|p1a: Heavy Weather|Tyranitar, F|100/100
|-damage|p1a: Heavy Weather|88/100|[from] Spikes
|-weather|Sandstorm|[from] ability: Sand Stream|[of] p1a: Heavy Weather
|move|p2a: Latias|Thunder Wave|p1a: Heavy Weather
|-status|p1a: Heavy Weather|par
|
|-weather|Sandstorm|[upkeep]
|-damage|p2a: Latias|82/100|[from] Sandstorm
|upkeep
|turn|12
|j| SansTyC
|
|t:|1711655577
|switch|p2a: Excadrill|Excadrill, F|100/100
|-damage|p2a: Excadrill|97/100|[from] Stealth Rock
|move|p1a: Heavy Weather|Crunch|p2a: Excadrill
|-resisted|p2a: Excadrill
|-damage|p2a: Excadrill|72/100
|
|-weather|Sandstorm|[upkeep]
|-heal|p2a: Excadrill|78/100|[from] item: Leftovers
|upkeep
|turn|13
|
|t:|1711655583
|switch|p1a: Scary Monsters|Landorus-Therian, M|80/100
|-ability|p1a: Scary Monsters|Intimidate|boost
|-unboost|p2a: Excadrill|atk|1
|move|p2a: Excadrill|Iron Head|p1a: Scary Monsters
|-damage|p1a: Scary Monsters|49/100
|
|-weather|Sandstorm|[upkeep]
|-heal|p1a: Scary Monsters|55/100|[from] item: Leftovers
|-heal|p2a: Excadrill|84/100|[from] item: Leftovers
|upkeep
|turn|14
|
|t:|1711655587
|switch|p2a: Skarmory|Skarmory, M|76/100
|-damage|p2a: Skarmory|64/100|[from] Stealth Rock
|move|p1a: Scary Monsters|Earthquake|p2a: Skarmory
|-immune|p2a: Skarmory
|
|-weather|Sandstorm|[upkeep]
|-heal|p1a: Scary Monsters|61/100|[from] item: Leftovers
|upkeep
|turn|15
|
|t:|1711655598
|switch|p1a: Rotom|Rotom-Wash|100/100
|move|p2a: Skarmory|Roost|p2a: Skarmory
|-heal|p2a: Skarmory|100/100
|-singleturn|p2a: Skarmory|move: Roost
|
|-weather|Sandstorm|[upkeep]
|-damage|p1a: Rotom|94/100|[from] Sandstorm
|-heal|p1a: Rotom|100/100|[from] item: Leftovers
|upkeep
|turn|16
|
|t:|1711655603
|switch|p2a: Latias|Latias, F|82/100
|-damage|p2a: Latias|69/100|[from] Stealth Rock
|move|p1a: Rotom|Hydro Pump|p2a: Latias
|-resisted|p2a: Latias
|-crit|p2a: Latias
|-damage|p2a: Latias|36/100
|
|-weather|Sandstorm|[upkeep]
|-damage|p2a: Latias|29/100|[from] Sandstorm
|-damage|p1a: Rotom|94/100|[from] Sandstorm
|-heal|p1a: Rotom|100/100|[from] item: Leftovers
|upkeep
|turn|17
|
|t:|1711655609
|switch|p1a: Heavy Weather|Tyranitar, F|88/100 par
|-damage|p1a: Heavy Weather|76/100 par|[from] Spikes
|move|p2a: Latias|Roost|p2a: Latias
|-heal|p2a: Latias|79/100
|-singleturn|p2a: Latias|move: Roost
|
|-weather|Sandstorm|[upkeep]
|-damage|p2a: Latias|73/100|[from] Sandstorm
|upkeep
|turn|18
|
|t:|1711655615
|move|p2a: Latias|Surf|p1a: Heavy Weather
|-supereffective|p1a: Heavy Weather
|-damage|p1a: Heavy Weather|56/100 par
|cant|p1a: Heavy Weather|par
|
|-weather|Sandstorm|[upkeep]
|-damage|p2a: Latias|67/100|[from] Sandstorm
|upkeep
|turn|19
|
|t:|1711655619
|move|p2a: Latias|Surf|p1a: Heavy Weather
|-supereffective|p1a: Heavy Weather
|-damage|p1a: Heavy Weather|33/100 par
|move|p1a: Heavy Weather|Pursuit|p2a: Latias
|-supereffective|p2a: Latias
|-enditem|p2a: Latias|Colbur Berry|[eat]
|-enditem|p2a: Latias|Colbur Berry|[weaken]
|-damage|p2a: Latias|47/100
|
|-weather|Sandstorm|[upkeep]
|-damage|p2a: Latias|40/100|[from] Sandstorm
|upkeep
|turn|20
|
|t:|1711655624
|move|p2a: Latias|Draco Meteor|p1a: Heavy Weather
|-damage|p1a: Heavy Weather|8/100 par
|-unboost|p2a: Latias|spa|2
|move|p1a: Heavy Weather|Pursuit|p2a: Latias
|-supereffective|p2a: Latias
|-damage|p2a: Latias|3/100
|
|-weather|Sandstorm|[upkeep]
|-damage|p2a: Latias|0 fnt|[from] Sandstorm
|faint|p2a: Latias
|upkeep
|
|t:|1711655632
|switch|p2a: Excadrill|Excadrill, F|84/100
|-damage|p2a: Excadrill|81/100|[from] Stealth Rock
|turn|21
|
|t:|1711655639
|move|p2a: Excadrill|Iron Head|p1a: Heavy Weather
|-supereffective|p1a: Heavy Weather
|-damage|p1a: Heavy Weather|0 fnt
|faint|p1a: Heavy Weather
|
|-weather|Sandstorm|[upkeep]
|-heal|p2a: Excadrill|87/100|[from] item: Leftovers
|upkeep
|
|t:|1711655658
|switch|p1a: Scary Monsters|Landorus-Therian, M|61/100
|-ability|p1a: Scary Monsters|Intimidate|boost
|-unboost|p2a: Excadrill|atk|1
|turn|22
|inactive|authentise_is_shit has 120 seconds left.
|
|t:|1711655705
|switch|p2a: Skarmory|Skarmory, M|100/100
|-damage|p2a: Skarmory|88/100|[from] Stealth Rock
|move|p1a: Scary Monsters|Earthquake|p2a: Skarmory
|-immune|p2a: Skarmory
|
|-weather|Sandstorm|[upkeep]
|-heal|p1a: Scary Monsters|67/100|[from] item: Leftovers
|upkeep
|turn|23
|
|t:|1711655710
|switch|p1a: Rotom|Rotom-Wash|100/100
|move|p2a: Skarmory|Whirlwind|p1a: Rotom
|drag|p1a: Ball Breaker|Excadrill, F|88/100
|-damage|p1a: Ball Breaker|76/100|[from] Spikes
|-ability|p1a: Ball Breaker|Mold Breaker
|
|-weather|Sandstorm|[upkeep]
|-heal|p1a: Ball Breaker|82/100|[from] item: Leftovers
|upkeep
|turn|24
|
|t:|1711655716
|move|p1a: Ball Breaker|Rapid Spin|p2a: Skarmory
|-resisted|p2a: Skarmory
|-damage|p2a: Skarmory|85/100
|-damage|p1a: Ball Breaker|65/100|[from] item: Rocky Helmet|[of] p2a: Skarmory
|-sideend|p1: Croaset|Spikes|[from] move: Rapid Spin|[of] p1a: Ball Breaker
|move|p2a: Skarmory|Spikes|p1a: Ball Breaker
|-sidestart|p1: Croaset|Spikes
|
|-weather|Sandstorm|[upkeep]
|-heal|p1a: Ball Breaker|71/100|[from] item: Leftovers
|upkeep
|turn|25
|
|t:|1711655719
|switch|p1a: Rotom|Rotom-Wash|100/100
|move|p2a: Skarmory|Spikes|p1a: Rotom
|-sidestart|p1: Croaset|Spikes
|
|-weather|Sandstorm|[upkeep]
|-damage|p1a: Rotom|94/100|[from] Sandstorm
|-heal|p1a: Rotom|100/100|[from] item: Leftovers
|upkeep
|turn|26
|
|t:|1711655726
|switch|p2a: Clefable|Clefable, F|54/100 par
|move|p1a: Rotom|Thunderbolt|p2a: Clefable
|-damage|p2a: Clefable|32/100 par
|
|-weather|Sandstorm|[upkeep]
|-damage|p1a: Rotom|94/100|[from] Sandstorm
|-heal|p1a: Rotom|100/100|[from] item: Leftovers
|-heal|p2a: Clefable|38/100 par|[from] item: Leftovers
|upkeep
|turn|27
|
|t:|1711655731
|move|p1a: Rotom|Volt Switch|p2a: Clefable
|-damage|p2a: Clefable|19/100 par
|
|t:|1711655733
|switch|p1a: Breloom|Breloom, F|70/100 par|[from] Volt Switch
|-damage|p1a: Breloom|53/100 par|[from] Spikes
|move|p2a: Clefable|Soft-Boiled|p2a: Clefable
|-heal|p2a: Clefable|69/100 par
|
|-weather|Sandstorm|[upkeep]
|-damage|p1a: Breloom|47/100 par|[from] Sandstorm
|-heal|p2a: Clefable|75/100 par|[from] item: Leftovers
|upkeep
|turn|28
|
|t:|1711655738
|switch|p2a: Skarmory|Skarmory, M|85/100
|-damage|p2a: Skarmory|73/100|[from] Stealth Rock
|move|p1a: Breloom|Mach Punch|p2a: Skarmory
|-damage|p2a: Skarmory|58/100
|-damage|p1a: Breloom|30/100 par|[from] item: Rocky Helmet|[of] p2a: Skarmory
|
|-weather|Sandstorm|[upkeep]
|-damage|p1a: Breloom|24/100 par|[from] Sandstorm
|upkeep
|turn|29
|
|t:|1711655743
|switch|p1a: Rotom|Rotom-Wash|100/100
|move|p2a: Skarmory|Drill Peck|p1a: Rotom
|-resisted|p1a: Rotom
|-damage|p1a: Rotom|88/100
|
|-weather|Sandstorm|[upkeep]
|-damage|p1a: Rotom|81/100|[from] Sandstorm
|-heal|p1a: Rotom|88/100|[from] item: Leftovers
|upkeep
|turn|30
|
|t:|1711655750
|switch|p2a: Clefable|Clefable, F|75/100 par
|move|p1a: Rotom|Thunderbolt|p2a: Clefable
|-damage|p2a: Clefable|53/100 par
|
|-weather|Sandstorm|[upkeep]
|-damage|p1a: Rotom|81/100|[from] Sandstorm
|-heal|p1a: Rotom|88/100|[from] item: Leftovers
|-heal|p2a: Clefable|59/100 par|[from] item: Leftovers
|upkeep
|turn|31
|
|t:|1711655764
|move|p1a: Rotom|Thunderbolt|p2a: Clefable
|-damage|p2a: Clefable|36/100 par
|move|p2a: Clefable|Soft-Boiled|p2a: Clefable
|-heal|p2a: Clefable|86/100 par
|
|-weather|Sandstorm|[upkeep]
|-damage|p1a: Rotom|81/100|[from] Sandstorm
|-heal|p1a: Rotom|88/100|[from] item: Leftovers
|-heal|p2a: Clefable|92/100 par|[from] item: Leftovers
|upkeep
|turn|32
|
|t:|1711655770
|switch|p1a: Breloom|Breloom, F|24/100 par
|-damage|p1a: Breloom|8/100 par|[from] Spikes
|move|p2a: Clefable|Seismic Toss|p1a: Breloom
|-damage|p1a: Breloom|0 fnt
|faint|p1a: Breloom
|
|-weather|Sandstorm|[upkeep]
|-heal|p2a: Clefable|98/100 par|[from] item: Leftovers
|upkeep
|
|t:|1711655778
|switch|p1a: Ball Breaker|Excadrill, F|71/100
|-damage|p1a: Ball Breaker|55/100|[from] Spikes
|-ability|p1a: Ball Breaker|Mold Breaker
|turn|33
|
|t:|1711655784
|switch|p2a: Skarmory|Skarmory, M|58/100
|-damage|p2a: Skarmory|46/100|[from] Stealth Rock
|move|p1a: Ball Breaker|Rapid Spin|p2a: Skarmory
|-resisted|p2a: Skarmory
|-damage|p2a: Skarmory|43/100
|-damage|p1a: Ball Breaker|38/100|[from] item: Rocky Helmet|[of] p2a: Skarmory
|-sideend|p1: Croaset|Spikes|[from] move: Rapid Spin|[of] p1a: Ball Breaker
|
|-weather|Sandstorm|[upkeep]
|-heal|p1a: Ball Breaker|44/100|[from] item: Leftovers
|upkeep
|turn|34
|
|t:|1711655794
|move|p1a: Ball Breaker|Rock Slide|p2a: Skarmory
|-damage|p2a: Skarmory|24/100
|cant|p2a: Skarmory|flinch
|
|-weather|Sandstorm|[upkeep]
|-heal|p1a: Ball Breaker|50/100|[from] item: Leftovers
|upkeep
|turn|35
|
|t:|1711655798
|move|p1a: Ball Breaker|Rock Slide|p2a: Skarmory
|-damage|p2a: Skarmory|2/100
|move|p2a: Skarmory|Roost|p2a: Skarmory
|-heal|p2a: Skarmory|52/100
|-singleturn|p2a: Skarmory|move: Roost
|
|-weather|Sandstorm|[upkeep]
|-heal|p1a: Ball Breaker|56/100|[from] item: Leftovers
|upkeep
|turn|36
|
|t:|1711655803
|switch|p1a: Rotom|Rotom-Wash|88/100
|move|p2a: Skarmory|Roost|p2a: Skarmory
|-heal|p2a: Skarmory|100/100
|-singleturn|p2a: Skarmory|move: Roost
|
|-weather|Sandstorm|[upkeep]
|-damage|p1a: Rotom|81/100|[from] Sandstorm
|-heal|p1a: Rotom|88/100|[from] item: Leftovers
|upkeep
|turn|37
|
|t:|1711655811
|switch|p2a: Clefable|Clefable, F|98/100 par
|move|p1a: Rotom|Volt Switch|p2a: Clefable
|-damage|p2a: Clefable|80/100 par
|
|t:|1711655815
|switch|p1a: Scizor|Scizor, F|88/100|[from] Volt Switch
|
|-weather|Sandstorm|[upkeep]
|-heal|p2a: Clefable|86/100 par|[from] item: Leftovers
|upkeep
|turn|38
|
|t:|1711655820
|move|p1a: Scizor|U-turn|p2a: Clefable
|-damage|p2a: Clefable|18/100 par
|
|t:|1711655824
|switch|p1a: Rotom|Rotom-Wash|88/100|[from] U-turn
|cant|p2a: Clefable|par
|
|-weather|Sandstorm|[upkeep]
|-damage|p1a: Rotom|81/100|[from] Sandstorm
|-heal|p1a: Rotom|88/100|[from] item: Leftovers
|-heal|p2a: Clefable|24/100 par|[from] item: Leftovers
|upkeep
|turn|39
|
|t:|1711655829
|move|p1a: Rotom|Thunderbolt|p2a: Clefable
|-damage|p2a: Clefable|0 fnt
|faint|p2a: Clefable
|
|-weather|Sandstorm|[upkeep]
|-damage|p1a: Rotom|81/100|[from] Sandstorm
|-heal|p1a: Rotom|88/100|[from] item: Leftovers
|upkeep
|
|t:|1711655835
|switch|p2a: Reuniclus|Reuniclus, F|100/100
|turn|40
|
|t:|1711655843
|move|p1a: Rotom|Volt Switch|p2a: Reuniclus
|-damage|p2a: Reuniclus|75/100
|
|t:|1711655854
|switch|p1a: Scary Monsters|Landorus-Therian, M|67/100|[from] Volt Switch
|-ability|p1a: Scary Monsters|Intimidate|boost
|-unboost|p2a: Reuniclus|atk|1
|move|p2a: Reuniclus|Focus Blast|p1a: Scary Monsters
|-resisted|p1a: Scary Monsters
|-damage|p1a: Scary Monsters|45/100
|
|-weather|Sandstorm|[upkeep]
|-heal|p1a: Scary Monsters|51/100|[from] item: Leftovers
|upkeep
|turn|41
|
|t:|1711655859
|switch|p2a: Skarmory|Skarmory, M|100/100
|-damage|p2a: Skarmory|88/100|[from] Stealth Rock
|move|p1a: Scary Monsters|U-turn|p2a: Skarmory
|-resisted|p2a: Skarmory
|-damage|p2a: Skarmory|84/100
|-damage|p1a: Scary Monsters|35/100|[from] item: Rocky Helmet|[of] p2a: Skarmory
|
|t:|1711655861
|switch|p1a: Rotom|Rotom-Wash|88/100|[from] U-turn
|
|-weather|Sandstorm|[upkeep]
|-damage|p1a: Rotom|81/100|[from] Sandstorm
|-heal|p1a: Rotom|88/100|[from] item: Leftovers
|upkeep
|turn|42
|
|t:|1711655870
|switch|p2a: Reuniclus|Reuniclus, F|75/100
|move|p1a: Rotom|Will-O-Wisp|p2a: Reuniclus
|-status|p2a: Reuniclus|brn
|
|-weather|Sandstorm|[upkeep]
|-damage|p1a: Rotom|81/100|[from] Sandstorm
|-heal|p1a: Rotom|88/100|[from] item: Leftovers
|upkeep
|turn|43
|
|t:|1711655873
|move|p1a: Rotom|Volt Switch|p2a: Reuniclus
|-damage|p2a: Reuniclus|51/100 brn
|
|t:|1711655876
|switch|p1a: Scizor|Scizor, F|88/100|[from] Volt Switch
|move|p2a: Reuniclus|Calm Mind|p2a: Reuniclus
|-boost|p2a: Reuniclus|spa|1
|-boost|p2a: Reuniclus|spd|1
|
|-weather|Sandstorm|[upkeep]
|upkeep
|turn|44
|
|t:|1711655879
|switch|p2a: Skarmory|Skarmory, M|84/100
|-damage|p2a: Skarmory|72/100|[from] Stealth Rock
|move|p1a: Scizor|U-turn|p2a: Skarmory
|-resisted|p2a: Skarmory
|-damage|p2a: Skarmory|60/100
|-damage|p1a: Scizor|72/100|[from] item: Rocky Helmet|[of] p2a: Skarmory
|
|t:|1711655881
|switch|p1a: Rotom|Rotom-Wash|88/100|[from] U-turn
|
|-weather|Sandstorm|[upkeep]
|-damage|p1a: Rotom|81/100|[from] Sandstorm
|-heal|p1a: Rotom|88/100|[from] item: Leftovers
|upkeep
|turn|45
|
|t:|1711655885
|switch|p2a: Excadrill|Excadrill, F|87/100
|-damage|p2a: Excadrill|84/100|[from] Stealth Rock
|move|p1a: Rotom|Volt Switch|p2a: Excadrill
|-immune|p2a: Excadrill
|
|-weather|Sandstorm|[upkeep]
|-damage|p1a: Rotom|81/100|[from] Sandstorm
|-heal|p2a: Excadrill|90/100|[from] item: Leftovers
|-heal|p1a: Rotom|88/100|[from] item: Leftovers
|upkeep
|turn|46
|
|t:|1711655899
|move|p2a: Excadrill|Rapid Spin|p1a: Rotom
|-damage|p1a: Rotom|81/100
|-sideend|p2: authentise_is_shit|Stealth Rock|[from] move: Rapid Spin|[of] p2a: Excadrill
|move|p1a: Rotom|Hydro Pump|p2a: Excadrill
|-supereffective|p2a: Excadrill
|-damage|p2a: Excadrill|3/100
|
|-weather|Sandstorm|[upkeep]
|-damage|p1a: Rotom|75/100|[from] Sandstorm
|-heal|p2a: Excadrill|9/100|[from] item: Leftovers
|-heal|p1a: Rotom|81/100|[from] item: Leftovers
|upkeep
|turn|47
|
|t:|1711655907
|move|p2a: Excadrill|Iron Head|p1a: Rotom
|-resisted|p1a: Rotom
|-damage|p1a: Rotom|69/100
|move|p1a: Rotom|Will-O-Wisp|p2a: Excadrill
|-status|p2a: Excadrill|brn
|
|-weather|Sandstorm|[upkeep]
|-damage|p1a: Rotom|63/100|[from] Sandstorm
|-heal|p2a: Excadrill|15/100 brn|[from] item: Leftovers
|-heal|p1a: Rotom|69/100|[from] item: Leftovers
|-damage|p2a: Excadrill|3/100 brn|[from] brn
|upkeep
|turn|48
|
|t:|1711655916
|switch|p1a: Ball Breaker|Excadrill, F|56/100
|-ability|p1a: Ball Breaker|Mold Breaker
|move|p2a: Excadrill|Iron Head|p1a: Ball Breaker
|-resisted|p1a: Ball Breaker
|-damage|p1a: Ball Breaker|38/100
|
|-weather|Sandstorm|[upkeep]
|-heal|p2a: Excadrill|9/100 brn|[from] item: Leftovers
|-heal|p1a: Ball Breaker|45/100|[from] item: Leftovers
|-damage|p2a: Excadrill|0 fnt|[from] brn
|faint|p2a: Excadrill
|upkeep
|
|t:|1711655918
|switch|p2a: Skarmory|Skarmory, M|60/100
|turn|49
|
|t:|1711655921
|switch|p1a: Rotom|Rotom-Wash|69/100
|move|p2a: Skarmory|Spikes|p1a: Rotom
|-sidestart|p1: Croaset|Spikes
|
|-weather|Sandstorm|[upkeep]
|-damage|p1a: Rotom|63/100|[from] Sandstorm
|-heal|p1a: Rotom|69/100|[from] item: Leftovers
|upkeep
|turn|50
|
|t:|1711655925
|switch|p2a: Tyranitar|Tyranitar, F|100/100
|move|p1a: Rotom|Volt Switch|p2a: Tyranitar
|-damage|p2a: Tyranitar|85/100
|
|t:|1711655930
|switch|p1a: Scary Monsters|Landorus-Therian, M|35/100|[from] Volt Switch
|-ability|p1a: Scary Monsters|Intimidate|boost
|-unboost|p2a: Tyranitar|atk|1
|
|-weather|Sandstorm|[upkeep]
|-heal|p1a: Scary Monsters|41/100|[from] item: Leftovers
|upkeep
|turn|51
|
|t:|1711655934
|switch|p2a: Skarmory|Skarmory, M|60/100
|move|p1a: Scary Monsters|U-turn|p2a: Skarmory
|-resisted|p2a: Skarmory
|-damage|p2a: Skarmory|56/100
|-damage|p1a: Scary Monsters|24/100|[from] item: Rocky Helmet|[of] p2a: Skarmory
|
|t:|1711655936
|switch|p1a: Rotom|Rotom-Wash|69/100|[from] U-turn
|
|-weather|Sandstorm|[upkeep]
|-damage|p1a: Rotom|63/100|[from] Sandstorm
|-heal|p1a: Rotom|69/100|[from] item: Leftovers
|upkeep
|turn|52
|
|t:|1711655939
|switch|p2a: Reuniclus|Reuniclus, F|51/100 brn
|move|p1a: Rotom|Will-O-Wisp|p2a: Reuniclus
|-fail|p2a: Reuniclus|brn
|
|-weather|Sandstorm|[upkeep]
|-damage|p1a: Rotom|63/100|[from] Sandstorm
|-heal|p1a: Rotom|69/100|[from] item: Leftovers
|upkeep
|turn|53
|
|t:|1711655944
|move|p1a: Rotom|Volt Switch|p2a: Reuniclus
|-damage|p2a: Reuniclus|26/100 brn
|-enditem|p2a: Reuniclus|Sitrus Berry|[eat]
|-heal|p2a: Reuniclus|51/100 brn|[from] item: Sitrus Berry
|
|t:|1711655946
|switch|p1a: Scary Monsters|Landorus-Therian, M|24/100|[from] Volt Switch
|-ability|p1a: Scary Monsters|Intimidate|boost
|-unboost|p2a: Reuniclus|atk|1
|move|p2a: Reuniclus|Recover|p2a: Reuniclus
|-heal|p2a: Reuniclus|100/100 brn
|
|-weather|Sandstorm|[upkeep]
|-heal|p1a: Scary Monsters|30/100|[from] item: Leftovers
|upkeep
|turn|54
|
|t:|1711655951
|move|p1a: Scary Monsters|U-turn|p2a: Reuniclus
|-supereffective|p2a: Reuniclus
|-damage|p2a: Reuniclus|68/100 brn
|
|t:|1711655953
|switch|p1a: Ball Breaker|Excadrill, F|45/100|[from] U-turn
|-damage|p1a: Ball Breaker|32/100|[from] Spikes
|-ability|p1a: Ball Breaker|Mold Breaker
|move|p2a: Reuniclus|Psyshock|p1a: Ball Breaker
|-resisted|p1a: Ball Breaker
|-damage|p1a: Ball Breaker|7/100
|
|-weather|Sandstorm|[upkeep]
|-heal|p1a: Ball Breaker|13/100|[from] item: Leftovers
|upkeep
|turn|55
|
|t:|1711655961
|switch|p2a: Skarmory|Skarmory, M|56/100
|move|p1a: Ball Breaker|Earthquake|p2a: Skarmory
|-immune|p2a: Skarmory
|
|-weather|Sandstorm|[upkeep]
|-heal|p1a: Ball Breaker|19/100|[from] item: Leftovers
|upkeep
|turn|56
|
|t:|1711655973
|switch|p1a: Rotom|Rotom-Wash|69/100
|move|p2a: Skarmory|Spikes|p1a: Rotom
|-sidestart|p1: Croaset|Spikes
|
|-weather|Sandstorm|[upkeep]
|-damage|p1a: Rotom|63/100|[from] Sandstorm
|-heal|p1a: Rotom|69/100|[from] item: Leftovers
|upkeep
|turn|57
|
|t:|1711655977
|switch|p2a: Tyranitar|Tyranitar, F|85/100
|move|p1a: Rotom|Thunderbolt|p2a: Tyranitar
|-damage|p2a: Tyranitar|66/100
|
|-weather|Sandstorm|[upkeep]
|-damage|p1a: Rotom|63/100|[from] Sandstorm
|-heal|p1a: Rotom|69/100|[from] item: Leftovers
|upkeep
|turn|58
|
|t:|1711655981
|move|p2a: Tyranitar|Crunch|p1a: Rotom
|-damage|p1a: Rotom|31/100
|move|p1a: Rotom|Will-O-Wisp|p2a: Tyranitar
|-status|p2a: Tyranitar|brn
|
|-weather|Sandstorm|[upkeep]
|-damage|p1a: Rotom|25/100|[from] Sandstorm
|-heal|p1a: Rotom|31/100|[from] item: Leftovers
|-damage|p2a: Tyranitar|54/100 brn|[from] brn
|upkeep
|turn|59
|
|t:|1711655996
|switch|p1a: Scary Monsters|Landorus-Therian, M|30/100
|-ability|p1a: Scary Monsters|Intimidate|boost
|-unboost|p2a: Tyranitar|atk|1
|move|p2a: Tyranitar|Crunch|p1a: Scary Monsters
|-damage|p1a: Scary Monsters|18/100
|-unboost|p1a: Scary Monsters|def|1
|
|-weather|Sandstorm|[upkeep]
|-heal|p1a: Scary Monsters|24/100|[from] item: Leftovers
|-damage|p2a: Tyranitar|42/100 brn|[from] brn
|upkeep
|turn|60
|
|t:|1711656002
|switch|p2a: Skarmory|Skarmory, M|56/100
|move|p1a: Scary Monsters|Earthquake|p2a: Skarmory
|-immune|p2a: Skarmory
|
|-weather|Sandstorm|[upkeep]
|-heal|p1a: Scary Monsters|30/100|[from] item: Leftovers
|upkeep
|turn|61
|
|t:|1711656005
|switch|p1a: Rotom|Rotom-Wash|31/100
|move|p2a: Skarmory|Roost|p2a: Skarmory
|-heal|p2a: Skarmory|100/100
|-singleturn|p2a: Skarmory|move: Roost
|
|-weather|Sandstorm|[upkeep]
|-damage|p1a: Rotom|25/100|[from] Sandstorm
|-heal|p1a: Rotom|31/100|[from] item: Leftovers
|upkeep
|turn|62
|
|t:|1711656008
|switch|p2a: Tyranitar|Tyranitar, F|42/100 brn
|move|p1a: Rotom|Thunderbolt|p2a: Tyranitar
|-damage|p2a: Tyranitar|22/100 brn
|
|-weather|Sandstorm|[upkeep]
|-damage|p1a: Rotom|25/100|[from] Sandstorm
|-heal|p1a: Rotom|31/100|[from] item: Leftovers
|-damage|p2a: Tyranitar|10/100 brn|[from] brn
|upkeep
|turn|63
|
|t:|1711656017
|-activate|p1a: Rotom|move: Pursuit
|move|p2a: Tyranitar|Pursuit|p1a: Rotom|[from]Pursuit
|-damage|p1a: Rotom|11/100
|switch|p1a: Scary Monsters|Landorus-Therian, M|30/100
|-ability|p1a: Scary Monsters|Intimidate|boost
|-unboost|p2a: Tyranitar|atk|1
|
|-weather|Sandstorm|[upkeep]
|-heal|p1a: Scary Monsters|36/100|[from] item: Leftovers
|-damage|p2a: Tyranitar|0 fnt|[from] brn
|faint|p2a: Tyranitar
|upkeep
|
|t:|1711656021
|switch|p2a: Skarmory|Skarmory, M|100/100
|turn|64
|
|t:|1711656027
|move|p1a: Scary Monsters|Stealth Rock|p2a: Skarmory
|-sidestart|p2: authentise_is_shit|move: Stealth Rock
|move|p2a: Skarmory|Spikes|p1a: Scary Monsters
|-sidestart|p1: Croaset|Spikes
|
|-weather|Sandstorm|[upkeep]
|-heal|p1a: Scary Monsters|42/100|[from] item: Leftovers
|upkeep
|turn|65
|
|t:|1711656037
|switch|p1a: Ball Breaker|Excadrill, F|19/100
|-damage|p1a: Ball Breaker|0 fnt|[from] Spikes
|faint|p1a: Ball Breaker
|move|p2a: Skarmory|Whirlwind|p1: Ball Breaker|[notarget]
|-fail|p2a: Skarmory
|
|-weather|Sandstorm|[upkeep]
|upkeep
|
|t:|1711656039
|switch|p1a: Rotom|Rotom-Wash|11/100
|turn|66
|
|t:|1711656045
|switch|p2a: Reuniclus|Reuniclus, F|68/100 brn
|move|p1a: Rotom|Thunderbolt|p2a: Reuniclus
|-damage|p2a: Reuniclus|38/100 brn
|
|-weather|Sandstorm|[upkeep]
|-damage|p1a: Rotom|4/100|[from] Sandstorm
|-heal|p1a: Rotom|11/100|[from] item: Leftovers
|upkeep
|turn|67
|
|t:|1711656053
|move|p1a: Rotom|Volt Switch|p2a: Reuniclus
|-damage|p2a: Reuniclus|14/100 brn
|
|t:|1711656056
|switch|p1a: Scizor|Scizor, F|72/100|[from] Volt Switch
|-damage|p1a: Scizor|47/100|[from] Spikes
|move|p2a: Reuniclus|Recover|p2a: Reuniclus
|-heal|p2a: Reuniclus|64/100 brn
|
|-weather|Sandstorm|[upkeep]
|upkeep
|turn|68
|
|t:|1711656062
|-activate|p2a: Reuniclus|move: Pursuit
|move|p1a: Scizor|Pursuit|p2a: Reuniclus|[from]Pursuit
|-supereffective|p2a: Reuniclus
|-damage|p2a: Reuniclus|1/100 brn
|switch|p2a: Skarmory|Skarmory, M|100/100
|-damage|p2a: Skarmory|88/100|[from] Stealth Rock
|
|-weather|Sandstorm|[upkeep]
|upkeep
|turn|69
|
|t:|1711656080
|move|p1a: Scizor|Pursuit|p2a: Skarmory
|-resisted|p2a: Skarmory
|-damage|p2a: Skarmory|76/100
|-damage|p1a: Scizor|30/100|[from] item: Rocky Helmet|[of] p2a: Skarmory
|move|p2a: Skarmory|Whirlwind|p1a: Scizor
|drag|p1a: Rotom|Rotom-Wash|11/100
|
|-weather|Sandstorm|[upkeep]
|-damage|p1a: Rotom|4/100|[from] Sandstorm
|-heal|p1a: Rotom|11/100|[from] item: Leftovers
|upkeep
|turn|70
|
|t:|1711656086
|move|p1a: Rotom|Thunderbolt|p2a: Skarmory
|-supereffective|p2a: Skarmory
|-crit|p2a: Skarmory
|-damage|p2a: Skarmory|0 fnt
|faint|p2a: Skarmory
|
|-weather|Sandstorm|[upkeep]
|-damage|p1a: Rotom|4/100|[from] Sandstorm
|-heal|p1a: Rotom|11/100|[from] item: Leftovers
|upkeep
|
|t:|1711656088
|switch|p2a: Reuniclus|Reuniclus, F|1/100 brn
|turn|71
|
|t:|1711656090
|move|p1a: Rotom|Thunderbolt|p2a: Reuniclus
|-damage|p2a: Reuniclus|0 fnt
|faint|p2a: Reuniclus
|
|win|Croaset
|raw|Croaset's rating: 1417 &rarr; <strong>1437</strong><br />(+20 for winning)
|raw|authentise_is_shit's rating: 1423 &rarr; <strong>1403</strong><br />(-20 for losing)
