|j|☆Bronzongsunderbell
|j|☆Stoned Edging
|t:|1746424916
|gametype|singles
|player|p1|Bronzongsunderbell|2|1447
|player|p2|Stoned Edging|hilbert-wonderlauncher|1391
|teamsize|p1|6
|teamsize|p2|6
|gen|5
|tier|[Gen 5] OU
|rated|
|rule|Species Clause: Limit one of each Pokémon
|rule|OHKO Clause: OHKO moves are banned
|rule|Moody Clause: Moody is banned
|rule|Evasion Items Clause: Evasion items are banned
|rule|Evasion Moves Clause: Evasion moves are banned
|rule|Endless Battle Clause: Forcing endless battles is banned
|rule|HP Percentage Mod: HP is shown in percentages
|rule|Evasion Abilities Clause: Evasion abilities are banned
|rule|Sleep Moves Clause: Sleep-inducing moves are banned
|rule|Swagger Clause: Swagger is banned
|rule|Baton Pass Stat Clause: No Baton Passer may have a way to boost its stats
|clearpoke
|poke|p1|Cryogonal|item
|poke|p1|Rotom-Heat|item
|poke|p1|Keldeo-Resolute|item
|poke|p1|Dragonite, M|item
|poke|p1|Jirachi|item
|poke|p1|Garchomp, F|item
|poke|p2|Politoed, M|item
|poke|p2|Tentacruel, F|item
|poke|p2|Ferrothorn, F|item
|poke|p2|Keldeo-Resolute|item
|poke|p2|Thundurus-Therian, M|item
|poke|p2|Latios, M|item
|teampreview
|inactive|Battle timer is ON: inactive players will automatically lose when time's up. (requested by Stoned Edging)
|
|t:|1746424931
|start
|switch|p1a: Garchomp|Garchomp, F|100/100
|switch|p2a: Politoed|Politoed, M, shiny|100/100
|-weather|RainDance|[from] ability: Drizzle|[of] p2a: Politoed
|turn|1
|
|t:|1746424938
|move|p1a: Garchomp|Stealth Rock|p2a: Politoed
|-sidestart|p2: Stoned Edging|move: Stealth Rock
|move|p2a: Politoed|Encore|p1a: Garchomp
|-start|p1a: Garchomp|Encore
|
|-weather|RainDance|[upkeep]
|upkeep
|turn|2
|
|t:|1746424945
|switch|p1a: Cryogonal|Cryogonal|100/100
|move|p2a: Politoed|Scald|p1a: Cryogonal
|-damage|p1a: Cryogonal|72/100
|
|-weather|RainDance|[upkeep]
|-heal|p1a: Cryogonal|78/100|[from] item: Leftovers
|upkeep
|turn|3
|
|t:|1746424952
|switch|p2a: Ferrothorn|Ferrothorn, F, shiny|100/100
|-damage|p2a: Ferrothorn|94/100|[from] Stealth Rock
|move|p1a: Cryogonal|Toxic|p2a: Ferrothorn
|-immune|p2a: Ferrothorn
|
|-weather|RainDance|[upkeep]
|-heal|p1a: Cryogonal|83/100|[from] item: Leftovers
|-heal|p2a: Ferrothorn|100/100|[from] item: Leftovers
|upkeep
|turn|4
|
|t:|1746424959
|switch|p1a: Rotom|Rotom-Heat|100/100
|switch|p2a: Keldeo|Keldeo-Resolute|100/100
|-damage|p2a: Keldeo|94/100|[from] Stealth Rock
|
|-weather|RainDance|[upkeep]
|upkeep
|turn|5
|
|t:|1746424970
|switch|p1a: Dragonite|Dragonite, M|100/100
|move|p2a: Keldeo|Surf|p1a: Dragonite
|-resisted|p1a: Dragonite
|-damage|p1a: Dragonite|70/100
|
|-weather|RainDance|[upkeep]
|upkeep
|turn|6
|
|t:|1746424983
|switch|p2a: Ferrothorn|Ferrothorn, F, shiny|100/100
|-damage|p2a: Ferrothorn|94/100|[from] Stealth Rock
|move|p1a: Dragonite|Fire Punch|p2a: Ferrothorn
|-supereffective|p2a: Ferrothorn
|-damage|p2a: Ferrothorn|53/100
|-damage|p1a: Dragonite|57/100|[from] ability: Iron Barbs|[of] p2a: Ferrothorn
|
|-weather|RainDance|[upkeep]
|-heal|p2a: Ferrothorn|60/100|[from] item: Leftovers
|upkeep
|turn|7
|
|t:|1746424990
|switch|p1a: Rotom|Rotom-Heat|100/100
|switch|p2a: Keldeo|Keldeo-Resolute|94/100
|-damage|p2a: Keldeo|88/100|[from] Stealth Rock
|
|-weather|RainDance|[upkeep]
|upkeep
|turn|8
|
|t:|1746424995
|switch|p1a: Keldeo|Keldeo-Resolute|100/100
|move|p2a: Keldeo|Surf|p1a: Keldeo
|-resisted|p1a: Keldeo
|-damage|p1a: Keldeo|35/100
|
|-weather|RainDance|[upkeep]
|-heal|p1a: Keldeo|41/100|[from] item: Leftovers
|upkeep
|turn|9
|
|t:|1746425003
|move|p1a: Keldeo|Secret Sword|p2a: Keldeo
|-damage|p2a: Keldeo|41/100
|move|p2a: Keldeo|Surf|p1a: Keldeo
|-resisted|p1a: Keldeo
|-damage|p1a: Keldeo|0 fnt
|faint|p1a: Keldeo
|
|-weather|RainDance|[upkeep]
|upkeep
|
|t:|1746425009
|switch|p1a: Garchomp|Garchomp, F|100/100
|turn|10
|
|t:|1746425015
|switch|p2a: Thundurus|Thundurus-Therian, M, shiny|100/100
|-damage|p2a: Thundurus|76/100|[from] Stealth Rock
|move|p1a: Garchomp|Earthquake|p2a: Thundurus
|-immune|p2a: Thundurus
|
|-weather|RainDance|[upkeep]
|-heal|p2a: Thundurus|82/100|[from] item: Leftovers
|upkeep
|turn|11
|
|t:|1746425018
|move|p1a: Garchomp|Draco Meteor|p2a: Thundurus
|-damage|p2a: Thundurus|18/100
|-unboost|p1a: Garchomp|spa|2
|move|p2a: Thundurus|Hidden Power|p1a: Garchomp
|-supereffective|p1a: Garchomp
|-enditem|p1a: Garchomp|Focus Sash
|-damage|p1a: Garchomp|1/100
|
|-weather|RainDance|[upkeep]
|-heal|p2a: Thundurus|24/100|[from] item: Leftovers
|upkeep
|turn|12
|
|t:|1746425025
|move|p1a: Garchomp|Draco Meteor|p2a: Thundurus
|-damage|p2a: Thundurus|0 fnt
|-unboost|p1a: Garchomp|spa|2
|faint|p2a: Thundurus
|
|-weather|RainDance|[upkeep]
|upkeep
|
|t:|1746425035
|switch|p2a: Keldeo|Keldeo-Resolute|41/100
|-damage|p2a: Keldeo|35/100|[from] Stealth Rock
|turn|13
|j| banmudedazhenfeng
|l| banmudedazhenfeng
|
|t:|1746425053
|switch|p1a: Rotom|Rotom-Heat|100/100
|move|p2a: Keldeo|Surf|p1a: Rotom
|-supereffective|p1a: Rotom
|-crit|p1a: Rotom
|-damage|p1a: Rotom|0 fnt
|faint|p1a: Rotom
|
|-weather|RainDance|[upkeep]
|upkeep
|
|t:|1746425057
|switch|p1a: Dragonite|Dragonite, M|57/100
|turn|14
|
|t:|1746425061
|switch|p2a: Ferrothorn|Ferrothorn, F, shiny|60/100
|-damage|p2a: Ferrothorn|53/100|[from] Stealth Rock
|move|p1a: Dragonite|Dragon Dance|p1a: Dragonite
|-boost|p1a: Dragonite|atk|1
|-boost|p1a: Dragonite|spe|1
|
|-weather|RainDance|[upkeep]
|-heal|p2a: Ferrothorn|60/100|[from] item: Leftovers
|upkeep
|turn|15
|
|t:|1746425063
|move|p1a: Dragonite|Fire Punch|p2a: Ferrothorn
|-supereffective|p2a: Ferrothorn
|-damage|p2a: Ferrothorn|0 fnt
|-damage|p1a: Dragonite|45/100|[from] ability: Iron Barbs|[of] p2a: Ferrothorn
|faint|p2a: Ferrothorn
|
|-weather|RainDance|[upkeep]
|upkeep
|
|t:|1746425067
|switch|p2a: Latios|Latios, M, shiny|100/100
|-damage|p2a: Latios|88/100|[from] Stealth Rock
|turn|16
|
|t:|1746425072
|switch|p1a: Jirachi|Jirachi|100/100
|move|p2a: Latios|Dragon Pulse|p1a: Jirachi
|-resisted|p1a: Jirachi
|-damage|p1a: Jirachi|79/100
|
|-weather|RainDance|[upkeep]
|upkeep
|turn|17
|
|t:|1746425076
|switch|p2a: Tentacruel|Tentacruel, F, shiny|100/100
|-damage|p2a: Tentacruel|88/100|[from] Stealth Rock
|move|p1a: Jirachi|U-turn|p2a: Tentacruel
|-resisted|p2a: Tentacruel
|-damage|p2a: Tentacruel|77/100
|
|t:|1746425084
|switch|p1a: Garchomp|Garchomp, F|1/100|[from] U-turn
|
|-weather|RainDance|[upkeep]
|-heal|p2a: Tentacruel|83/100|[from] ability: Rain Dish
|-heal|p2a: Tentacruel|89/100|[from] item: Black Sludge
|upkeep
|turn|18
|
|t:|1746425090
|move|p1a: Garchomp|Earthquake|p2a: Tentacruel
|-supereffective|p2a: Tentacruel
|-crit|p2a: Tentacruel
|-damage|p2a: Tentacruel|0 fnt
|faint|p2a: Tentacruel
|
|-weather|RainDance|[upkeep]
|upkeep
|
|t:|1746425095
|switch|p2a: Keldeo|Keldeo-Resolute|35/100
|-damage|p2a: Keldeo|28/100|[from] Stealth Rock
|turn|19
|
|t:|1746425122
|move|p2a: Keldeo|Surf|p1a: Garchomp
|-damage|p1a: Garchomp|0 fnt
|faint|p1a: Garchomp
|
|-weather|RainDance|[upkeep]
|upkeep
|
|t:|1746425127
|switch|p1a: Dragonite|Dragonite, M|45/100
|turn|20
|
|t:|1746425137
|switch|p2a: Politoed|Politoed, M, shiny|100/100
|-damage|p2a: Politoed|88/100|[from] Stealth Rock
|move|p1a: Dragonite|Extreme Speed|p2a: Politoed
|-damage|p2a: Politoed|64/100
|
|-weather|RainDance|[upkeep]
|-heal|p2a: Politoed|70/100|[from] item: Leftovers
|upkeep
|turn|21
|
|t:|1746425147
|move|p1a: Dragonite|Outrage|p2a: Politoed
|-damage|p2a: Politoed|19/100
|move|p2a: Politoed|Scald|p1a: Dragonite
|-resisted|p1a: Dragonite
|-damage|p1a: Dragonite|26/100
|
|-weather|RainDance|[upkeep]
|-heal|p2a: Politoed|25/100|[from] item: Leftovers
|upkeep
|turn|22
|
|t:|1746425156
|move|p1a: Dragonite|Outrage|p2a: Politoed|[from] lockedmove
|-damage|p2a: Politoed|0 fnt
|faint|p2a: Politoed
|-start|p1a: Dragonite|confusion|[fatigue]
|-enditem|p1a: Dragonite|Lum Berry|[eat]
|-end|p1a: Dragonite|confusion
|
|-weather|RainDance|[upkeep]
|upkeep
|
|t:|1746425172
|switch|p2a: Latios|Latios, M, shiny|88/100
|-damage|p2a: Latios|76/100|[from] Stealth Rock
|turn|23
|
|t:|1746425177
|switch|p1a: Jirachi|Jirachi|79/100
|move|p2a: Latios|Surf|p1a: Jirachi
|-damage|p1a: Jirachi|36/100
|
|-weather|RainDance|[upkeep]
|upkeep
|turn|24
|
|t:|1746425182
|move|p2a: Latios|Surf|p1a: Jirachi
|-damage|p1a: Jirachi|0 fnt
|faint|p1a: Jirachi
|
|-weather|RainDance|[upkeep]
|upkeep
|
|t:|1746425185
|switch|p1a: Cryogonal|Cryogonal|83/100
|turn|25
|
|t:|1746425195
|switch|p2a: Keldeo|Keldeo-Resolute|28/100
|-damage|p2a: Keldeo|22/100|[from] Stealth Rock
|move|p1a: Cryogonal|Ice Beam|p2a: Keldeo
|-resisted|p2a: Keldeo
|-crit|p2a: Keldeo
|-damage|p2a: Keldeo|0 fnt
|faint|p2a: Keldeo
|
|-weather|RainDance|[upkeep]
|-heal|p1a: Cryogonal|89/100|[from] item: Leftovers
|upkeep
|
|t:|1746425200
|switch|p2a: Latios|Latios, M, shiny|76/100
|-damage|p2a: Latios|64/100|[from] Stealth Rock
|turn|26
|
|t:|1746425203
|move|p2a: Latios|Draco Meteor|p1a: Cryogonal
|-damage|p1a: Cryogonal|33/100
|-unboost|p2a: Latios|spa|2
|move|p1a: Cryogonal|Ice Beam|p2a: Latios
|-supereffective|p2a: Latios
|-damage|p2a: Latios|2/100
|
|-weather|RainDance|[upkeep]
|-heal|p1a: Cryogonal|39/100|[from] item: Leftovers
|upkeep
|turn|27
|
|t:|1746425207
|move|p2a: Latios|Draco Meteor|p1a: Cryogonal
|-damage|p1a: Cryogonal|9/100
|-unboost|p2a: Latios|spa|2
|move|p1a: Cryogonal|Recover|p1a: Cryogonal
|-heal|p1a: Cryogonal|59/100
|
|-weather|RainDance|[upkeep]
|-heal|p1a: Cryogonal|65/100|[from] item: Leftovers
|upkeep
|turn|28
|c|☆Bronzongsunderbell|Gg
|inactive|Stoned Edging has 120 seconds left.
|-message|Stoned Edging forfeited.
|
|win|Bronzongsunderbell
|raw|Bronzongsunderbell's rating: 1447 &rarr; <strong>1464</strong><br />(+17 for winning)
|raw|Stoned Edging's rating: 1391 &rarr; <strong>1374</strong><br />(-17 for losing)
|l|☆Stoned Edging
|player|p2|
