|j|☆Bark psychosis
|j|☆yoloboy9000
|player|p1|Bark psychosis|1
|player|p2|yoloboy9000|266
|teamsize|p1|6
|teamsize|p2|6
|gametype|singles
|gen|5
|tier|[Gen 5] OU
|rated|
|rule|Sleep Clause Mod: Limit one foe put to sleep
|rule|Species Clause: Limit one of each Pokémon
|rule|OHKO Clause: OHKO moves are banned
|rule|Moody Clause: Moody is banned
|rule|Evasion Moves Clause: Evasion moves are banned
|rule|Endless Battle Clause: Forcing endless battles is banned
|rule|HP Percentage Mod: HP is shown in percentages
|rule|Evasion Abilities Clause: Evasion abilities are banned
|rule|Baton Pass Clause: Limit one Baton Passer, can't pass Spe and other stats simultaneously
|rule|Swagger Clause: Swagger is banned
|clearpoke
|poke|p1|Politoed, F|item
|poke|p1|Hydreigon, M|item
|poke|p1|Latios, M|item
|poke|p1|Toxicroak, M|item
|poke|p1|Garchomp, M|item
|poke|p1|Ferrothorn, M|item
|poke|p2|Tyranitar, M|item
|poke|p2|Magnezone|item
|poke|p2|Terrakion|item
|poke|p2|Latios, M|item
|poke|p2|Scizor, M|item
|poke|p2|Landorus-Therian, M|item
|teampreview
|
|start
|switch|p1a: Politoed|Politoed, F|100/100
|switch|p2a: Pat Riely|Tyranitar, M|100/100
|-weather|RainDance|[from] ability: Drizzle|[of] p1a: Politoed
|-weather|Sandstorm|[from] ability: Sand Stream|[of] p2a: Pat Riely
|turn|1
|
|move|p1a: Politoed|Scald|p2a: Pat Riely
|-supereffective|p2a: Pat Riely
|-damage|p2a: Pat Riely|77/100
|-status|p2a: Pat Riely|brn
|move|p2a: Pat Riely|Stealth Rock|p1a: Politoed
|-sidestart|p1: Bark psychosis|move: Stealth Rock
|
|-weather|Sandstorm|[upkeep]
|-damage|p1a: Politoed|94/100|[from] sandstorm
|-heal|p2a: Pat Riely|83/100 brn|[from] item: Leftovers
|-damage|p2a: Pat Riely|70/100 brn|[from] brn
|upkeep
|turn|2
|
|switch|p1a: Garchomp|Garchomp, M|100/100
|-damage|p1a: Garchomp|94/100|[from] Stealth Rock
|switch|p2a: Bosh|Latios, M, shiny|100/100
|
|-weather|Sandstorm|[upkeep]
|-damage|p2a: Bosh|95/100|[from] sandstorm
|upkeep
|turn|3
|
|switch|p1a: Ferrothorn|Ferrothorn, M|100/100
|-damage|p1a: Ferrothorn|94/100|[from] Stealth Rock
|move|p2a: Bosh|Draco Meteor|p1a: Ferrothorn
|-resisted|p1a: Ferrothorn
|-damage|p1a: Ferrothorn|70/100
|-unboost|p2a: Bosh|spa|2
|
|-weather|Sandstorm|[upkeep]
|-damage|p2a: Bosh|89/100|[from] sandstorm
|-heal|p1a: Ferrothorn|77/100|[from] item: Leftovers
|upkeep
|turn|4
|
|switch|p2a: Bron Bron|Landorus-Therian, M|100/100
|-ability|p2a: Bron Bron|Intimidate|boost
|-unboost|p1a: Ferrothorn|atk|1
|move|p1a: Ferrothorn|Stealth Rock|p2a: Bron Bron
|-sidestart|p2: yoloboy9000|move: Stealth Rock
|
|-weather|Sandstorm|[upkeep]
|-heal|p1a: Ferrothorn|83/100|[from] item: Leftovers
|upkeep
|turn|5
|
|switch|p1a: Politoed|Politoed, F|94/100
|-damage|p1a: Politoed|82/100|[from] Stealth Rock
|-weather|RainDance|[from] ability: Drizzle|[of] p1a: Politoed
|move|p2a: Bron Bron|U-turn|p1a: Politoed
|-damage|p1a: Politoed|60/100
|
|switch|p2a: Pat Riely|Tyranitar, M|70/100 brn
|-damage|p2a: Pat Riely|58/100 brn|[from] Stealth Rock
|-weather|Sandstorm|[from] ability: Sand Stream|[of] p2a: Pat Riely
|
|-weather|Sandstorm|[upkeep]
|-damage|p1a: Politoed|54/100|[from] sandstorm
|-heal|p2a: Pat Riely|64/100 brn|[from] item: Leftovers
|-damage|p2a: Pat Riely|52/100 brn|[from] brn
|upkeep
|turn|6
|
|switch|p2a: Bosh|Latios, M, shiny|89/100
|-damage|p2a: Bosh|76/100|[from] Stealth Rock
|move|p1a: Politoed|Scald|p2a: Bosh
|-resisted|p2a: Bosh
|-damage|p2a: Bosh|64/100
|-status|p2a: Bosh|brn
|
|-weather|Sandstorm|[upkeep]
|-damage|p2a: Bosh|58/100 brn|[from] sandstorm
|-damage|p1a: Politoed|48/100|[from] sandstorm
|-damage|p2a: Bosh|46/100 brn|[from] brn
|upkeep
|turn|7
|
|switch|p2a: Ray Allen|Magnezone|100/100
|-damage|p2a: Ray Allen|94/100|[from] Stealth Rock
|switch|p1a: Ferrothorn|Ferrothorn, M|83/100
|-damage|p1a: Ferrothorn|77/100|[from] Stealth Rock
|
|-weather|Sandstorm|[upkeep]
|-heal|p2a: Ray Allen|100/100|[from] item: Leftovers
|-heal|p1a: Ferrothorn|83/100|[from] item: Leftovers
|upkeep
|turn|8
|
|move|p2a: Ray Allen|Substitute|p2a: Ray Allen
|-start|p2a: Ray Allen|Substitute
|-damage|p2a: Ray Allen|76/100
|move|p1a: Ferrothorn|Spikes|p2a: Ray Allen
|-sidestart|p2: yoloboy9000|Spikes
|
|-weather|Sandstorm|[upkeep]
|-heal|p2a: Ray Allen|82/100|[from] item: Leftovers
|-heal|p1a: Ferrothorn|89/100|[from] item: Leftovers
|upkeep
|turn|9
|
|move|p2a: Ray Allen|Charge Beam|p1a: Ferrothorn
|-resisted|p1a: Ferrothorn
|-damage|p1a: Ferrothorn|81/100
|move|p1a: Ferrothorn|Spikes|p2a: Ray Allen
|-sidestart|p2: yoloboy9000|Spikes
|
|-weather|Sandstorm|[upkeep]
|-heal|p2a: Ray Allen|88/100|[from] item: Leftovers
|-heal|p1a: Ferrothorn|87/100|[from] item: Leftovers
|upkeep
|turn|10
|
|move|p2a: Ray Allen|Charge Beam|p1a: Ferrothorn
|-resisted|p1a: Ferrothorn
|-crit|p1a: Ferrothorn
|-damage|p1a: Ferrothorn|70/100
|-boost|p2a: Ray Allen|spa|1
|move|p1a: Ferrothorn|Spikes|p2a: Ray Allen
|-sidestart|p2: yoloboy9000|Spikes
|
|-weather|Sandstorm|[upkeep]
|-heal|p2a: Ray Allen|94/100|[from] item: Leftovers
|-heal|p1a: Ferrothorn|77/100|[from] item: Leftovers
|upkeep
|turn|11
|
|move|p2a: Ray Allen|Charge Beam|p1a: Ferrothorn
|-resisted|p1a: Ferrothorn
|-damage|p1a: Ferrothorn|64/100
|-boost|p2a: Ray Allen|spa|1
|move|p1a: Ferrothorn|Gyro Ball|p2a: Ray Allen
|-resisted|p2a: Ray Allen
|-activate|p2a: Ray Allen|Substitute|[damage]
|
|-weather|Sandstorm|[upkeep]
|-heal|p2a: Ray Allen|99/100|[from] item: Leftovers
|-heal|p1a: Ferrothorn|70/100|[from] item: Leftovers
|upkeep
|turn|12
|
|move|p2a: Ray Allen|Charge Beam|p1a: Ferrothorn
|-resisted|p1a: Ferrothorn
|-damage|p1a: Ferrothorn|51/100
|-boost|p2a: Ray Allen|spa|1
|move|p1a: Ferrothorn|Gyro Ball|p2a: Ray Allen
|-resisted|p2a: Ray Allen
|-end|p2a: Ray Allen|Substitute
|
|-weather|Sandstorm|[upkeep]
|-heal|p2a: Ray Allen|100/100|[from] item: Leftovers
|-heal|p1a: Ferrothorn|57/100|[from] item: Leftovers
|upkeep
|turn|13
|
|move|p2a: Ray Allen|Substitute|p2a: Ray Allen
|-start|p2a: Ray Allen|Substitute
|-damage|p2a: Ray Allen|76/100
|move|p1a: Ferrothorn|Gyro Ball|p2a: Ray Allen
|-resisted|p2a: Ray Allen
|-activate|p2a: Ray Allen|Substitute|[damage]
|
|-weather|Sandstorm|[upkeep]
|-heal|p2a: Ray Allen|82/100|[from] item: Leftovers
|-heal|p1a: Ferrothorn|63/100|[from] item: Leftovers
|upkeep
|turn|14
|
|move|p2a: Ray Allen|Charge Beam|p1a: Ferrothorn
|-resisted|p1a: Ferrothorn
|-damage|p1a: Ferrothorn|39/100
|move|p1a: Ferrothorn|Gyro Ball|p2a: Ray Allen
|-resisted|p2a: Ray Allen
|-end|p2a: Ray Allen|Substitute
|
|-weather|Sandstorm|[upkeep]
|-heal|p2a: Ray Allen|88/100|[from] item: Leftovers
|-heal|p1a: Ferrothorn|45/100|[from] item: Leftovers
|upkeep
|turn|15
|
|move|p2a: Ray Allen|Substitute|p2a: Ray Allen
|-start|p2a: Ray Allen|Substitute
|-damage|p2a: Ray Allen|63/100
|move|p1a: Ferrothorn|Gyro Ball|p2a: Ray Allen
|-resisted|p2a: Ray Allen
|-activate|p2a: Ray Allen|Substitute|[damage]
|
|-weather|Sandstorm|[upkeep]
|-heal|p2a: Ray Allen|69/100|[from] item: Leftovers
|-heal|p1a: Ferrothorn|52/100|[from] item: Leftovers
|upkeep
|turn|16
|
|move|p2a: Ray Allen|Charge Beam|p1a: Ferrothorn
|-resisted|p1a: Ferrothorn
|-damage|p1a: Ferrothorn|30/100
|-boost|p2a: Ray Allen|spa|1
|move|p1a: Ferrothorn|Gyro Ball|p2a: Ray Allen
|-resisted|p2a: Ray Allen
|-end|p2a: Ray Allen|Substitute
|
|-weather|Sandstorm|[upkeep]
|-heal|p2a: Ray Allen|75/100|[from] item: Leftovers
|-heal|p1a: Ferrothorn|37/100|[from] item: Leftovers
|upkeep
|turn|17
|
|move|p2a: Ray Allen|Substitute|p2a: Ray Allen
|-start|p2a: Ray Allen|Substitute
|-damage|p2a: Ray Allen|50/100
|move|p1a: Ferrothorn|Gyro Ball|p2a: Ray Allen
|-resisted|p2a: Ray Allen
|-activate|p2a: Ray Allen|Substitute|[damage]
|
|-weather|Sandstorm|[upkeep]
|-heal|p2a: Ray Allen|56/100|[from] item: Leftovers
|-heal|p1a: Ferrothorn|43/100|[from] item: Leftovers
|upkeep
|turn|18
|
|move|p2a: Ray Allen|Hidden Power|p1a: Ferrothorn
|-supereffective|p1a: Ferrothorn
|-damage|p1a: Ferrothorn|0 fnt
|faint|p1a: Ferrothorn
|
|-weather|Sandstorm|[upkeep]
|-heal|p2a: Ray Allen|62/100|[from] item: Leftovers
|upkeep
|
|switch|p1a: Hydreigon|Hydreigon, M|100/100
|-damage|p1a: Hydreigon|88/100|[from] Stealth Rock
|turn|19
|j| Katou Megumi lover
|
|move|p1a: Hydreigon|Surf|p2a: Ray Allen
|-end|p2a: Ray Allen|Substitute
|move|p2a: Ray Allen|Flash Cannon|p1a: Hydreigon
|-damage|p1a: Hydreigon|0 fnt
|faint|p1a: Hydreigon
|
|-weather|Sandstorm|[upkeep]
|-heal|p2a: Ray Allen|68/100|[from] item: Leftovers
|upkeep
|
|switch|p1a: Garchomp|Garchomp, M|94/100
|-damage|p1a: Garchomp|88/100|[from] Stealth Rock
|turn|20
|l| Katou Megumi lover
|
|move|p1a: Garchomp|Earthquake|p2a: Ray Allen
|-supereffective|p2a: Ray Allen
|-damage|p2a: Ray Allen|0 fnt
|faint|p2a: Ray Allen
|
|-weather|Sandstorm|[upkeep]
|upkeep
|
|switch|p2a: Bron Bron|Landorus-Therian, M|100/100
|-damage|p2a: Bron Bron|88/100|[from] Stealth Rock
|-ability|p2a: Bron Bron|Intimidate|boost
|-unboost|p1a: Garchomp|atk|1
|turn|21
|
|switch|p1a: Politoed|Politoed, F|48/100
|-damage|p1a: Politoed|35/100|[from] Stealth Rock
|-weather|RainDance|[from] ability: Drizzle|[of] p1a: Politoed
|move|p2a: Bron Bron|U-turn|p1a: Politoed
|-damage|p1a: Politoed|15/100
|
|switch|p2a: Pat Riely|Tyranitar, M|52/100 brn
|-damage|p2a: Pat Riely|27/100 brn|[from] Spikes
|-damage|p2a: Pat Riely|15/100 brn|[from] Stealth Rock
|-weather|Sandstorm|[from] ability: Sand Stream|[of] p2a: Pat Riely
|
|-weather|Sandstorm|[upkeep]
|-damage|p1a: Politoed|9/100|[from] sandstorm
|-heal|p2a: Pat Riely|21/100 brn|[from] item: Leftovers
|-damage|p2a: Pat Riely|8/100 brn|[from] brn
|upkeep
|turn|22
|l|☆yoloboy9000
|player|p2|
|j|☆yoloboy9000
|player|p2|yoloboy9000|266
|inactive|Battle timer is ON: inactive players will automatically lose when time's up. (requested by yoloboy9000)
|inactive|Bark psychosis has 135 seconds left.
|
|move|p1a: Politoed|Rest|p1a: Politoed
|-status|p1a: Politoed|slp
|-heal|p1a: Politoed|100/100 slp|[silent]
|-status|p1a: Politoed|slp|[from] move: Rest
|-enditem|p1a: Politoed|Chesto Berry|[eat]
|-curestatus|p1a: Politoed|slp|[msg]
|move|p2a: Pat Riely|Pursuit|p1a: Politoed
|-damage|p1a: Politoed|94/100
|
|-weather|Sandstorm|[upkeep]
|-damage|p1a: Politoed|87/100|[from] sandstorm
|-heal|p2a: Pat Riely|15/100 brn|[from] item: Leftovers
|-damage|p2a: Pat Riely|2/100 brn|[from] brn
|upkeep
|turn|23
|inactive|yoloboy9000 has 135 seconds left.
|
|move|p1a: Politoed|Scald|p2a: Pat Riely
|-supereffective|p2a: Pat Riely
|-damage|p2a: Pat Riely|0 fnt
|faint|p2a: Pat Riely
|
|-weather|Sandstorm|[upkeep]
|-damage|p1a: Politoed|81/100|[from] sandstorm
|upkeep
|
|switch|p2a: Bosh|Latios, M, shiny|46/100 brn
|-damage|p2a: Bosh|33/100 brn|[from] Stealth Rock
|turn|24
|inactive|Bark psychosis has 135 seconds left.
|
|switch|p1a: Garchomp|Garchomp, M|88/100
|-damage|p1a: Garchomp|82/100|[from] Stealth Rock
|move|p2a: Bosh|Energy Ball|p1a: Garchomp
|-damage|p1a: Garchomp|51/100
|
|-weather|Sandstorm|[upkeep]
|-damage|p2a: Bosh|27/100 brn|[from] sandstorm
|-damage|p2a: Bosh|15/100 brn|[from] brn
|upkeep
|turn|25
|
|move|p2a: Bosh|Draco Meteor|p1a: Garchomp
|-supereffective|p1a: Garchomp
|-damage|p1a: Garchomp|0 fnt
|-unboost|p2a: Bosh|spa|2
|faint|p1a: Garchomp
|
|-weather|Sandstorm|[upkeep]
|-damage|p2a: Bosh|9/100 brn|[from] sandstorm
|-damage|p2a: Bosh|0 fnt|[from] brn
|upkeep
|faint|p2a: Bosh
|inactive|yoloboy9000 has 135 seconds left.
|
|switch|p2a: D.Wade|Terrakion|100/100
|switch|p1a: Politoed|Politoed, F|81/100
|-damage|p2a: D.Wade|94/100|[from] Stealth Rock
|-damage|p2a: D.Wade|70/100|[from] Spikes
|-damage|p1a: Politoed|69/100|[from] Stealth Rock
|-weather|RainDance|[from] ability: Drizzle|[of] p1a: Politoed
|turn|26
|inactive|Bark psychosis has 135 seconds left.
|inactive|Bark psychosis has 120 seconds left.
|inactive|Bark psychosis has 105 seconds left.
|
|switch|p1a: Toxicroak|Toxicroak, M|100/100
|-damage|p1a: Toxicroak|94/100|[from] Stealth Rock
|move|p2a: D.Wade|Close Combat|p1a: Toxicroak
|-resisted|p1a: Toxicroak
|-damage|p1a: Toxicroak|52/100
|-unboost|p2a: D.Wade|def|1
|-unboost|p2a: D.Wade|spd|1
|
|-weather|RainDance|[upkeep]
|-heal|p1a: Toxicroak|65/100|[from] ability: Dry Skin
|-heal|p1a: Toxicroak|71/100|[from] item: Black Sludge
|upkeep
|turn|27
|inactive|Bark psychosis has 135 seconds left.
|inactive|yoloboy9000 has 135 seconds left.
|
|switch|p2a: Bron Bron|Landorus-Therian, M|88/100
|-damage|p2a: Bron Bron|76/100|[from] Stealth Rock
|-ability|p2a: Bron Bron|Intimidate|boost
|-unboost|p1a: Toxicroak|atk|1
|move|p1a: Toxicroak|Substitute|p1a: Toxicroak
|-start|p1a: Toxicroak|Substitute
|-damage|p1a: Toxicroak|46/100
|
|-weather|RainDance|[upkeep]
|-heal|p1a: Toxicroak|58/100|[from] ability: Dry Skin
|-heal|p1a: Toxicroak|65/100|[from] item: Black Sludge
|upkeep
|turn|28
|
|move|p2a: Bron Bron|Earthquake|p1a: Toxicroak
|-supereffective|p1a: Toxicroak
|-end|p1a: Toxicroak|Substitute
|move|p1a: Toxicroak|Toxic|p2a: Bron Bron
|-status|p2a: Bron Bron|tox
|
|-weather|RainDance|[upkeep]
|-heal|p1a: Toxicroak|77/100|[from] ability: Dry Skin
|-heal|p1a: Toxicroak|83/100|[from] item: Black Sludge
|-damage|p2a: Bron Bron|70/100 tox|[from] psn
|upkeep
|turn|29
|
|switch|p1a: Latios|Latios, M|100/100
|-damage|p1a: Latios|88/100|[from] Stealth Rock
|move|p2a: Bron Bron|U-turn|p1a: Latios
|-supereffective|p1a: Latios
|-damage|p1a: Latios|0 fnt
|faint|p1a: Latios
|
|switch|p2a: Miller|Scizor, M, shiny|100/100
|-damage|p2a: Miller|88/100|[from] Stealth Rock
|-damage|p2a: Miller|63/100|[from] Spikes
|
|-weather|RainDance|[upkeep]
|upkeep
|c|☆Bark psychosis|Oh come on what the Fuck kind of sets are thrse
|inactive|Bark psychosis has 135 seconds left.
|
|switch|p1a: Politoed|Politoed, F|69/100
|-damage|p1a: Politoed|56/100|[from] Stealth Rock
|turn|30
|
|move|p1a: Politoed|Scald|p2a: Miller
|-damage|p2a: Miller|14/100
|move|p2a: Miller|U-turn|p1a: Politoed
|-damage|p1a: Politoed|11/100
|
|switch|p2a: D.Wade|Terrakion|70/100
|-damage|p2a: D.Wade|45/100|[from] Spikes
|-damage|p2a: D.Wade|39/100|[from] Stealth Rock
|
|-weather|RainDance|[upkeep]
|upkeep
|turn|31
|
|move|p2a: D.Wade|Close Combat|p1a: Politoed
|-damage|p1a: Politoed|0 fnt
|-unboost|p2a: D.Wade|def|1
|-unboost|p2a: D.Wade|spd|1
|faint|p1a: Politoed
|
|-weather|RainDance|[upkeep]
|upkeep
|
|switch|p1a: Toxicroak|Toxicroak, M|83/100
|-damage|p1a: Toxicroak|77/100|[from] Stealth Rock
|turn|32
|
|move|p2a: D.Wade|Close Combat|p1a: Toxicroak
|-resisted|p1a: Toxicroak
|-damage|p1a: Toxicroak|38/100
|-unboost|p2a: D.Wade|def|1
|-unboost|p2a: D.Wade|spd|1
|move|p1a: Toxicroak|Substitute|p1a: Toxicroak
|-start|p1a: Toxicroak|Substitute
|-damage|p1a: Toxicroak|13/100
|
|-weather|RainDance|[upkeep]
|-heal|p1a: Toxicroak|25/100|[from] ability: Dry Skin
|-heal|p1a: Toxicroak|31/100|[from] item: Black Sludge
|upkeep
|turn|33
|inactive|Bark psychosis has 135 seconds left.
|
|move|p2a: D.Wade|Close Combat|p1a: Toxicroak
|-resisted|p1a: Toxicroak
|-crit|p1a: Toxicroak
|-end|p1a: Toxicroak|Substitute
|-unboost|p2a: D.Wade|def|1
|-unboost|p2a: D.Wade|spd|1
|move|p1a: Toxicroak|Substitute|p1a: Toxicroak
|-start|p1a: Toxicroak|Substitute
|-damage|p1a: Toxicroak|6/100
|
|-weather|RainDance|[upkeep]
|-heal|p1a: Toxicroak|19/100|[from] ability: Dry Skin
|-heal|p1a: Toxicroak|25/100|[from] item: Black Sludge
|upkeep
|turn|34
|
|move|p1a: Toxicroak|Sucker Punch|p2a: D.Wade
|-resisted|p2a: D.Wade
|-damage|p2a: D.Wade|2/100
|-ability|p2a: D.Wade|Justified|boost
|-boost|p2a: D.Wade|atk|1
|move|p2a: D.Wade|Close Combat|p1a: Toxicroak
|-resisted|p1a: Toxicroak
|-end|p1a: Toxicroak|Substitute
|-unboost|p2a: D.Wade|def|1
|-unboost|p2a: D.Wade|spd|1
|
|-weather|RainDance|[upkeep]
|-heal|p1a: Toxicroak|38/100|[from] ability: Dry Skin
|-heal|p1a: Toxicroak|44/100|[from] item: Black Sludge
|upkeep
|turn|35
|inactive|yoloboy9000 has 135 seconds left.
|
|move|p1a: Toxicroak|Sucker Punch|p2a: D.Wade
|-resisted|p2a: D.Wade
|-damage|p2a: D.Wade|0 fnt
|faint|p2a: D.Wade
|
|-weather|RainDance|[upkeep]
|-heal|p1a: Toxicroak|56/100|[from] ability: Dry Skin
|-heal|p1a: Toxicroak|63/100|[from] item: Black Sludge
|upkeep
|
|switch|p2a: Bron Bron|Landorus-Therian, M|70/100 tox
|-damage|p2a: Bron Bron|58/100 tox|[from] Stealth Rock
|-ability|p2a: Bron Bron|Intimidate|boost
|-unboost|p1a: Toxicroak|atk|1
|turn|36
|
|move|p2a: Bron Bron|Earthquake|p1a: Toxicroak
|-supereffective|p1a: Toxicroak
|-damage|p1a: Toxicroak|0 fnt
|faint|p1a: Toxicroak
|
|win|yoloboy9000
|raw|Bark psychosis's rating: 1374 &rarr; <strong>1355</strong><br />(-19 for losing)
|raw|yoloboy9000's rating: 1405 &rarr; <strong>1423</strong><br />(+18 for winning)
|l|☆Bark psychosis
|c|☆yoloboy9000|Gg
