|j|‽E0 Palourde
|j|☆CertamenMeum
|t:|1735845444
|gametype|singles
|player|p1|E0 Palourde|ingo|1349
|player|p2|CertamenMeum|fisherman-gen4|1416
|teamsize|p1|6
|teamsize|p2|6
|gen|5
|tier|[Gen 5] OU
|rated|
|rule|Species Clause: Limit one of each Pokémon
|rule|OHKO Clause: OHKO moves are banned
|rule|Moody Clause: Moody is banned
|rule|Evasion Items Clause: Evasion items are banned
|rule|Evasion Moves Clause: Evasion moves are banned
|rule|Endless Battle Clause: Forcing endless battles is banned
|rule|HP Percentage Mod: HP is shown in percentages
|rule|Evasion Abilities Clause: Evasion abilities are banned
|rule|Sleep Moves Clause: Sleep-inducing moves are banned
|rule|Swagger Clause: Swagger is banned
|rule|Baton Pass Stat Clause: No Baton Passer may have a way to boost its stats
|clearpoke
|poke|p1|Ferrothorn, F|item
|poke|p1|Politoed, F|item
|poke|p1|Tentacruel, F|item
|poke|p1|Latios, M|item
|poke|p1|Dragonite, M|item
|poke|p1|Keldeo|item
|poke|p2|Terrakion|item
|poke|p2|Infernape, F|item
|poke|p2|Keldeo|item
|poke|p2|Lucario, F|item
|poke|p2|Scrafty, M|item
|poke|p2|Conkeldurr, F|item
|teampreview
|inactive|Battle timer is ON: inactive players will automatically lose when time's up. (requested by CertamenMeum)
|
|t:|1735845473
|start
|switch|p1a: Politoed|Politoed, F|100/100
|switch|p2a: ゴウカザル|Infernape, F, shiny|100/100
|-weather|RainDance|[from] ability: Drizzle|[of] p1a: Politoed
|turn|1
|
|t:|1735845480
|move|p2a: ゴウカザル|Stealth Rock|p1a: Politoed
|-sidestart|p1: E0 Palourde|move: Stealth Rock
|move|p1a: Politoed|Scald|p2a: ゴウカザル
|-supereffective|p2a: ゴウカザル
|-enditem|p2a: ゴウカザル|Focus Sash
|-damage|p2a: ゴウカザル|1/100
|
|-weather|RainDance|[upkeep]
|upkeep
|turn|2
|
|t:|1735845488
|move|p1a: Politoed|Protect|p1a: Politoed
|-singleturn|p1a: Politoed|Protect
|move|p2a: ゴウカザル|Taunt|p1a: Politoed
|-activate|p1a: Politoed|move: Protect
|
|-weather|RainDance|[upkeep]
|upkeep
|turn|3
|j| estrogen fiend
|
|t:|1735845500
|move|p2a: ゴウカザル|Taunt|p1a: Politoed
|-start|p1a: Politoed|move: Taunt
|move|p1a: Politoed|Scald|p2a: ゴウカザル
|-supereffective|p2a: ゴウカザル
|-damage|p2a: ゴウカザル|0 fnt
|faint|p2a: ゴウカザル
|
|-weather|RainDance|[upkeep]
|upkeep
|
|t:|1735845503
|switch|p2a: ケルディオ|Keldeo|100/100
|turn|4
|
|t:|1735845508
|switch|p1a: Tentacruel|Tentacruel, F|100/100
|-damage|p1a: Tentacruel|88/100|[from] Stealth Rock
|move|p2a: ケルディオ|Substitute|p2a: ケルディオ
|-start|p2a: ケルディオ|Substitute
|-damage|p2a: ケルディオ|76/100
|
|-weather|RainDance|[upkeep]
|-heal|p1a: Tentacruel|94/100|[from] ability: Rain Dish
|-heal|p1a: Tentacruel|99/100|[from] item: Black Sludge
|-heal|p2a: ケルディオ|82/100|[from] item: Leftovers
|upkeep
|turn|5
|
|t:|1735845515
|move|p1a: Tentacruel|Rapid Spin|p2a: ケルディオ
|-activate|p2a: ケルディオ|Substitute|[damage]
|-sideend|p1: E0 Palourde|Stealth Rock|[from] move: Rapid Spin|[of] p1a: Tentacruel
|move|p2a: ケルディオ|Calm Mind|p2a: ケルディオ
|-boost|p2a: ケルディオ|spa|1
|-boost|p2a: ケルディオ|spd|1
|
|-weather|RainDance|[upkeep]
|-heal|p1a: Tentacruel|100/100|[from] ability: Rain Dish
|-heal|p2a: ケルディオ|88/100|[from] item: Leftovers
|upkeep
|turn|6
|
|t:|1735845540
|switch|p1a: Dragonite|Dragonite, M|100/100
|move|p2a: ケルディオ|Calm Mind|p2a: ケルディオ
|-boost|p2a: ケルディオ|spa|1
|-boost|p2a: ケルディオ|spd|1
|
|-weather|RainDance|[upkeep]
|-heal|p2a: ケルディオ|94/100|[from] item: Leftovers
|upkeep
|turn|7
|
|t:|1735845544
|move|p2a: ケルディオ|Scald|p1a: Dragonite
|-resisted|p1a: Dragonite
|-damage|p1a: Dragonite|77/100
|move|p1a: Dragonite|Hurricane|p2a: ケルディオ
|-supereffective|p2a: ケルディオ
|-end|p2a: ケルディオ|Substitute
|
|-weather|RainDance|[upkeep]
|-heal|p2a: ケルディオ|100/100|[from] item: Leftovers
|upkeep
|turn|8
|
|t:|1735845550
|move|p2a: ケルディオ|Scald|p1a: Dragonite
|-resisted|p1a: Dragonite
|-damage|p1a: Dragonite|31/100
|move|p1a: Dragonite|Hurricane|p2a: ケルディオ
|-supereffective|p2a: ケルディオ
|-crit|p2a: ケルディオ
|-damage|p2a: ケルディオ|0 fnt
|faint|p2a: ケルディオ
|
|-weather|RainDance|[upkeep]
|upkeep
|
|t:|1735845560
|switch|p2a: テラキオン|Terrakion|100/100
|turn|9
|
|t:|1735845587
|move|p1a: Dragonite|Extreme Speed|p2a: テラキオン
|-resisted|p2a: テラキオン
|-crit|p2a: テラキオン
|-damage|p2a: テラキオン|75/100
|move|p2a: テラキオン|Stone Edge|p1a: Dragonite
|-supereffective|p1a: Dragonite
|-damage|p1a: Dragonite|0 fnt
|faint|p1a: Dragonite
|
|-weather|RainDance|[upkeep]
|upkeep
|
|t:|1735845594
|switch|p1a: Keldeo|Keldeo|100/100
|turn|10
|
|t:|1735845604
|move|p2a: テラキオン|Stone Edge|p1a: Keldeo
|-resisted|p1a: Keldeo
|-damage|p1a: Keldeo|69/100
|move|p1a: Keldeo|Scald|p2a: テラキオン
|-supereffective|p2a: テラキオン
|-damage|p2a: テラキオン|0 fnt
|faint|p2a: テラキオン
|
|-weather|RainDance|[upkeep]
|-heal|p1a: Keldeo|75/100|[from] item: Leftovers
|upkeep
|
|t:|1735845609
|switch|p2a: ローブシン|Conkeldurr, F|100/100
|turn|11
|
|t:|1735845637
|move|p1a: Keldeo|Scald|p2a: ローブシン
|-crit|p2a: ローブシン
|-damage|p2a: ローブシン|0 fnt
|faint|p2a: ローブシン
|
|-weather|RainDance|[upkeep]
|-heal|p1a: Keldeo|81/100|[from] item: Leftovers
|upkeep
|
|t:|1735845646
|switch|p2a: ルカリオ|Lucario, F, shiny|100/100
|turn|12
|
|t:|1735845654
|move|p1a: Keldeo|Secret Sword|p2a: ルカリオ
|-supereffective|p2a: ルカリオ
|-damage|p2a: ルカリオ|0 fnt
|faint|p2a: ルカリオ
|
|-weather|RainDance|[upkeep]
|-heal|p1a: Keldeo|87/100|[from] item: Leftovers
|upkeep
|-message|CertamenMeum forfeited.
|
|win|E0 Palourde
|raw|E0 Palourde's rating: 1349 &rarr; <strong>1373</strong><br />(+24 for winning)
|raw|CertamenMeum's rating: 1422 &rarr; <strong>1398</strong><br />(-24 for losing)
|l|☆CertamenMeum
|player|p2|
