|j|☆Hawk Harrelson
|j|☆Call me Fouge
|player|p1|Hawk Harrelson|24
|player|p2|Call me Fouge|224
|teamsize|p1|6
|teamsize|p2|6
|gametype|singles
|gen|5
|tier|[Gen 5] OU
|rated|
|rule|Sleep Clause Mod: Limit one foe put to sleep
|rule|Species Clause: Limit one of each Pokémon
|rule|OHKO Clause: OHKO moves are banned
|rule|Moody Clause: Moody is banned
|rule|Evasion Moves Clause: Evasion moves are banned
|rule|Endless Battle Clause: Forcing endless battles is banned
|rule|HP Percentage Mod: HP is shown in percentages
|rule|Evasion Abilities Clause: Evasion abilities are banned
|rule|Baton Pass Clause: Limit one Baton Passer, can't pass Spe and other stats simultaneously
|rule|Swagger Clause: Swagger is banned
|clearpoke
|poke|p1|Tyranitar, M|item
|poke|p1|Landorus-Therian, M|item
|poke|p1|Garchomp, M|item
|poke|p1|Rotom-Wash|item
|poke|p1|Scizor, M|item
|poke|p1|Amoonguss, F|item
|poke|p2|Magnezone|item
|poke|p2|Salamence, M|item
|poke|p2|Kyurem-Black|item
|poke|p2|Jirachi|item
|poke|p2|Alakazam, M|item
|poke|p2|Garchomp, M|item
|teampreview
|
|start
|switch|p1a: Amoonguss|Amoonguss, F|100/100
|switch|p2a: Jirachi|Jirachi|100/100
|turn|1
|
|move|p2a: Jirachi|U-turn|p1a: Amoonguss
|-damage|p1a: Amoonguss|78/100
|
|switch|p2a: Salamence|Salamence, M|100/100
|move|p1a: Amoonguss|Spore|p2a: Salamence
|-status|p2a: Salamence|slp
|
|-heal|p1a: Amoonguss|84/100|[from] item: Black Sludge
|upkeep
|turn|2
|
|cant|p2a: Salamence|slp
|move|p2a: Salamence|Sleep Talk|p2a: Salamence
|move|p2a: Salamence|Outrage|p1a: Amoonguss|[from]Sleep Talk
|-damage|p1a: Amoonguss|19/100
|move|p1a: Amoonguss|Hidden Power|p2a: Salamence
|-supereffective|p2a: Salamence
|-crit|p2a: Salamence
|-damage|p2a: Salamence|0 fnt
|faint|p2a: Salamence
|
|-heal|p1a: Amoonguss|25/100|[from] item: Black Sludge
|upkeep
|j| 198a
|
|switch|p2a: Magnezone|Magnezone|100/100
|turn|3
|
|switch|p1a: Tyranitar|Tyranitar, M|100/100
|-weather|Sandstorm|[from] ability: Sand Stream|[of] p1a: Tyranitar
|move|p2a: Magnezone|Substitute|p2a: Magnezone
|-start|p2a: Magnezone|Substitute
|-damage|p2a: Magnezone|76/100
|
|-weather|Sandstorm|[upkeep]
|-heal|p2a: Magnezone|82/100|[from] item: Leftovers
|upkeep
|turn|4
|
|switch|p2a: Garchomp|Garchomp, M|100/100
|move|p1a: Tyranitar|Stealth Rock|p2a: Garchomp
|-sidestart|p2: Call me Fouge|move: Stealth Rock
|
|-weather|Sandstorm|[upkeep]
|upkeep
|turn|5
|
|move|p2a: Garchomp|Draco Meteor|p1a: Tyranitar
|-enditem|p2a: Garchomp|Dragon Gem|[from] gem|[move] Draco Meteor
|-damage|p1a: Tyranitar|56/100
|-unboost|p2a: Garchomp|spa|2
|move|p1a: Tyranitar|Crunch|p2a: Garchomp
|-damage|p2a: Garchomp|62/100
|-damage|p1a: Tyranitar|43/100|[from] ability: Rough Skin|[of] p2a: Garchomp
|
|-weather|Sandstorm|[upkeep]
|upkeep
|turn|6
|
|switch|p1a: Landorus|Landorus-Therian, M|100/100
|-ability|p1a: Landorus|Intimidate|boost
|-unboost|p2a: Garchomp|atk|1
|move|p2a: Garchomp|Stealth Rock|p1a: Landorus
|-sidestart|p1: Hawk Harrelson|move: Stealth Rock
|
|-weather|Sandstorm|[upkeep]
|upkeep
|turn|7
|
|move|p1a: Landorus|Hidden Power|p2a: Garchomp
|-supereffective|p2a: Garchomp
|-damage|p2a: Garchomp|0 fnt
|faint|p2a: Garchomp
|
|-weather|Sandstorm|[upkeep]
|upkeep
|
|switch|p2a: Kyurem|Kyurem-Black|100/100
|-damage|p2a: Kyurem|75/100|[from] Stealth Rock
|-ability|p2a: Kyurem|Teravolt
|turn|8
|
|switch|p1a: Tyranitar|Tyranitar, M|43/100
|-damage|p1a: Tyranitar|31/100|[from] Stealth Rock
|move|p2a: Kyurem|Fusion Bolt|p1a: Tyranitar
|-damage|p1a: Tyranitar|0 fnt
|faint|p1a: Tyranitar
|
|-weather|Sandstorm|[upkeep]
|-damage|p2a: Kyurem|69/100|[from] Sandstorm
|upkeep
|
|switch|p1a: Garchomp|Garchomp, M|100/100
|-damage|p1a: Garchomp|94/100|[from] Stealth Rock
|turn|9
|
|switch|p2a: Magnezone|Magnezone|82/100
|-damage|p2a: Magnezone|76/100|[from] Stealth Rock
|move|p1a: Garchomp|Earthquake|p2a: Magnezone
|-supereffective|p2a: Magnezone
|-damage|p2a: Magnezone|0 fnt
|-damage|p1a: Garchomp|85/100|[from] item: Life Orb
|faint|p2a: Magnezone
|
|-weather|Sandstorm|[upkeep]
|upkeep
|
|switch|p2a: Alakazam|Alakazam, M|100/100
|turn|10
|
|switch|p1a: Rotom|Rotom-Wash|100/100
|-damage|p1a: Rotom|88/100|[from] Stealth Rock
|move|p2a: Alakazam|Psychic|p1a: Rotom
|-damage|p1a: Rotom|47/100
|
|-weather|Sandstorm|[upkeep]
|-damage|p1a: Rotom|41/100|[from] Sandstorm
|-heal|p1a: Rotom|47/100|[from] item: Leftovers
|upkeep
|turn|11
|
|move|p2a: Alakazam|Psychic|p1a: Rotom
|-damage|p1a: Rotom|10/100
|move|p1a: Rotom|Volt Switch|p2a: Alakazam
|-damage|p2a: Alakazam|60/100
|
|switch|p1a: Landorus|Landorus-Therian, M|100/100
|-damage|p1a: Landorus|88/100|[from] Stealth Rock
|-ability|p1a: Landorus|Intimidate|boost
|-unboost|p2a: Alakazam|atk|1
|
|-weather|Sandstorm|[upkeep]
|upkeep
|turn|12
|
|switch|p2a: Kyurem|Kyurem-Black|69/100
|-damage|p2a: Kyurem|44/100|[from] Stealth Rock
|-ability|p2a: Kyurem|Teravolt
|move|p1a: Landorus|U-turn|p2a: Kyurem
|-damage|p2a: Kyurem|21/100
|
|switch|p1a: Garchomp|Garchomp, M|85/100
|-damage|p1a: Garchomp|78/100|[from] Stealth Rock
|
|-weather|Sandstorm|[upkeep]
|-damage|p2a: Kyurem|15/100|[from] Sandstorm
|upkeep
|turn|13
|
|move|p1a: Garchomp|Earthquake|p2a: Kyurem
|-damage|p2a: Kyurem|0 fnt
|-damage|p1a: Garchomp|69/100|[from] item: Life Orb
|faint|p2a: Kyurem
|
|-weather|Sandstorm|[upkeep]
|upkeep
|
|switch|p2a: Alakazam|Alakazam, M|60/100
|turn|14
|
|switch|p1a: Rotom|Rotom-Wash|10/100
|-damage|p1a: Rotom|0 fnt|[from] Stealth Rock
|faint|p1a: Rotom
|move|p2a: Alakazam|Hidden Power|p1: Rotom|[notarget]
|-notarget
|
|-weather|Sandstorm|[upkeep]
|upkeep
|
|switch|p1a: Landorus|Landorus-Therian, M|88/100
|-damage|p1a: Landorus|76/100|[from] Stealth Rock
|-ability|p1a: Landorus|Intimidate|boost
|-unboost|p2a: Alakazam|atk|1
|turn|15
|
|move|p1a: Landorus|Earthquake|p2a: Alakazam
|-damage|p2a: Alakazam|0 fnt
|faint|p2a: Alakazam
|
|-weather|Sandstorm|[upkeep]
|upkeep
|
|switch|p2a: Jirachi|Jirachi|100/100
|-damage|p2a: Jirachi|94/100|[from] Stealth Rock
|turn|16
|
|switch|p1a: Amoonguss|Amoonguss, F|58/100
|-damage|p1a: Amoonguss|46/100|[from] Stealth Rock
|move|p2a: Jirachi|Iron Head|p1a: Amoonguss
|-damage|p1a: Amoonguss|11/100
|
|-weather|Sandstorm|[upkeep]
|-damage|p1a: Amoonguss|5/100|[from] Sandstorm
|-heal|p1a: Amoonguss|11/100|[from] item: Black Sludge
|upkeep
|turn|17
|
|move|p2a: Jirachi|Iron Head|p1a: Amoonguss
|-damage|p1a: Amoonguss|0 fnt
|faint|p1a: Amoonguss
|
|-weather|Sandstorm|[upkeep]
|upkeep
|
|switch|p1a: Landorus|Landorus-Therian, M|76/100
|-damage|p1a: Landorus|64/100|[from] Stealth Rock
|-ability|p1a: Landorus|Intimidate|boost
|-unboost|p2a: Jirachi|atk|1
|turn|18
|
|move|p2a: Jirachi|Iron Head|p1a: Landorus
|-damage|p1a: Landorus|34/100
|move|p1a: Landorus|Earthquake|p2a: Jirachi
|-supereffective|p2a: Jirachi
|-damage|p2a: Jirachi|0 fnt
|faint|p2a: Jirachi
|
|win|Hawk Harrelson
|l|☆Hawk Harrelson
|l|☆Call me Fouge
|raw|Hawk Harrelson's rating: 1318 &rarr; <strong>1345</strong><br />(+27 for winning)
|raw|Call me Fouge's rating: 1434 &rarr; <strong>1407</strong><br />(-27 for losing)
