|j|☆el janitor
|j|☆thedwarfintheflask
|t:|1743248485
|gametype|singles
|player|p1|el janitor|2|1384
|player|p2|thedwarfintheflask|170|1456
|teamsize|p1|6
|teamsize|p2|6
|gen|5
|tier|[Gen 5] OU
|rated|
|rule|Species Clause: Limit one of each Pokémon
|rule|OHKO Clause: OHKO moves are banned
|rule|Moody Clause: Moody is banned
|rule|Evasion Items Clause: Evasion items are banned
|rule|Evasion Moves Clause: Evasion moves are banned
|rule|Endless Battle Clause: Forcing endless battles is banned
|rule|HP Percentage Mod: HP is shown in percentages
|rule|Evasion Abilities Clause: Evasion abilities are banned
|rule|Sleep Moves Clause: Sleep-inducing moves are banned
|rule|Swagger Clause: Swagger is banned
|rule|Baton Pass Stat Clause: No Baton Passer may have a way to boost its stats
|clearpoke
|poke|p1|Azelf|item
|poke|p1|Celebi|item
|poke|p1|Heatran, F|item
|poke|p1|Excadrill, F|item
|poke|p1|Zapdos|item
|poke|p1|Breloom, M|item
|poke|p2|Metagross|item
|poke|p2|Kyurem-Black|item
|poke|p2|Latios, M|item
|poke|p2|Alakazam, M|item
|poke|p2|Excadrill, M|item
|poke|p2|Rotom-Wash|item
|teampreview
|
|t:|1743248503
|start
|switch|p1a: Zapdos|Zapdos|100/100
|switch|p2a: Metagross|Metagross|100/100
|-ability|p1a: Zapdos|Pressure
|turn|1
|
|t:|1743248505
|move|p1a: Zapdos|Heat Wave|p2a: Metagross
|-supereffective|p2a: Metagross
|-damage|p2a: Metagross|48/100
|move|p2a: Metagross|Stealth Rock|p1a: Zapdos
|-sidestart|p1: el janitor|move: Stealth Rock
|
|upkeep
|turn|2
|
|t:|1743248512
|switch|p2a: Latios|Latios, M|100/100
|move|p1a: Zapdos|Heat Wave|p2a: Latios
|-resisted|p2a: Latios
|-damage|p2a: Latios|84/100
|
|upkeep
|turn|3
|inactive|Battle timer is ON: inactive players will automatically lose when time's up. (requested by thedwarfintheflask)
|
|t:|1743248516
|switch|p1a: Celebi|Celebi|100/100
|-damage|p1a: Celebi|88/100|[from] Stealth Rock
|move|p2a: Latios|Surf|p1a: Celebi
|-resisted|p1a: Celebi
|-damage|p1a: Celebi|74/100
|
|-heal|p1a: Celebi|80/100|[from] item: Leftovers
|upkeep
|turn|4
|
|t:|1743248521
|switch|p2a: Kyurem|Kyurem-Black|100/100
|-ability|p2a: Kyurem|Teravolt
|move|p1a: Celebi|U-turn|p2a: Kyurem
|-damage|p2a: Kyurem|87/100
|
|t:|1743248532
|switch|p1a: Breloom|Breloom, M|100/100|[from] U-turn
|-damage|p1a: Breloom|94/100|[from] Stealth Rock
|
|-heal|p2a: Kyurem|93/100|[from] item: Leftovers
|upkeep
|turn|5
|
|t:|1743248535
|move|p1a: Breloom|Mach Punch|p2a: Kyurem
|-supereffective|p2a: Kyurem
|-damage|p2a: Kyurem|0 fnt
|faint|p2a: Kyurem
|
|upkeep
|
|t:|1743248542
|switch|p2a: Latios|Latios, M|84/100
|turn|6
|
|t:|1743248544
|switch|p1a: Heatran|Heatran, F|100/100
|-damage|p1a: Heatran|88/100|[from] Stealth Rock
|move|p2a: Latios|Draco Meteor|p1a: Heatran
|-resisted|p1a: Heatran
|-damage|p1a: Heatran|56/100
|-unboost|p2a: Latios|spa|2
|
|-heal|p1a: Heatran|62/100|[from] item: Leftovers
|upkeep
|turn|7
|
|t:|1743248550
|switch|p2a: Rotom|Rotom-Wash|100/100
|move|p1a: Heatran|Toxic|p2a: Rotom
|-status|p2a: Rotom|tox
|
|-heal|p1a: Heatran|68/100|[from] item: Leftovers
|-damage|p2a: Rotom|94/100 tox|[from] psn
|upkeep
|turn|8
|
|t:|1743248553
|move|p1a: Heatran|Protect|p1a: Heatran
|-singleturn|p1a: Heatran|Protect
|move|p2a: Rotom|Volt Switch|p1a: Heatran
|-activate|p1a: Heatran|move: Protect
|
|-heal|p2a: Rotom|100/100 tox|[from] item: Leftovers
|-heal|p1a: Heatran|74/100|[from] item: Leftovers
|-damage|p2a: Rotom|88/100 tox|[from] psn
|upkeep
|turn|9
|
|t:|1743248558
|switch|p1a: Celebi|Celebi|80/100
|-damage|p1a: Celebi|67/100|[from] Stealth Rock
|move|p2a: Rotom|Hydro Pump|p1a: Celebi
|-resisted|p1a: Celebi
|-damage|p1a: Celebi|55/100
|
|-heal|p1a: Celebi|62/100|[from] item: Leftovers
|-heal|p2a: Rotom|94/100 tox|[from] item: Leftovers
|-damage|p2a: Rotom|75/100 tox|[from] psn
|upkeep
|turn|10
|
|t:|1743248562
|move|p1a: Celebi|Recover|p1a: Celebi
|-heal|p1a: Celebi|100/100
|move|p2a: Rotom|Volt Switch|p1a: Celebi
|-resisted|p1a: Celebi
|-damage|p1a: Celebi|93/100
|
|t:|1743248569
|switch|p2a: Latios|Latios, M|84/100|[from] Volt Switch
|
|-heal|p1a: Celebi|99/100|[from] item: Leftovers
|upkeep
|turn|11
|
|t:|1743248572
|move|p2a: Latios|Draco Meteor|p1a: Celebi|[miss]
|-miss|p2a: Latios|p1a: Celebi
|move|p1a: Celebi|Thunder Wave|p2a: Latios
|-status|p2a: Latios|par
|
|-heal|p1a: Celebi|100/100|[from] item: Leftovers
|upkeep
|turn|12
|-message|thedwarfintheflask forfeited.
|
|win|el janitor
|raw|el janitor's rating: 1384 &rarr; <strong>1408</strong><br />(+24 for winning)
|raw|thedwarfintheflask's rating: 1456 &rarr; <strong>1432</strong><br />(-24 for losing)
|l|☆thedwarfintheflask
|player|p2|
