|j|☆ChrisCross1990
|j|☆Goddison Rae
|t:|1746626578
|gametype|singles
|player|p1|ChrisCross1990|265|1319
|player|p2|Goddison Rae|170|1281
|teamsize|p1|6
|teamsize|p2|6
|gen|5
|tier|[Gen 5] OU
|rated|
|rule|Species Clause: Limit one of each Pokémon
|rule|OHKO Clause: OHKO moves are banned
|rule|Moody Clause: Moody is banned
|rule|Evasion Items Clause: Evasion items are banned
|rule|Evasion Moves Clause: Evasion moves are banned
|rule|Endless Battle Clause: Forcing endless battles is banned
|rule|HP Percentage Mod: HP is shown in percentages
|rule|Evasion Abilities Clause: Evasion abilities are banned
|rule|Sleep Moves Clause: Sleep-inducing moves are banned
|rule|Swagger Clause: Swagger is banned
|rule|Baton Pass Stat Clause: No Baton Passer may have a way to boost its stats
|clearpoke
|poke|p1|Conkeldurr, F|item
|poke|p1|Landorus-Therian, M|item
|poke|p1|Thundurus-Therian, M|item
|poke|p1|Heatran, M|item
|poke|p1|Latias, F|item
|poke|p1|Starmie|item
|poke|p2|Scizor, M|item
|poke|p2|Forretress, L99, M|item
|poke|p2|Dragonite, M|item
|poke|p2|Toxicroak, M|item
|poke|p2|Gengar, F|item
|poke|p2|Keldeo|item
|teampreview
|inactive|Battle timer is ON: inactive players will automatically lose when time's up. (requested by ChrisCross1990)
|
|t:|1746626583
|start
|switch|p1a: Heatran|Heatran, M|100/100
|switch|p2a: Forretress|Forretress, L99, M|100/100
|turn|1
|
|t:|1746626600
|move|p1a: Heatran|Overheat|p2a: Forretress
|-supereffective|p2a: Forretress
|-ability|p2a: Forretress|Sturdy
|-damage|p2a: Forretress|1/100
|-unboost|p1a: Heatran|spa|2
|move|p2a: Forretress|Stealth Rock|p1a: Heatran
|-sidestart|p1: ChrisCross1990|move: Stealth Rock
|
|upkeep
|turn|2
|
|t:|1746626610
|move|p1a: Heatran|Overheat|p2a: Forretress
|-supereffective|p2a: Forretress
|-damage|p2a: Forretress|0 fnt
|-unboost|p1a: Heatran|spa|2
|faint|p2a: Forretress
|
|upkeep
|
|t:|1746626622
|switch|p2a: Toxicroak|Toxicroak, M|100/100
|-item|p2a: Toxicroak|Air Balloon
|turn|3
|
|t:|1746626635
|switch|p1a: Latias|Latias, F|100/100
|-damage|p1a: Latias|88/100|[from] Stealth Rock
|move|p2a: Toxicroak|Swords Dance|p2a: Toxicroak
|-boost|p2a: Toxicroak|atk|2
|
|upkeep
|turn|4
|
|t:|1746626644
|move|p2a: Toxicroak|Sucker Punch|p1a: Latias
|-supereffective|p1a: Latias
|-crit|p1a: Latias
|-damage|p1a: Latias|0 fnt
|faint|p1a: Latias
|
|upkeep
|
|t:|1746626653
|switch|p1a: Thundurus|Thundurus-Therian, M|100/100
|-damage|p1a: Thundurus|76/100|[from] Stealth Rock
|turn|5
|
|t:|1746626658
|move|p1a: Thundurus|Psychic|p2a: Toxicroak
|-supereffective|p2a: Toxicroak
|-damage|p2a: Toxicroak|0 fnt
|-enditem|p2a: Toxicroak|Air Balloon
|faint|p2a: Toxicroak
|
|upkeep
|
|t:|1746626681
|switch|p2a: Scizor|Scizor, M|100/100
|turn|6
|
|t:|1746626687
|switch|p1a: Heatran|Heatran, M|100/100
|-damage|p1a: Heatran|88/100|[from] Stealth Rock
|move|p2a: Scizor|Swords Dance|p2a: Scizor
|-boost|p2a: Scizor|atk|2
|
|upkeep
|turn|7
|
|t:|1746626693
|switch|p2a: Keldeo|Keldeo|100/100
|move|p1a: Heatran|Overheat|p2a: Keldeo
|-resisted|p2a: Keldeo
|-damage|p2a: Keldeo|27/100
|-unboost|p1a: Heatran|spa|2
|
|-heal|p2a: Keldeo|33/100|[from] item: Leftovers
|upkeep
|turn|8
|
|t:|1746626705
|switch|p1a: Starmie|Starmie|100/100
|-damage|p1a: Starmie|88/100|[from] Stealth Rock
|move|p2a: Keldeo|Hydro Pump|p1a: Starmie
|-resisted|p1a: Starmie
|-damage|p1a: Starmie|43/100
|
|-heal|p2a: Keldeo|39/100|[from] item: Leftovers
|upkeep
|turn|9
|
|t:|1746626715
|switch|p2a: Gengar|Gengar, F|100/100
|move|p1a: Starmie|Thunderbolt|p2a: Gengar
|-damage|p2a: Gengar|16/100
|
|upkeep
|turn|10
|
|t:|1746626724
|move|p2a: Gengar|Shadow Ball|p1a: Starmie
|-supereffective|p1a: Starmie
|-damage|p1a: Starmie|0 fnt
|faint|p1a: Starmie
|
|upkeep
|
|t:|1746626739
|switch|p1a: Heatran|Heatran, M|88/100
|-damage|p1a: Heatran|76/100|[from] Stealth Rock
|turn|11
|
|t:|1746626748
|switch|p2a: Dragonite|Dragonite, M|100/100
|move|p1a: Heatran|Ancient Power|p2a: Dragonite
|-supereffective|p2a: Dragonite
|-damage|p2a: Dragonite|66/100
|
|upkeep
|turn|12
|
|t:|1746626758
|switch|p2a: Scizor|Scizor, M|100/100
|move|p1a: Heatran|Ancient Power|p2a: Scizor
|-damage|p2a: Scizor|56/100
|-boost|p1a: Heatran|atk|1
|-boost|p1a: Heatran|def|1
|-boost|p1a: Heatran|spa|1
|-boost|p1a: Heatran|spd|1
|-boost|p1a: Heatran|spe|1
|
|upkeep
|turn|13
|
|t:|1746626765
|move|p1a: Heatran|Ancient Power|p2a: Scizor
|-damage|p2a: Scizor|0 fnt
|faint|p2a: Scizor
|
|upkeep
|
|t:|1746626776
|switch|p2a: Keldeo|Keldeo|39/100
|turn|14
|
|t:|1746626779
|move|p2a: Keldeo|Secret Sword|p1a: Heatran
|-supereffective|p1a: Heatran
|-damage|p1a: Heatran|26/100
|move|p1a: Heatran|Ancient Power|p2a: Keldeo
|-resisted|p2a: Keldeo
|-damage|p2a: Keldeo|11/100
|
|-heal|p2a: Keldeo|17/100|[from] item: Leftovers
|upkeep
|turn|15
|
|t:|1746626794
|switch|p1a: Conkeldurr|Conkeldurr, F|100/100
|-damage|p1a: Conkeldurr|94/100|[from] Stealth Rock
|move|p2a: Keldeo|Secret Sword|p1a: Conkeldurr
|-damage|p1a: Conkeldurr|51/100
|
|-heal|p2a: Keldeo|23/100|[from] item: Leftovers
|-heal|p1a: Conkeldurr|57/100|[from] item: Leftovers
|upkeep
|turn|16
|
|t:|1746626801
|switch|p2a: Gengar|Gengar, F|16/100
|move|p1a: Conkeldurr|Mach Punch|p2a: Gengar
|-immune|p2a: Gengar
|
|-heal|p1a: Conkeldurr|63/100|[from] item: Leftovers
|upkeep
|turn|17
|
|t:|1746626806
|switch|p1a: Heatran|Heatran, M|26/100
|-damage|p1a: Heatran|13/100|[from] Stealth Rock
|move|p2a: Gengar|Shadow Ball|p1a: Heatran
|-resisted|p1a: Heatran
|-damage|p1a: Heatran|0 fnt
|faint|p1a: Heatran
|
|upkeep
|
|t:|1746626818
|switch|p1a: Landorus|Landorus-Therian, M|100/100
|-damage|p1a: Landorus|88/100|[from] Stealth Rock
|-ability|p1a: Landorus|Intimidate|boost
|-unboost|p2a: Gengar|atk|1
|turn|18
|
|t:|1746626822
|switch|p2a: Dragonite|Dragonite, M|66/100
|move|p1a: Landorus|U-turn|p2a: Dragonite
|-resisted|p2a: Dragonite
|-damage|p2a: Dragonite|51/100
|
|t:|1746626827
|switch|p1a: Thundurus|Thundurus-Therian, M|76/100|[from] U-turn
|-damage|p1a: Thundurus|51/100|[from] Stealth Rock
|
|upkeep
|turn|19
|
|t:|1746626829
|move|p2a: Dragonite|Extreme Speed|p1a: Thundurus
|-damage|p1a: Thundurus|0 fnt
|faint|p1a: Thundurus
|
|upkeep
|
|t:|1746626833
|switch|p1a: Landorus|Landorus-Therian, M|88/100
|-damage|p1a: Landorus|76/100|[from] Stealth Rock
|-ability|p1a: Landorus|Intimidate|boost
|-unboost|p2a: Dragonite|atk|1
|turn|20
|
|t:|1746626835
|move|p1a: Landorus|Hidden Power|p2a: Dragonite
|-supereffective|p2a: Dragonite
|-damage|p2a: Dragonite|0 fnt
|faint|p2a: Dragonite
|
|upkeep
|
|t:|1746626838
|switch|p2a: Keldeo|Keldeo|23/100
|turn|21
|
|t:|1746626850
|switch|p1a: Conkeldurr|Conkeldurr, F|63/100
|-damage|p1a: Conkeldurr|57/100|[from] Stealth Rock
|move|p2a: Keldeo|Hydro Pump|p1a: Conkeldurr
|-crit|p1a: Conkeldurr
|-damage|p1a: Conkeldurr|0 fnt
|faint|p1a: Conkeldurr
|
|-heal|p2a: Keldeo|30/100|[from] item: Leftovers
|upkeep
|
|t:|1746626857
|switch|p1a: Landorus|Landorus-Therian, M|76/100
|-damage|p1a: Landorus|64/100|[from] Stealth Rock
|-ability|p1a: Landorus|Intimidate|boost
|-unboost|p2a: Keldeo|atk|1
|turn|22
|
|t:|1746626863
|move|p1a: Landorus|U-turn|p2a: Keldeo
|-resisted|p2a: Keldeo
|-damage|p2a: Keldeo|14/100
|move|p2a: Keldeo|Hydro Pump|p1a: Landorus
|-supereffective|p1a: Landorus
|-damage|p1a: Landorus|0 fnt
|faint|p1a: Landorus
|
|win|Goddison Rae
|raw|ChrisCross1990's rating: 1319 &rarr; <strong>1297</strong><br />(-22 for losing)
|raw|Goddison Rae's rating: 1281 &rarr; <strong>1309</strong><br />(+28 for winning)
