|j|☆Gen5OU.AntiMeta
|j|☆CertamenMeum
|t:|1734366542
|gametype|singles
|player|p1|Gen5OU.AntiMeta|cyrus|1344
|player|p2|CertamenMeum|fisherman-gen4|1419
|teamsize|p1|6
|teamsize|p2|6
|gen|5
|tier|[Gen 5] OU
|rated|
|rule|Species Clause: Limit one of each Pokémon
|rule|OHKO Clause: OHKO moves are banned
|rule|Moody Clause: Moody is banned
|rule|Evasion Items Clause: Evasion items are banned
|rule|Evasion Moves Clause: Evasion moves are banned
|rule|Endless Battle Clause: Forcing endless battles is banned
|rule|HP Percentage Mod: HP is shown in percentages
|rule|Evasion Abilities Clause: Evasion abilities are banned
|rule|Sleep Moves Clause: Sleep-inducing moves are banned
|rule|Swagger Clause: Swagger is banned
|rule|Baton Pass Stat Clause: No Baton Passer may have a way to boost its stats
|clearpoke
|poke|p1|Blissey, F|item
|poke|p1|Mamoswine, M|item
|poke|p1|Hitmontop, M|item
|poke|p1|Zapdos|item
|poke|p1|Breloom, F|item
|poke|p1|Kyurem-Black|item
|poke|p2|Forretress, M|item
|poke|p2|Dragonite, M|item
|poke|p2|Scizor, F|item
|poke|p2|Rotom-Wash|item
|poke|p2|Ferrothorn, M|item
|poke|p2|Landorus-Therian, M|item
|teampreview
|inactive|Battle timer is ON: inactive players will automatically lose when time's up. (requested by CertamenMeum)
|inactive|Gen5OU.AntiMeta also wants the timer to be on.
|
|t:|1734366565
|start
|switch|p1a: Zapdos|Zapdos|100/100
|switch|p2a: ランドロス|Landorus-Therian, M|100/100
|-ability|p2a: ランドロス|Intimidate|boost
|-unboost|p1a: Zapdos|atk|1
|-ability|p1a: Zapdos|Pressure
|turn|1
|
|t:|1734366572
|move|p2a: ランドロス|U-turn|p1a: Zapdos
|-resisted|p1a: Zapdos
|-damage|p1a: Zapdos|86/100
|
|t:|1734366577
|switch|p2a: ロトム|Rotom-Wash, shiny|100/100|[from] U-turn
|move|p1a: Zapdos|Hidden Power|p2a: ロトム
|-resisted|p2a: ロトム
|-damage|p2a: ロトム|84/100
|
|-heal|p1a: Zapdos|92/100|[from] item: Leftovers
|upkeep
|turn|2
|
|t:|1734366587
|switch|p1a: alpha.|Blissey, F, shiny|100/100
|move|p2a: ロトム|Volt Switch|p1a: alpha.
|-damage|p1a: alpha.|83/100
|
|t:|1734366603
|switch|p2a: フォレトス|Forretress, M, shiny|100/100|[from] Volt Switch
|
|-heal|p1a: alpha.|89/100|[from] item: Leftovers
|upkeep
|turn|3
|
|t:|1734366606
|move|p1a: alpha.|Thunder Wave|p2a: フォレトス
|-status|p2a: フォレトス|par
|cant|p2a: フォレトス|par
|
|-heal|p1a: alpha.|95/100|[from] item: Leftovers
|upkeep
|turn|4
|
|t:|1734366609
|move|p1a: alpha.|Stealth Rock|p2a: フォレトス
|-sidestart|p2: CertamenMeum|move: Stealth Rock
|cant|p2a: フォレトス|par
|
|-heal|p1a: alpha.|100/100|[from] item: Leftovers
|upkeep
|turn|5
|
|t:|1734366613
|switch|p1a: Zapdos|Zapdos|92/100
|-ability|p1a: Zapdos|Pressure
|move|p2a: フォレトス|Rapid Spin|p1a: Zapdos
|-damage|p1a: Zapdos|86/100
|-sideend|p2: CertamenMeum|Stealth Rock|[from] move: Rapid Spin|[of] p2a: フォレトス
|
|-heal|p1a: Zapdos|92/100|[from] item: Leftovers
|upkeep
|turn|6
|
|t:|1734366618
|move|p1a: Zapdos|Heat Wave|p2a: フォレトス
|-supereffective|p2a: フォレトス
|-ability|p2a: フォレトス|Sturdy
|-damage|p2a: フォレトス|1/100 par
|move|p2a: フォレトス|Stealth Rock|p1a: Zapdos
|-sidestart|p1: Gen5OU.AntiMeta|move: Stealth Rock
|
|-heal|p1a: Zapdos|98/100|[from] item: Leftovers
|upkeep
|turn|7
|-enditem|p2a: フォレトス|Custap Berry|[eat]
|-activate|p2a: フォレトス|item: Custap Berry|[consumed]
|
|t:|1734366621
|move|p2a: フォレトス|Explosion|p1a: Zapdos
|-damage|p1a: Zapdos|21/100
|faint|p2a: フォレトス
|move|p1a: Zapdos|Volt Switch|p2: フォレトス|[notarget]
|-fail|p1a: Zapdos
|
|-heal|p1a: Zapdos|27/100|[from] item: Leftovers
|upkeep
|
|t:|1734366632
|switch|p2a: ロトム|Rotom-Wash, shiny|84/100
|turn|8
|
|t:|1734366637
|switch|p1a: alpha.|Blissey, F, shiny|100/100
|-damage|p1a: alpha.|88/100|[from] Stealth Rock
|move|p2a: ロトム|Volt Switch|p1a: alpha.
|-damage|p1a: alpha.|69/100
|
|t:|1734366648
|switch|p2a: カイリュー|Dragonite, M|100/100|[from] Volt Switch
|
|-heal|p1a: alpha.|75/100|[from] item: Leftovers
|upkeep
|turn|9
|
|t:|1734366652
|switch|p1a: Hitmontop|Hitmontop, M|100/100
|-damage|p1a: Hitmontop|94/100|[from] Stealth Rock
|-ability|p1a: Hitmontop|Intimidate|boost
|-unboost|p2a: カイリュー|atk|1
|move|p2a: カイリュー|Dragon Dance|p2a: カイリュー
|-boost|p2a: カイリュー|atk|1
|-boost|p2a: カイリュー|spe|1
|
|-heal|p1a: Hitmontop|100/100|[from] item: Leftovers
|upkeep
|turn|10
|
|t:|1734366658
|move|p1a: Hitmontop|Fake Out|p2a: カイリュー
|-damage|p2a: カイリュー|96/100
|cant|p2a: カイリュー|flinch
|
|upkeep
|turn|11
|
|t:|1734366660
|move|p2a: カイリュー|Dragon Dance|p2a: カイリュー
|-boost|p2a: カイリュー|atk|1
|-boost|p2a: カイリュー|spe|1
|move|p1a: Hitmontop|Rapid Spin|p2a: カイリュー
|-damage|p2a: カイリュー|90/100
|-sideend|p1: Gen5OU.AntiMeta|Stealth Rock|[from] move: Rapid Spin|[of] p1a: Hitmontop
|
|upkeep
|turn|12
|
|t:|1734366667
|switch|p1a: alpha.|Blissey, F, shiny|75/100
|move|p2a: カイリュー|Dragon Dance|p2a: カイリュー
|-boost|p2a: カイリュー|atk|1
|-boost|p2a: カイリュー|spe|1
|
|-heal|p1a: alpha.|81/100|[from] item: Leftovers
|upkeep
|turn|13
|
|t:|1734366674
|move|p2a: カイリュー|Dragon Dance|p2a: カイリュー
|-boost|p2a: カイリュー|atk|1
|-boost|p2a: カイリュー|spe|1
|move|p1a: alpha.|Thunder Wave|p2a: カイリュー
|-status|p2a: カイリュー|par
|-enditem|p2a: カイリュー|Lum Berry|[eat]
|-curestatus|p2a: カイリュー|par|[msg]
|
|-heal|p1a: alpha.|87/100|[from] item: Leftovers
|upkeep
|turn|14
|
|t:|1734366682
|move|p2a: カイリュー|Earthquake|p1a: alpha.
|-damage|p1a: alpha.|7/100
|move|p1a: alpha.|Thunder Wave|p2a: カイリュー
|-status|p2a: カイリュー|par
|
|-heal|p1a: alpha.|13/100|[from] item: Leftovers
|upkeep
|turn|15
|
|t:|1734366697
|move|p2a: カイリュー|Dragon Dance|p2a: カイリュー
|-boost|p2a: カイリュー|atk|1
|-boost|p2a: カイリュー|spe|1
|move|p1a: alpha.|Seismic Toss|p2a: カイリュー
|-damage|p2a: カイリュー|59/100 par
|
|-heal|p1a: alpha.|20/100|[from] item: Leftovers
|upkeep
|turn|16
|
|t:|1734366702
|cant|p2a: カイリュー|par
|move|p1a: alpha.|Seismic Toss|p2a: カイリュー
|-damage|p2a: カイリュー|28/100 par
|
|-heal|p1a: alpha.|26/100|[from] item: Leftovers
|upkeep
|turn|17
|
|t:|1734366707
|move|p2a: カイリュー|Extreme Speed|p1a: alpha.
|-damage|p1a: alpha.|0 fnt
|faint|p1a: alpha.
|
|upkeep
|
|t:|1734366712
|switch|p1a: Hitmontop|Hitmontop, M|100/100
|-ability|p1a: Hitmontop|Intimidate|boost
|-unboost|p2a: カイリュー|atk|1
|turn|18
|
|t:|1734366716
|move|p1a: Hitmontop|Fake Out|p2a: カイリュー
|-damage|p2a: カイリュー|18/100 par
|cant|p2a: カイリュー|flinch
|
|upkeep
|turn|19
|j| Mike2811
|
|t:|1734366728
|move|p2a: カイリュー|Extreme Speed|p1a: Hitmontop
|-damage|p1a: Hitmontop|40/100
|move|p1a: Hitmontop|High Jump Kick|p2a: カイリュー
|-resisted|p2a: カイリュー
|-damage|p2a: カイリュー|0 fnt
|faint|p2a: カイリュー
|
|-heal|p1a: Hitmontop|46/100|[from] item: Leftovers
|upkeep
|
|t:|1734366740
|switch|p2a: ランドロス|Landorus-Therian, M|100/100
|-ability|p2a: ランドロス|Intimidate|boost
|-unboost|p1a: Hitmontop|atk|1
|turn|20
|
|t:|1734366748
|move|p2a: ランドロス|U-turn|p1a: Hitmontop
|-resisted|p1a: Hitmontop
|-damage|p1a: Hitmontop|36/100
|
|t:|1734366751
|switch|p2a: ハッサム|Scizor, F|100/100|[from] U-turn
|move|p1a: Hitmontop|High Jump Kick|p2a: ハッサム
|-damage|p2a: ハッサム|63/100
|
|-heal|p1a: Hitmontop|42/100|[from] item: Leftovers
|upkeep
|turn|21
|
|t:|1734366767
|switch|p1a: Zapdos|Zapdos|27/100
|-ability|p1a: Zapdos|Pressure
|move|p2a: ハッサム|U-turn|p1a: Zapdos
|-resisted|p1a: Zapdos
|-damage|p1a: Zapdos|0 fnt
|faint|p1a: Zapdos
|
|t:|1734366775
|switch|p2a: ロトム|Rotom-Wash, shiny|84/100|[from] U-turn
|
|upkeep
|
|t:|1734366788
|switch|p1a: Breloom|Breloom, F|100/100
|turn|22
|
|t:|1734366795
|move|p2a: ロトム|Trick|p1a: Breloom
|-activate|p2a: ロトム|move: Trick|[of] p1a: Breloom
|-item|p1a: Breloom|Choice Specs|[from] move: Trick
|-item|p2a: ロトム|Fist Plate|[from] move: Trick
|move|p1a: Breloom|Bullet Seed|p2a: ロトム
|-supereffective|p2a: ロトム
|-damage|p2a: ロトム|29/100
|-supereffective|p2a: ロトム
|-damage|p2a: ロトム|0 fnt
|faint|p2a: ロトム
|-hitcount|p2: ロトム|2
|
|upkeep
|
|t:|1734366801
|switch|p2a: ナットレイ|Ferrothorn, M|100/100
|turn|23
|
|t:|1734366804
|switch|p1a: Hitmontop|Hitmontop, M|42/100
|-ability|p1a: Hitmontop|Intimidate|boost
|-unboost|p2a: ナットレイ|atk|1
|move|p2a: ナットレイ|Curse|p2a: ナットレイ
|-unboost|p2a: ナットレイ|spe|1
|-boost|p2a: ナットレイ|atk|1
|-boost|p2a: ナットレイ|def|1
|
|-heal|p1a: Hitmontop|48/100|[from] item: Leftovers
|upkeep
|turn|24
|
|t:|1734366816
|switch|p1a: Breloom|Breloom, F|100/100
|move|p2a: ナットレイ|Protect||[still]
|-fail|p2a: ナットレイ
|
|upkeep
|turn|25
|
|t:|1734366820
|switch|p2a: ランドロス|Landorus-Therian, M|100/100
|-ability|p2a: ランドロス|Intimidate|boost
|-unboost|p1a: Breloom|atk|1
|move|p1a: Breloom|Force Palm|p2a: ランドロス
|-resisted|p2a: ランドロス
|-damage|p2a: ランドロス|79/100
|
|upkeep
|turn|26
|
|t:|1734366831
|move|p2a: ランドロス|U-turn|p1a: Breloom
|-damage|p1a: Breloom|70/100
|
|t:|1734366835
|switch|p2a: ハッサム|Scizor, F|63/100|[from] U-turn
|move|p1a: Breloom|Force Palm|p2a: ハッサム
|-damage|p2a: ハッサム|25/100
|
|upkeep
|turn|27
|
|t:|1734366841
|switch|p2a: ランドロス|Landorus-Therian, M|79/100
|-ability|p2a: ランドロス|Intimidate|boost
|-unboost|p1a: Breloom|atk|1
|move|p1a: Breloom|Force Palm|p2a: ランドロス
|-resisted|p2a: ランドロス
|-damage|p2a: ランドロス|65/100
|-status|p2a: ランドロス|par
|
|upkeep
|turn|28
|
|t:|1734366849
|switch|p1a: Hitmontop|Hitmontop, M|48/100
|-ability|p1a: Hitmontop|Intimidate|boost
|-unboost|p2a: ランドロス|atk|1
|move|p2a: ランドロス|Earthquake|p1a: Hitmontop
|-damage|p1a: Hitmontop|15/100
|
|-heal|p1a: Hitmontop|21/100|[from] item: Leftovers
|upkeep
|turn|29
|
|t:|1734366859
|switch|p2a: ナットレイ|Ferrothorn, M|100/100
|move|p1a: Hitmontop|Fake Out|p2a: ナットレイ
|-resisted|p2a: ナットレイ
|-damage|p2a: ナットレイ|97/100
|-damage|p1a: Hitmontop|8/100|[from] ability: Iron Barbs|[of] p2a: ナットレイ
|
|-heal|p1a: Hitmontop|15/100|[from] item: Leftovers
|-heal|p2a: ナットレイ|100/100|[from] item: Leftovers
|upkeep
|turn|30
|
|t:|1734366875
|switch|p2a: ランドロス|Landorus-Therian, M|65/100 par
|-ability|p2a: ランドロス|Intimidate|boost
|-unboost|p1a: Hitmontop|atk|1
|move|p1a: Hitmontop|High Jump Kick|p2a: ランドロス
|-resisted|p2a: ランドロス
|-damage|p2a: ランドロス|47/100 par
|
|-heal|p1a: Hitmontop|21/100|[from] item: Leftovers
|upkeep
|turn|31
|
|t:|1734366889
|move|p1a: Hitmontop|High Jump Kick|p2a: ランドロス
|-resisted|p2a: ランドロス
|-damage|p2a: ランドロス|31/100 par
|move|p2a: ランドロス|Earthquake|p1a: Hitmontop
|-damage|p1a: Hitmontop|0 fnt
|faint|p1a: Hitmontop
|
|upkeep
|
|t:|1734366903
|switch|p1a: Kyurem|Kyurem-Black|100/100
|-ability|p1a: Kyurem|Teravolt
|turn|32
|
|t:|1734366919
|move|p1a: Kyurem|Outrage|p2a: ランドロス
|-damage|p2a: ランドロス|0 fnt
|faint|p2a: ランドロス
|
|upkeep
|
|t:|1734366922
|switch|p2a: ナットレイ|Ferrothorn, M|100/100
|turn|33
|
|t:|1734366929
|move|p1a: Kyurem|Outrage|p2a: ナットレイ|[from]lockedmove
|-resisted|p2a: ナットレイ
|-damage|p2a: ナットレイ|55/100
|-damage|p1a: Kyurem|88/100|[from] ability: Iron Barbs|[of] p2a: ナットレイ
|move|p2a: ナットレイ|Leech Seed|p1a: Kyurem
|-start|p1a: Kyurem|move: Leech Seed
|
|-heal|p2a: ナットレイ|61/100|[from] item: Leftovers
|-damage|p1a: Kyurem|76/100|[from] Leech Seed|[of] p2a: ナットレイ
|-heal|p2a: ナットレイ|75/100|[silent]
|upkeep
|turn|34
|
|t:|1734366939
|move|p1a: Kyurem|Outrage|p2a: ナットレイ|[from]lockedmove
|-resisted|p2a: ナットレイ
|-damage|p2a: ナットレイ|23/100
|-damage|p1a: Kyurem|64/100|[from] ability: Iron Barbs|[of] p2a: ナットレイ
|-start|p1a: Kyurem|confusion|[fatigue]
|move|p2a: ナットレイ|Curse|p2a: ナットレイ
|-unboost|p2a: ナットレイ|spe|1
|-boost|p2a: ナットレイ|atk|1
|-boost|p2a: ナットレイ|def|1
|
|-heal|p2a: ナットレイ|29/100|[from] item: Leftovers
|-damage|p1a: Kyurem|51/100|[from] Leech Seed|[of] p2a: ナットレイ
|-heal|p2a: ナットレイ|43/100|[silent]
|upkeep
|turn|35
|
|t:|1734366952
|switch|p1a: Breloom|Breloom, F|70/100
|move|p2a: ナットレイ|Curse|p2a: ナットレイ
|-unboost|p2a: ナットレイ|spe|1
|-boost|p2a: ナットレイ|atk|1
|-boost|p2a: ナットレイ|def|1
|
|-heal|p2a: ナットレイ|49/100|[from] item: Leftovers
|upkeep
|turn|36
|
|t:|1734366956
|move|p2a: ナットレイ|Protect|p2a: ナットレイ
|-singleturn|p2a: ナットレイ|Protect
|move|p1a: Breloom|Force Palm|p2a: ナットレイ
|-activate|p2a: ナットレイ|move: Protect
|
|-heal|p2a: ナットレイ|56/100|[from] item: Leftovers
|upkeep
|turn|37
|
|t:|1734366963
|move|p1a: Breloom|Force Palm|p2a: ナットレイ
|-supereffective|p2a: ナットレイ
|-damage|p2a: ナットレイ|18/100
|-damage|p1a: Breloom|57/100|[from] ability: Iron Barbs|[of] p2a: ナットレイ
|move|p2a: ナットレイ|Gyro Ball|p1a: Breloom
|-damage|p1a: Breloom|0 fnt
|faint|p1a: Breloom
|
|-heal|p2a: ナットレイ|24/100|[from] item: Leftovers
|upkeep
|
|t:|1734366970
|switch|p1a: xio ling.|Mamoswine, M, shiny|100/100
|turn|38
|
|t:|1734366974
|move|p2a: ナットレイ|Protect|p2a: ナットレイ
|-singleturn|p2a: ナットレイ|Protect
|move|p1a: xio ling.|Earthquake|p2a: ナットレイ
|-activate|p2a: ナットレイ|move: Protect
|
|-heal|p2a: ナットレイ|30/100|[from] item: Leftovers
|upkeep
|turn|39
|
|t:|1734366981
|move|p1a: xio ling.|Earthquake|p2a: ナットレイ
|-damage|p2a: ナットレイ|0 fnt
|faint|p2a: ナットレイ
|
|upkeep
|
|t:|1734366984
|switch|p2a: ハッサム|Scizor, F|25/100
|turn|40
|
|t:|1734366991
|switch|p1a: Kyurem|Kyurem-Black|51/100
|-ability|p1a: Kyurem|Teravolt
|move|p2a: ハッサム|Bullet Punch|p1a: Kyurem
|-supereffective|p1a: Kyurem
|-damage|p1a: Kyurem|0 fnt
|faint|p1a: Kyurem
|
|upkeep
|
|t:|1734366998
|switch|p1a: xio ling.|Mamoswine, M, shiny|100/100
|turn|41
|
|t:|1734367000
|move|p1a: xio ling.|Ice Shard|p2a: ハッサム
|-resisted|p2a: ハッサム
|-damage|p2a: ハッサム|3/100
|move|p2a: ハッサム|Bullet Punch|p1a: xio ling.
|-supereffective|p1a: xio ling.
|-crit|p1a: xio ling.
|-damage|p1a: xio ling.|0 fnt
|faint|p1a: xio ling.
|
|win|CertamenMeum
|raw|Gen5OU.AntiMeta's rating: 1315 &rarr; <strong>1301</strong><br />(-14 for losing)
|raw|CertamenMeum's rating: 1419 &rarr; <strong>1433</strong><br />(+14 for winning)
|l|☆Gen5OU.AntiMeta
|player|p1|
