|j|☆pengas&pingas
|j|☆Yelou
|player|p1|pengas&pingas|teammagmagruntf-gen3|1439
|player|p2|Yelou|nurse|1491
|teamsize|p1|6
|teamsize|p2|6
|gametype|singles
|gen|5
|tier|[Gen 5] OU
|rated|
|clearpoke
|poke|p1|Abomasnow, M|item
|poke|p1|Slowking, M|item
|poke|p1|Magnezone|item
|poke|p1|Kyurem|item
|poke|p1|Gliscor, F|item
|poke|p1|Excadrill, F|item
|poke|p2|Garbodor, M|item
|poke|p2|Garchomp, F|item
|poke|p2|Gengar, M|item
|poke|p2|Keldeo|item
|poke|p2|Alakazam, F|item
|poke|p2|Jirachi|item
|rule|Species Clause: Limit one of each Pokémon
|rule|OHKO Clause: OHKO moves are banned
|rule|Moody Clause: Moody is banned
|rule|Evasion Moves Clause: Evasion moves are banned
|rule|Endless Battle Clause: Forcing endless battles is banned
|rule|HP Percentage Mod: HP is shown in percentages
|rule|Evasion Abilities Clause: Evasion abilities are banned
|rule|Baton Pass Clause: Limit one Baton Passer, can't pass Spe and other stats simultaneously
|rule|Sleep Clause: Sleep-inducing moves are banned
|rule|Swagger Clause: Swagger is banned
|teampreview
|inactive|Battle timer is ON: inactive players will automatically lose when time's up. (requested by pengas&pingas)
|inactive|Yelou has 120 seconds left.
|inactive|Yelou has 90 seconds left.
|
|start
|switch|p1a: Abomasnow|Abomasnow, M|100/100
|switch|p2a: Garchomp|Garchomp, F|100/100
|-weather|Hail|[from] ability: Snow Warning|[of] p1a: Abomasnow
|turn|1
|
|move|p1a: Abomasnow|Protect|p1a: Abomasnow
|-singleturn|p1a: Abomasnow|Protect
|move|p2a: Garchomp|Fire Blast|p1a: Abomasnow
|-activate|p1a: Abomasnow|move: Protect
|
|-weather|Hail|[upkeep]
|-damage|p2a: Garchomp|94/100|[from] Hail
|upkeep
|turn|2
|
|switch|p1a: Gliscor|Gliscor, F|100/100
|move|p2a: Garchomp|Stealth Rock|p1a: Gliscor
|-sidestart|p1: pengas&pingas|move: Stealth Rock
|
|-weather|Hail|[upkeep]
|-damage|p2a: Garchomp|88/100|[from] Hail
|-damage|p1a: Gliscor|94/100|[from] Hail
|-status|p1a: Gliscor|tox|[from] item: Toxic Orb
|upkeep
|turn|3
|
|switch|p2a: Gengar|Gengar, M|100/100
|move|p1a: Gliscor|Stealth Rock|p2a: Gengar
|-sidestart|p2: Yelou|move: Stealth Rock
|
|-weather|Hail|[upkeep]
|-damage|p2a: Gengar|94/100|[from] Hail
|-damage|p1a: Gliscor|88/100 tox|[from] Hail
|-heal|p2a: Gengar|100/100|[from] item: Black Sludge
|-heal|p1a: Gliscor|100/100 tox|[from] ability: Poison Heal
|upkeep
|turn|4
|
|move|p2a: Gengar|Substitute|p2a: Gengar
|-start|p2a: Gengar|Substitute
|-damage|p2a: Gengar|76/100
|move|p1a: Gliscor|U-turn|p2a: Gengar
|-resisted|p2a: Gengar
|-activate|p2a: Gengar|Substitute|[damage]
|
|switch|p1a: Excadrill|Excadrill, F|100/100|[from]move: U-turn
|-damage|p1a: Excadrill|97/100|[from] Stealth Rock
|-ability|p1a: Excadrill|Mold Breaker
|
|-weather|Hail|[upkeep]
|-damage|p1a: Excadrill|91/100|[from] Hail
|-damage|p2a: Gengar|70/100|[from] Hail
|-heal|p2a: Gengar|76/100|[from] item: Black Sludge
|upkeep
|turn|5
|
|move|p1a: Excadrill|Earthquake|p2a: Gengar
|-supereffective|p2a: Gengar
|-end|p2a: Gengar|Substitute
|move|p2a: Gengar|Focus Blast|p1a: Excadrill|[miss]
|-miss|p2a: Gengar|p1a: Excadrill
|
|-weather|Hail|[upkeep]
|-damage|p1a: Excadrill|85/100|[from] Hail
|-damage|p2a: Gengar|70/100|[from] Hail
|-heal|p2a: Gengar|76/100|[from] item: Black Sludge
|upkeep
|turn|6
|c|☆Yelou|uh
|
|switch|p2a: Garchomp|Garchomp, F|88/100
|-damage|p2a: Garchomp|82/100|[from] Stealth Rock
|move|p1a: Excadrill|Earthquake|p2a: Garchomp
|-damage|p2a: Garchomp|47/100
|
|-weather|Hail|[upkeep]
|-damage|p1a: Excadrill|79/100|[from] Hail
|-damage|p2a: Garchomp|41/100|[from] Hail
|upkeep
|turn|7
|
|switch|p1a: Gliscor|Gliscor, F|100/100 tox
|-damage|p1a: Gliscor|88/100 tox|[from] Stealth Rock
|move|p2a: Garchomp|Dragon Claw|p1a: Gliscor
|-damage|p1a: Gliscor|61/100 tox
|
|-weather|Hail|[upkeep]
|-damage|p2a: Garchomp|35/100|[from] Hail
|-damage|p1a: Gliscor|55/100 tox|[from] Hail
|-heal|p1a: Gliscor|68/100 tox|[from] ability: Poison Heal
|upkeep
|turn|8
|
|move|p2a: Garchomp|Dragon Claw|p1a: Gliscor
|-damage|p1a: Gliscor|41/100 tox
|move|p1a: Gliscor|U-turn|p2a: Garchomp
|-damage|p2a: Garchomp|25/100
|-damage|p1a: Gliscor|29/100 tox|[from] ability: Rough Skin|[of] p2a: Garchomp
|-damage|p1a: Gliscor|12/100 tox|[from] item: Rocky Helmet|[of] p2a: Garchomp
|
|switch|p1a: Excadrill|Excadrill, F|79/100|[from]move: U-turn
|-damage|p1a: Excadrill|76/100|[from] Stealth Rock
|-ability|p1a: Excadrill|Mold Breaker
|
|-weather|Hail|[upkeep]
|-damage|p1a: Excadrill|70/100|[from] Hail
|-damage|p2a: Garchomp|19/100|[from] Hail
|upkeep
|turn|9
|
|move|p1a: Excadrill|Earthquake|p2a: Garchomp
|-damage|p2a: Garchomp|0 fnt
|faint|p2a: Garchomp
|
|-weather|Hail|[upkeep]
|-damage|p1a: Excadrill|64/100|[from] Hail
|upkeep
|
|switch|p2a: Keldeo|Keldeo|100/100
|-damage|p2a: Keldeo|94/100|[from] Stealth Rock
|turn|10
|
|switch|p1a: Slowking|Slowking, M|100/100
|-damage|p1a: Slowking|88/100|[from] Stealth Rock
|move|p2a: Keldeo|Secret Sword|p1a: Slowking
|-resisted|p1a: Slowking
|-damage|p1a: Slowking|71/100
|
|-weather|Hail|[upkeep]
|-damage|p2a: Keldeo|88/100|[from] Hail
|-damage|p1a: Slowking|64/100|[from] Hail
|-heal|p2a: Keldeo|94/100|[from] item: Leftovers
|-heal|p1a: Slowking|71/100|[from] item: Leftovers
|upkeep
|turn|11
|
|switch|p2a: Garbodor|Garbodor, M|100/100
|-damage|p2a: Garbodor|88/100|[from] Stealth Rock
|move|p1a: Slowking|Thunder Wave|p2a: Garbodor
|-status|p2a: Garbodor|par
|
|-weather|Hail|[upkeep]
|-damage|p1a: Slowking|64/100|[from] Hail
|-damage|p2a: Garbodor|82/100 par|[from] Hail
|-heal|p1a: Slowking|71/100|[from] item: Leftovers
|upkeep
|turn|12
|c|☆Yelou|puta suerte cargan estos randoms
|c|☆Yelou|diosito
|
|switch|p1a: Magnezone|Magnezone|100/100
|-damage|p1a: Magnezone|94/100|[from] Stealth Rock
|-item|p1a: Magnezone|Air Balloon
|move|p2a: Garbodor|Explosion|p1a: Magnezone
|-resisted|p1a: Magnezone
|-damage|p1a: Magnezone|70/100
|-enditem|p1a: Magnezone|Air Balloon
|faint|p2a: Garbodor
|
|-weather|Hail|[upkeep]
|-damage|p1a: Magnezone|63/100|[from] Hail
|upkeep
|
|switch|p2a: Alakazam|Alakazam, F|100/100
|turn|13
|
|move|p2a: Alakazam|Focus Blast|p1a: Magnezone|[miss]
|-miss|p2a: Alakazam|p1a: Magnezone
|move|p1a: Magnezone|Volt Switch|p2a: Alakazam
|-damage|p2a: Alakazam|34/100
|c|☆Yelou|2
|c|☆Yelou|ok
|
|switch|p1a: Excadrill|Excadrill, F|64/100|[from]move: Volt Switch
|-damage|p1a: Excadrill|61/100|[from] Stealth Rock
|-ability|p1a: Excadrill|Mold Breaker
|
|-weather|Hail|[upkeep]
|-damage|p1a: Excadrill|55/100|[from] Hail
|upkeep
|turn|14
|
|move|p1a: Excadrill|Earthquake|p2a: Alakazam
|-damage|p2a: Alakazam|0 fnt
|faint|p2a: Alakazam
|
|-weather|Hail|[upkeep]
|-damage|p1a: Excadrill|49/100|[from] Hail
|upkeep
|
|switch|p2a: Keldeo|Keldeo|94/100
|-damage|p2a: Keldeo|88/100|[from] Stealth Rock
|turn|15
|
|switch|p1a: Slowking|Slowking, M|100/100
|-damage|p1a: Slowking|88/100|[from] Stealth Rock
|move|p2a: Keldeo|Secret Sword|p1a: Slowking
|-resisted|p1a: Slowking
|-damage|p1a: Slowking|71/100
|
|-weather|Hail|[upkeep]
|-damage|p2a: Keldeo|82/100|[from] Hail
|-damage|p1a: Slowking|65/100|[from] Hail
|-heal|p2a: Keldeo|88/100|[from] item: Leftovers
|-heal|p1a: Slowking|71/100|[from] item: Leftovers
|upkeep
|turn|16
|
|move|p2a: Keldeo|Substitute|p2a: Keldeo
|-start|p2a: Keldeo|Substitute
|-damage|p2a: Keldeo|63/100
|move|p1a: Slowking|Thunder Wave||[still]
|-fail|p1a: Slowking
|
|-weather|Hail|[upkeep]
|-damage|p2a: Keldeo|57/100|[from] Hail
|-damage|p1a: Slowking|65/100|[from] Hail
|-heal|p2a: Keldeo|63/100|[from] item: Leftovers
|-heal|p1a: Slowking|71/100|[from] item: Leftovers
|upkeep
|turn|17
|
|move|p2a: Keldeo|Calm Mind|p2a: Keldeo
|-boost|p2a: Keldeo|spa|1
|-boost|p2a: Keldeo|spd|1
|move|p1a: Slowking|Psyshock|p2a: Keldeo
|-supereffective|p2a: Keldeo
|-end|p2a: Keldeo|Substitute
|
|-weather|Hail|[upkeep]
|-damage|p2a: Keldeo|57/100|[from] Hail
|-damage|p1a: Slowking|65/100|[from] Hail
|-heal|p2a: Keldeo|63/100|[from] item: Leftovers
|-heal|p1a: Slowking|71/100|[from] item: Leftovers
|upkeep
|turn|18
|
|switch|p2a: Jirachi|Jirachi|100/100
|-damage|p2a: Jirachi|94/100|[from] Stealth Rock
|move|p1a: Slowking|Psyshock|p2a: Jirachi
|-resisted|p2a: Jirachi
|-damage|p2a: Jirachi|87/100
|
|-weather|Hail|[upkeep]
|-damage|p2a: Jirachi|81/100|[from] Hail
|-damage|p1a: Slowking|65/100|[from] Hail
|-heal|p1a: Slowking|71/100|[from] item: Leftovers
|upkeep
|turn|19
|c|☆Yelou|puta madre
|
|switch|p1a: Magnezone|Magnezone|63/100
|-damage|p1a: Magnezone|57/100|[from] Stealth Rock
|move|p2a: Jirachi|U-turn|p1a: Magnezone
|-resisted|p1a: Magnezone
|-damage|p1a: Magnezone|48/100
|
|switch|p2a: Keldeo|Keldeo|63/100|[from]move: U-turn
|-damage|p2a: Keldeo|57/100|[from] Stealth Rock
|
|-weather|Hail|[upkeep]
|-damage|p2a: Keldeo|51/100|[from] Hail
|-damage|p1a: Magnezone|42/100|[from] Hail
|-heal|p2a: Keldeo|57/100|[from] item: Leftovers
|upkeep
|turn|20
|
|switch|p1a: Slowking|Slowking, M|100/100
|-damage|p1a: Slowking|88/100|[from] Stealth Rock
|move|p2a: Keldeo|Secret Sword|p1a: Slowking
|-resisted|p1a: Slowking
|-damage|p1a: Slowking|69/100
|
|-weather|Hail|[upkeep]
|-damage|p2a: Keldeo|51/100|[from] Hail
|-damage|p1a: Slowking|63/100|[from] Hail
|-heal|p2a: Keldeo|57/100|[from] item: Leftovers
|-heal|p1a: Slowking|69/100|[from] item: Leftovers
|upkeep
|turn|21
|
|switch|p2a: Jirachi|Jirachi|81/100
|-damage|p2a: Jirachi|75/100|[from] Stealth Rock
|move|p1a: Slowking|Psyshock|p2a: Jirachi
|-resisted|p2a: Jirachi
|-damage|p2a: Jirachi|68/100
|
|-weather|Hail|[upkeep]
|-damage|p2a: Jirachi|62/100|[from] Hail
|-damage|p1a: Slowking|63/100|[from] Hail
|-heal|p1a: Slowking|69/100|[from] item: Leftovers
|upkeep
|turn|22
|
|switch|p1a: Magnezone|Magnezone|42/100
|-damage|p1a: Magnezone|36/100|[from] Stealth Rock
|move|p2a: Jirachi|Iron Head|p1a: Magnezone
|-resisted|p1a: Magnezone
|-damage|p1a: Magnezone|28/100
|
|-weather|Hail|[upkeep]
|-damage|p2a: Jirachi|56/100|[from] Hail
|-damage|p1a: Magnezone|22/100|[from] Hail
|upkeep
|turn|23
|
|move|p2a: Jirachi|Iron Head|p1a: Magnezone
|-resisted|p1a: Magnezone
|-crit|p1a: Magnezone
|-damage|p1a: Magnezone|5/100
|move|p1a: Magnezone|Volt Switch|p2a: Jirachi
|-crit|p2a: Jirachi
|-damage|p2a: Jirachi|0 fnt
|faint|p2a: Jirachi
|
|switch|p1a: Excadrill|Excadrill, F|49/100|[from]move: Volt Switch
|-damage|p1a: Excadrill|46/100|[from] Stealth Rock
|-ability|p1a: Excadrill|Mold Breaker
|
|-weather|Hail|[upkeep]
|-damage|p1a: Excadrill|40/100|[from] Hail
|upkeep
|c|☆Yelou|well never lucky
|c|☆Yelou|puto random suerte
|j| sir pto$.$
|c|☆Yelou|suertudo*
|-message|Yelou forfeited.
|
|win|pengas&pingas
|l|☆Yelou
|l| sir pto$.$
|raw|pengas&amp;pingas's rating: 1439 &rarr; <strong>1462</strong><br />(+23 for winning)
|raw|Yelou's rating: 1491 &rarr; <strong>1468</strong><br />(-23 for losing)
