|j|☆fhjvvnbb
|j|☆PsychicBallRun
|t:|1725084063
|gametype|singles
|player|p1|fhjvvnbb|2|1354
|player|p2|PsychicBallRun|tate|1373
|teamsize|p1|6
|teamsize|p2|6
|gen|5
|tier|[Gen 5] OU
|rated|
|rule|Species Clause: Limit one of each Pokémon
|rule|OHKO Clause: OHKO moves are banned
|rule|Moody Clause: Moody is banned
|rule|Evasion Items Clause: Evasion items are banned
|rule|Evasion Moves Clause: Evasion moves are banned
|rule|Endless Battle Clause: Forcing endless battles is banned
|rule|HP Percentage Mod: HP is shown in percentages
|rule|Evasion Abilities Clause: Evasion abilities are banned
|rule|Sleep Moves Clause: Sleep-inducing moves are banned
|rule|Swagger Clause: Swagger is banned
|rule|Baton Pass Stat Clause: No Baton Passer may have a way to boost its stats
|clearpoke
|poke|p1|Scizor, F|item
|poke|p1|Nidoking, M|item
|poke|p1|Rotom-Wash|item
|poke|p1|Garchomp, M|item
|poke|p1|Landorus-Therian, M|item
|poke|p1|Tyranitar, M|item
|poke|p2|Jirachi|item
|poke|p2|Alakazam, F|item
|poke|p2|Starmie|item
|poke|p2|Latios, M|item
|poke|p2|Medicham, M|item
|poke|p2|Slowbro, F|item
|teampreview
|inactive|Battle timer is ON: inactive players will automatically lose when time's up. (requested by PsychicBallRun)
|
|t:|1725084074
|start
|switch|p1a: Landorus|Landorus-Therian, M|100/100
|switch|p2a: Medicham|Medicham, M|100/100
|-ability|p1a: Landorus|Intimidate|boost
|-unboost|p2a: Medicham|atk|1
|turn|1
|
|t:|1725084084
|move|p2a: Medicham|Ice Punch|p1a: Landorus
|-supereffective|p1a: Landorus
|-damage|p1a: Landorus|41/100
|move|p1a: Landorus|Stealth Rock|p2a: Medicham
|-sidestart|p2: PsychicBallRun|move: Stealth Rock
|
|-heal|p1a: Landorus|47/100|[from] item: Leftovers
|upkeep
|turn|2
|
|t:|1725084098
|move|p2a: Medicham|Ice Punch|p1a: Landorus
|-supereffective|p1a: Landorus
|-damage|p1a: Landorus|0 fnt
|faint|p1a: Landorus
|
|upkeep
|
|t:|1725084112
|switch|p1a: Scizor|Scizor, F|100/100
|turn|3
|
|t:|1725084123
|switch|p2a: Slowbro|Slowbro, F|100/100
|-damage|p2a: Slowbro|88/100|[from] Stealth Rock
|move|p1a: Scizor|U-turn|p2a: Slowbro
|-supereffective|p2a: Slowbro
|-damage|p2a: Slowbro|47/100
|
|t:|1725084131
|switch|p1a: Nidoking|Nidoking, M|100/100|[from] U-turn
|
|-heal|p2a: Slowbro|53/100|[from] item: Leftovers
|upkeep
|turn|4
|
|t:|1725084140
|move|p1a: Nidoking|Substitute|p1a: Nidoking
|-start|p1a: Nidoking|Substitute
|-damage|p1a: Nidoking|76/100
|move|p2a: Slowbro|Scald|p1a: Nidoking
|-supereffective|p1a: Nidoking
|-end|p1a: Nidoking|Substitute
|
|-heal|p2a: Slowbro|59/100|[from] item: Leftovers
|upkeep
|turn|5
|
|t:|1725084150
|move|p1a: Nidoking|Substitute|p1a: Nidoking
|-start|p1a: Nidoking|Substitute
|-damage|p1a: Nidoking|51/100
|move|p2a: Slowbro|Psyshock|p1a: Nidoking
|-supereffective|p1a: Nidoking
|-end|p1a: Nidoking|Substitute
|
|-heal|p2a: Slowbro|65/100|[from] item: Leftovers
|upkeep
|turn|6
|
|t:|1725084160
|move|p1a: Nidoking|Substitute|p1a: Nidoking
|-start|p1a: Nidoking|Substitute
|-damage|p1a: Nidoking|26/100
|move|p2a: Slowbro|Scald|p1a: Nidoking
|-supereffective|p1a: Nidoking
|-end|p1a: Nidoking|Substitute
|
|-heal|p2a: Slowbro|71/100|[from] item: Leftovers
|upkeep
|turn|7
|
|t:|1725084172
|move|p1a: Nidoking|Earth Power|p2a: Slowbro
|-crit|p2a: Slowbro
|-damage|p2a: Slowbro|0 fnt
|faint|p2a: Slowbro
|
|upkeep
|
|t:|1725084190
|switch|p2a: Alakazam|Alakazam, F|100/100
|turn|8
|
|t:|1725084194
|move|p2a: Alakazam|Grass Knot|p1a: Nidoking
|-damage|p1a: Nidoking|0 fnt
|faint|p1a: Nidoking
|
|upkeep
|
|t:|1725084200
|switch|p1a: Scizor|Scizor, F|100/100
|turn|9
|
|t:|1725084203
|move|p1a: Scizor|U-turn|p2a: Alakazam
|-supereffective|p2a: Alakazam
|-crit|p2a: Alakazam
|-enditem|p2a: Alakazam|Focus Sash
|-damage|p2a: Alakazam|1/100
|
|t:|1725084219
|switch|p1a: Rotom|Rotom-Wash|100/100|[from] U-turn
|move|p2a: Alakazam|Hidden Power|p1a: Rotom
|-resisted|p1a: Rotom
|-damage|p1a: Rotom|92/100
|
|-heal|p1a: Rotom|98/100|[from] item: Leftovers
|upkeep
|turn|10
|
|t:|1725084232
|move|p2a: Alakazam|Psychic|p1a: Rotom
|-damage|p1a: Rotom|59/100
|move|p1a: Rotom|Volt Switch|p2a: Alakazam
|-damage|p2a: Alakazam|0 fnt
|faint|p2a: Alakazam
|
|t:|1725084241
|switch|p1a: Scizor|Scizor, F|100/100|[from] Volt Switch
|
|upkeep
|
|t:|1725084244
|switch|p2a: Medicham|Medicham, M|100/100
|-damage|p2a: Medicham|94/100|[from] Stealth Rock
|turn|11
|
|t:|1725084254
|switch|p1a: Rotom|Rotom-Wash|59/100
|move|p2a: Medicham|High Jump Kick|p1a: Rotom
|-damage|p1a: Rotom|0 fnt
|faint|p1a: Rotom
|
|upkeep
|
|t:|1725084263
|switch|p1a: Garchomp|Garchomp, M|100/100
|turn|12
|
|t:|1725084267
|switch|p2a: Starmie|Starmie|100/100
|-damage|p2a: Starmie|88/100|[from] Stealth Rock
|-item|p2a: Starmie|Air Balloon
|move|p1a: Garchomp|Earthquake|p2a: Starmie
|-immune|p2a: Starmie
|
|upkeep
|turn|13
|
|t:|1725084276
|switch|p1a: Tyranitar|Tyranitar, M|100/100
|-weather|Sandstorm|[from] ability: Sand Stream|[of] p1a: Tyranitar
|move|p2a: Starmie|Hydro Pump|p1a: Tyranitar|[miss]
|-miss|p2a: Starmie|p1a: Tyranitar
|
|-weather|Sandstorm|[upkeep]
|-damage|p2a: Starmie|82/100|[from] Sandstorm
|upkeep
|turn|14
|
|t:|1725084287
|move|p2a: Starmie|Hydro Pump|p1a: Tyranitar|[miss]
|-miss|p2a: Starmie|p1a: Tyranitar
|move|p1a: Tyranitar|Pursuit|p2a: Starmie
|-supereffective|p2a: Starmie
|-damage|p2a: Starmie|27/100
|-enditem|p2a: Starmie|Air Balloon
|
|-weather|Sandstorm|[upkeep]
|-damage|p2a: Starmie|21/100|[from] Sandstorm
|upkeep
|turn|15
|
|t:|1725084299
|move|p2a: Starmie|Hydro Pump|p1a: Tyranitar
|-supereffective|p1a: Tyranitar
|-damage|p1a: Tyranitar|57/100
|move|p1a: Tyranitar|Pursuit|p2a: Starmie
|-supereffective|p2a: Starmie
|-damage|p2a: Starmie|0 fnt
|faint|p2a: Starmie
|
|-weather|Sandstorm|[upkeep]
|upkeep
|
|t:|1725084306
|switch|p2a: Medicham|Medicham, M|94/100
|-damage|p2a: Medicham|88/100|[from] Stealth Rock
|turn|16
|
|t:|1725084318
|move|p2a: Medicham|High Jump Kick|p1a: Tyranitar
|-supereffective|p1a: Tyranitar
|-enditem|p1a: Tyranitar|Chople Berry|[eat]
|-enditem|p1a: Tyranitar|Chople Berry|[weaken]
|-damage|p1a: Tyranitar|0 fnt
|faint|p1a: Tyranitar
|
|-weather|Sandstorm|[upkeep]
|-damage|p2a: Medicham|82/100|[from] Sandstorm
|upkeep
|
|t:|1725084339
|switch|p1a: Garchomp|Garchomp, M|100/100
|turn|17
|
|t:|1725084347
|move|p1a: Garchomp|Outrage|p2a: Medicham
|-damage|p2a: Medicham|0 fnt
|faint|p2a: Medicham
|
|-weather|Sandstorm|[upkeep]
|upkeep
|
|t:|1725084350
|switch|p2a: Jirachi|Jirachi|100/100
|-damage|p2a: Jirachi|94/100|[from] Stealth Rock
|turn|18
|
|t:|1725084357
|move|p1a: Garchomp|Outrage|p2a: Jirachi|[from]lockedmove
|-resisted|p2a: Jirachi
|-damage|p2a: Jirachi|70/100
|move|p2a: Jirachi|Body Slam|p1a: Garchomp
|-damage|p1a: Garchomp|81/100
|-damage|p2a: Jirachi|57/100|[from] ability: Rough Skin|[of] p1a: Garchomp
|
|-weather|Sandstorm|[upkeep]
|-heal|p2a: Jirachi|64/100|[from] item: Leftovers
|upkeep
|turn|19
|
|t:|1725084368
|move|p1a: Garchomp|Outrage|p2a: Jirachi|[from]lockedmove
|-resisted|p2a: Jirachi
|-damage|p2a: Jirachi|35/100
|-start|p1a: Garchomp|confusion|[fatigue]
|move|p2a: Jirachi|Wish|p2a: Jirachi
|
|-weather|Sandstorm|[upkeep]
|-heal|p2a: Jirachi|42/100|[from] item: Leftovers
|upkeep
|turn|20
|
|t:|1725084379
|switch|p1a: Scizor|Scizor, F|100/100
|move|p2a: Jirachi|Body Slam|p1a: Scizor
|-resisted|p1a: Scizor
|-damage|p1a: Scizor|89/100
|-status|p1a: Scizor|par
|
|-weather|Sandstorm|[upkeep]
|-heal|p2a: Jirachi|92/100|[from] move: Wish|[wisher] Jirachi
|-heal|p2a: Jirachi|98/100|[from] item: Leftovers
|upkeep
|turn|21
|
|t:|1725084391
|switch|p1a: Garchomp|Garchomp, M|81/100
|move|p2a: Jirachi|Fire Punch|p1a: Garchomp
|-resisted|p1a: Garchomp
|-crit|p1a: Garchomp
|-damage|p1a: Garchomp|61/100
|-status|p1a: Garchomp|brn
|-damage|p2a: Jirachi|85/100|[from] ability: Rough Skin|[of] p1a: Garchomp
|
|-weather|Sandstorm|[upkeep]
|-heal|p2a: Jirachi|92/100|[from] item: Leftovers
|-damage|p1a: Garchomp|49/100 brn|[from] brn
|upkeep
|turn|22
|
|t:|1725084404
|move|p1a: Garchomp|Outrage|p2a: Jirachi
|-resisted|p2a: Jirachi
|-damage|p2a: Jirachi|78/100
|move|p2a: Jirachi|Wish|p2a: Jirachi
|
|-weather|Sandstorm|[upkeep]
|-heal|p2a: Jirachi|84/100|[from] item: Leftovers
|-damage|p1a: Garchomp|37/100 brn|[from] brn
|upkeep
|turn|23
|-message|fhjvvnbb forfeited.
|
|win|PsychicBallRun
|raw|fhjvvnbb's rating: 1354 &rarr; <strong>1335</strong><br />(-19 for losing)
|raw|PsychicBallRun's rating: 1373 &rarr; <strong>1392</strong><br />(+19 for winning)
|l|☆fhjvvnbb
|player|p1|
