|j|☆silliest creature
|j|☆scorpion257
|t:|1722224806
|gametype|singles
|player|p1|silliest creature|n|1330
|player|p2|scorpion257|giovanni|1523
|teamsize|p1|6
|teamsize|p2|6
|gen|5
|tier|[Gen 5] OU
|rated|
|rule|Species Clause: Limit one of each Pokémon
|rule|OHKO Clause: OHKO moves are banned
|rule|Moody Clause: Moody is banned
|rule|Evasion Items Clause: Evasion items are banned
|rule|Evasion Moves Clause: Evasion moves are banned
|rule|Endless Battle Clause: Forcing endless battles is banned
|rule|HP Percentage Mod: HP is shown in percentages
|rule|Evasion Abilities Clause: Evasion abilities are banned
|rule|Sleep Moves Clause: Sleep-inducing moves are banned
|rule|Swagger Clause: Swagger is banned
|rule|Baton Pass Stat Clause: No Baton Passer may have a way to boost its stats
|clearpoke
|poke|p1|Jolteon, M|item
|poke|p1|Jirachi|item
|poke|p1|Latias, F|item
|poke|p1|Latios, M|item
|poke|p1|Forretress, F|item
|poke|p1|Heatran, M|item
|poke|p2|Jirachi|item
|poke|p2|Magnezone|item
|poke|p2|Latios, M|item
|poke|p2|Garchomp, M|item
|poke|p2|Kyurem-Black|item
|poke|p2|Dragonite, M|item
|teampreview
|inactive|Battle timer is ON: inactive players will automatically lose when time's up. (requested by scorpion257)
|j| Sneegler
|
|t:|1722224818
|start
|switch|p1a: Latios|Latios, M|100/100
|switch|p2a: Jirachi|Jirachi|100/100
|turn|1
|l| Sneegler
|
|t:|1722224825
|switch|p1a: Forretress|Forretress, F|100/100
|move|p2a: Jirachi|U-turn|p1a: Forretress
|-resisted|p1a: Forretress
|-damage|p1a: Forretress|96/100
|
|t:|1722224828
|switch|p2a: Magnezone|Magnezone|100/100|[from] U-turn
|-item|p2a: Magnezone|Air Balloon
|
|-heal|p1a: Forretress|100/100|[from] item: Leftovers
|upkeep
|turn|2
|
|t:|1722224831
|move|p2a: Magnezone|Hidden Power|p1a: Forretress
|-supereffective|p1a: Forretress
|-ability|p1a: Forretress|Sturdy
|-damage|p1a: Forretress|1/100
|move|p1a: Forretress|Stealth Rock|p2a: Magnezone
|-sidestart|p2: scorpion257|move: Stealth Rock
|
|-heal|p1a: Forretress|7/100|[from] item: Leftovers
|upkeep
|turn|3
|
|t:|1722224836
|move|p2a: Magnezone|Hidden Power|p1a: Forretress
|-supereffective|p1a: Forretress
|-damage|p1a: Forretress|0 fnt
|faint|p1a: Forretress
|
|upkeep
|
|t:|1722224848
|switch|p1a: Heatran|Heatran, M|100/100
|turn|4
|
|t:|1722224855
|move|p2a: Magnezone|Thunderbolt|p1a: Heatran
|-damage|p1a: Heatran|68/100
|move|p1a: Heatran|Lava Plume|p2a: Magnezone
|-supereffective|p2a: Magnezone
|-damage|p2a: Magnezone|4/100
|-enditem|p2a: Magnezone|Air Balloon
|
|-heal|p1a: Heatran|75/100|[from] item: Leftovers
|upkeep
|turn|5
|
|t:|1722224860
|move|p1a: Heatran|Protect|p1a: Heatran
|-singleturn|p1a: Heatran|Protect
|move|p2a: Magnezone|Thunderbolt|p1a: Heatran
|-activate|p1a: Heatran|move: Protect
|
|-heal|p1a: Heatran|81/100|[from] item: Leftovers
|upkeep
|turn|6
|
|t:|1722224865
|move|p2a: Magnezone|Thunderbolt|p1a: Heatran
|-damage|p1a: Heatran|47/100
|move|p1a: Heatran|Lava Plume|p2a: Magnezone
|-supereffective|p2a: Magnezone
|-damage|p2a: Magnezone|0 fnt
|faint|p2a: Magnezone
|
|-heal|p1a: Heatran|53/100|[from] item: Leftovers
|upkeep
|
|t:|1722224868
|switch|p2a: Jirachi|Jirachi|100/100
|-damage|p2a: Jirachi|94/100|[from] Stealth Rock
|turn|7
|
|t:|1722224872
|move|p2a: Jirachi|Stealth Rock|p1a: Heatran
|-sidestart|p1: silliest creature|move: Stealth Rock
|move|p1a: Heatran|Lava Plume|p2a: Jirachi
|-supereffective|p2a: Jirachi
|-damage|p2a: Jirachi|51/100
|
|-heal|p2a: Jirachi|57/100|[from] item: Leftovers
|-heal|p1a: Heatran|60/100|[from] item: Leftovers
|upkeep
|turn|8
|
|t:|1722224881
|move|p1a: Heatran|Protect|p1a: Heatran
|-singleturn|p1a: Heatran|Protect
|move|p2a: Jirachi|U-turn|p1a: Heatran
|-activate|p1a: Heatran|move: Protect
|
|-heal|p2a: Jirachi|63/100|[from] item: Leftovers
|-heal|p1a: Heatran|66/100|[from] item: Leftovers
|upkeep
|turn|9
|
|t:|1722224885
|move|p2a: Jirachi|U-turn|p1a: Heatran
|-resisted|p1a: Heatran
|-damage|p1a: Heatran|62/100
|
|t:|1722224888
|switch|p2a: Latios|Latios, M|100/100|[from] U-turn
|-damage|p2a: Latios|88/100|[from] Stealth Rock
|move|p1a: Heatran|Lava Plume|p2a: Latios
|-resisted|p2a: Latios
|-damage|p2a: Latios|72/100
|
|-heal|p1a: Heatran|69/100|[from] item: Leftovers
|upkeep
|turn|10
|
|t:|1722224892
|move|p1a: Heatran|Protect|p1a: Heatran
|-singleturn|p1a: Heatran|Protect
|move|p2a: Latios|Surf|p1a: Heatran
|-activate|p1a: Heatran|move: Protect
|
|-heal|p1a: Heatran|75/100|[from] item: Leftovers
|upkeep
|turn|11
|
|t:|1722224904
|switch|p2a: Garchomp|Garchomp, M|100/100
|-damage|p2a: Garchomp|94/100|[from] Stealth Rock
|switch|p1a: Latias|Latias, F|100/100
|-damage|p1a: Latias|88/100|[from] Stealth Rock
|
|-heal|p1a: Latias|94/100|[from] item: Leftovers
|upkeep
|turn|12
|
|t:|1722224922
|switch|p1a: Heatran|Heatran, M|75/100
|-damage|p1a: Heatran|62/100|[from] Stealth Rock
|move|p2a: Garchomp|Outrage|p1a: Heatran
|-resisted|p1a: Heatran
|-damage|p1a: Heatran|36/100
|
|-heal|p1a: Heatran|42/100|[from] item: Leftovers
|upkeep
|turn|13
|
|t:|1722224929
|move|p2a: Garchomp|Outrage|p1a: Heatran|[from]lockedmove
|-resisted|p1a: Heatran
|-damage|p1a: Heatran|16/100
|move|p1a: Heatran|Toxic|p2a: Garchomp
|-status|p2a: Garchomp|tox
|
|-heal|p1a: Heatran|22/100|[from] item: Leftovers
|-damage|p2a: Garchomp|88/100 tox|[from] psn
|upkeep
|turn|14
|
|t:|1722224933
|move|p1a: Heatran|Protect|p1a: Heatran
|-singleturn|p1a: Heatran|Protect
|move|p2a: Garchomp|Outrage|p1a: Heatran|[from]lockedmove
|-activate|p1a: Heatran|move: Protect
|-start|p2a: Garchomp|confusion|[fatigue]
|
|-heal|p1a: Heatran|28/100|[from] item: Leftovers
|-damage|p2a: Garchomp|76/100 tox|[from] psn
|upkeep
|turn|15
|
|t:|1722224941
|switch|p2a: Dragonite|Dragonite, M|100/100
|-damage|p2a: Dragonite|76/100|[from] Stealth Rock
|switch|p1a: Jirachi|Jirachi|100/100
|-damage|p1a: Jirachi|94/100|[from] Stealth Rock
|
|-heal|p1a: Jirachi|100/100|[from] item: Leftovers
|upkeep
|turn|16
|
|t:|1722224945
|move|p2a: Dragonite|Dragon Dance|p2a: Dragonite
|-boost|p2a: Dragonite|atk|1
|-boost|p2a: Dragonite|spe|1
|move|p1a: Jirachi|Body Slam|p2a: Dragonite
|-damage|p2a: Dragonite|55/100
|-status|p2a: Dragonite|par
|-enditem|p2a: Dragonite|Lum Berry|[eat]
|-curestatus|p2a: Dragonite|par|[msg]
|
|upkeep
|turn|17
|
|t:|1722224960
|switch|p1a: Heatran|Heatran, M|28/100
|-damage|p1a: Heatran|16/100|[from] Stealth Rock
|move|p2a: Dragonite|Earthquake|p1a: Heatran
|-supereffective|p1a: Heatran
|-damage|p1a: Heatran|0 fnt
|faint|p1a: Heatran
|
|upkeep
|
|t:|1722224964
|switch|p1a: Jolteon|Jolteon, M|100/100
|-damage|p1a: Jolteon|88/100|[from] Stealth Rock
|turn|18
|
|t:|1722224970
|move|p2a: Dragonite|Extreme Speed|p1a: Jolteon
|-damage|p1a: Jolteon|0 fnt
|faint|p1a: Jolteon
|
|upkeep
|
|t:|1722224975
|switch|p1a: Latios|Latios, M|100/100
|-damage|p1a: Latios|88/100|[from] Stealth Rock
|turn|19
|
|t:|1722224981
|move|p1a: Latios|Dragon Pulse|p2a: Dragonite
|-supereffective|p2a: Dragonite
|-damage|p2a: Dragonite|0 fnt
|faint|p2a: Dragonite
|
|upkeep
|
|t:|1722224985
|switch|p2a: Jirachi|Jirachi|63/100
|-damage|p2a: Jirachi|57/100|[from] Stealth Rock
|turn|20
|
|t:|1722224988
|switch|p1a: Jirachi|Jirachi|100/100
|-damage|p1a: Jirachi|94/100|[from] Stealth Rock
|move|p2a: Jirachi|U-turn|p1a: Jirachi
|-damage|p1a: Jirachi|79/100
|
|t:|1722224997
|switch|p2a: Garchomp|Garchomp, M|76/100 tox|[from] U-turn
|-damage|p2a: Garchomp|70/100 tox|[from] Stealth Rock
|
|-heal|p1a: Jirachi|86/100|[from] item: Leftovers
|-damage|p2a: Garchomp|64/100 tox|[from] psn
|upkeep
|turn|21
|
|t:|1722224999
|move|p1a: Jirachi|Protect|p1a: Jirachi
|-singleturn|p1a: Jirachi|Protect
|move|p2a: Garchomp|Outrage|p1a: Jirachi
|-activate|p1a: Jirachi|move: Protect
|
|-heal|p1a: Jirachi|92/100|[from] item: Leftovers
|-damage|p2a: Garchomp|51/100 tox|[from] psn
|upkeep
|turn|22
|
|t:|1722225004
|move|p2a: Garchomp|Outrage|p1a: Jirachi
|-resisted|p1a: Jirachi
|-damage|p1a: Jirachi|67/100
|move|p1a: Jirachi|Wish|p1a: Jirachi
|
|-heal|p1a: Jirachi|73/100|[from] item: Leftovers
|-damage|p2a: Garchomp|33/100 tox|[from] psn
|upkeep
|turn|23
|
|t:|1722225015
|move|p1a: Jirachi|Protect|p1a: Jirachi
|-singleturn|p1a: Jirachi|Protect
|move|p2a: Garchomp|Outrage|p1a: Jirachi|[from]lockedmove
|-activate|p1a: Jirachi|move: Protect
|
|-heal|p1a: Jirachi|100/100|[from] move: Wish|[wisher] Jirachi
|-damage|p2a: Garchomp|8/100 tox|[from] psn
|upkeep
|turn|24
|
|t:|1722225018
|switch|p2a: Jirachi|Jirachi|57/100
|-damage|p2a: Jirachi|51/100|[from] Stealth Rock
|move|p1a: Jirachi|Wish|p1a: Jirachi
|
|-heal|p2a: Jirachi|57/100|[from] item: Leftovers
|upkeep
|turn|25
|
|t:|1722225025
|move|p1a: Jirachi|Body Slam|p2a: Jirachi
|-resisted|p2a: Jirachi
|-damage|p2a: Jirachi|49/100
|-status|p2a: Jirachi|par
|move|p2a: Jirachi|U-turn|p1a: Jirachi
|-damage|p1a: Jirachi|86/100
|
|t:|1722225032
|switch|p2a: Latios|Latios, M|72/100|[from] U-turn
|-damage|p2a: Latios|59/100|[from] Stealth Rock
|
|-heal|p1a: Jirachi|100/100|[from] move: Wish|[wisher] Jirachi
|upkeep
|turn|26
|
|t:|1722225036
|move|p1a: Jirachi|Protect|p1a: Jirachi
|-singleturn|p1a: Jirachi|Protect
|move|p2a: Latios|Trick|p1a: Jirachi
|-activate|p1a: Jirachi|move: Protect
|
|upkeep
|turn|27
|
|t:|1722225044
|switch|p1a: Latios|Latios, M|88/100
|-damage|p1a: Latios|76/100|[from] Stealth Rock
|move|p2a: Latios|Trick|p1a: Latios
|-activate|p2a: Latios|move: Trick|[of] p1a: Latios
|-item|p1a: Latios|Choice Scarf|[from] move: Trick
|-item|p2a: Latios|Choice Scarf|[from] move: Trick
|
|upkeep
|turn|28
|
|t:|1722225055
|move|p2a: Latios|Dragon Pulse|p1a: Latios
|-supereffective|p1a: Latios
|-damage|p1a: Latios|0 fnt
|faint|p1a: Latios
|
|upkeep
|
|t:|1722225057
|switch|p1a: Jirachi|Jirachi|100/100
|-damage|p1a: Jirachi|94/100|[from] Stealth Rock
|turn|29
|
|t:|1722225072
|switch|p2a: Jirachi|Jirachi|49/100 par
|-damage|p2a: Jirachi|43/100 par|[from] Stealth Rock
|move|p1a: Jirachi|Wish|p1a: Jirachi
|
|-heal|p1a: Jirachi|100/100|[from] item: Leftovers
|-heal|p2a: Jirachi|49/100 par|[from] item: Leftovers
|upkeep
|turn|30
|
|t:|1722225081
|switch|p1a: Latias|Latias, F|94/100
|-damage|p1a: Latias|82/100|[from] Stealth Rock
|move|p2a: Jirachi|Thunder|p1a: Latias|[miss]
|-miss|p2a: Jirachi|p1a: Latias
|
|-heal|p1a: Latias|100/100|[from] move: Wish|[wisher] Jirachi
|-heal|p2a: Jirachi|55/100 par|[from] item: Leftovers
|upkeep
|turn|31
|
|t:|1722225097
|move|p2a: Jirachi|U-turn|p1a: Latias
|-supereffective|p1a: Latias
|-damage|p1a: Latias|68/100
|
|t:|1722225103
|switch|p2a: Garchomp|Garchomp, M|8/100 tox|[from] U-turn
|-damage|p2a: Garchomp|2/100 tox|[from] Stealth Rock
|move|p1a: Latias|Roar|p2a: Garchomp
|drag|p2a: Kyurem|Kyurem-Black|100/100
|-damage|p2a: Kyurem|76/100|[from] Stealth Rock
|-ability|p2a: Kyurem|Teravolt
|
|-heal|p1a: Latias|74/100|[from] item: Leftovers
|upkeep
|turn|32
|
|t:|1722225131
|switch|p1a: Jirachi|Jirachi|100/100
|-damage|p1a: Jirachi|94/100|[from] Stealth Rock
|move|p2a: Kyurem|Dragon Claw|p1a: Jirachi
|-resisted|p1a: Jirachi
|-damage|p1a: Jirachi|58/100
|
|-heal|p1a: Jirachi|64/100|[from] item: Leftovers
|upkeep
|turn|33
|
|t:|1722225140
|move|p2a: Kyurem|Dragon Claw|p1a: Jirachi
|-resisted|p1a: Jirachi
|-damage|p1a: Jirachi|27/100
|move|p1a: Jirachi|Wish|p1a: Jirachi
|
|-heal|p1a: Jirachi|34/100|[from] item: Leftovers
|upkeep
|turn|34
|
|t:|1722225147
|switch|p2a: Garchomp|Garchomp, M|2/100 tox
|-damage|p2a: Garchomp|0 fnt|[from] Stealth Rock
|faint|p2a: Garchomp
|move|p1a: Jirachi|Protect||[still]
|-fail|p1a: Jirachi
|
|-heal|p1a: Jirachi|84/100|[from] move: Wish|[wisher] Jirachi
|-heal|p1a: Jirachi|90/100|[from] item: Leftovers
|upkeep
|
|t:|1722225153
|switch|p2a: Latios|Latios, M|59/100
|-damage|p2a: Latios|47/100|[from] Stealth Rock
|turn|35
|
|t:|1722225156
|move|p1a: Jirachi|Protect|p1a: Jirachi
|-singleturn|p1a: Jirachi|Protect
|move|p2a: Latios|Trick|p1a: Jirachi
|-activate|p1a: Jirachi|move: Protect
|
|-heal|p1a: Jirachi|96/100|[from] item: Leftovers
|upkeep
|turn|36
|
|t:|1722225160
|switch|p1a: Latias|Latias, F|74/100
|-damage|p1a: Latias|61/100|[from] Stealth Rock
|move|p2a: Latios|Trick|p1a: Latias
|-activate|p2a: Latios|move: Trick|[of] p1a: Latias
|-item|p1a: Latias|Choice Scarf|[from] move: Trick
|-item|p2a: Latios|Leftovers|[from] move: Trick
|
|-heal|p2a: Latios|53/100|[from] item: Leftovers
|upkeep
|turn|37
|
|t:|1722225172
|switch|p1a: Jirachi|Jirachi|96/100
|-damage|p1a: Jirachi|90/100|[from] Stealth Rock
|switch|p2a: Jirachi|Jirachi|55/100 par
|-damage|p2a: Jirachi|49/100 par|[from] Stealth Rock
|
|-heal|p1a: Jirachi|96/100|[from] item: Leftovers
|-heal|p2a: Jirachi|55/100 par|[from] item: Leftovers
|upkeep
|turn|38
|
|t:|1722225175
|move|p1a: Jirachi|Wish|p1a: Jirachi
|move|p2a: Jirachi|U-turn|p1a: Jirachi
|-damage|p1a: Jirachi|82/100
|
|t:|1722225179
|switch|p2a: Kyurem|Kyurem-Black|76/100|[from] U-turn
|-damage|p2a: Kyurem|51/100|[from] Stealth Rock
|-ability|p2a: Kyurem|Teravolt
|
|-heal|p1a: Jirachi|89/100|[from] item: Leftovers
|upkeep
|turn|39
|inactive|silliest creature has 120 seconds left.
|
|t:|1722225218
|move|p2a: Kyurem|Fusion Bolt|p1a: Jirachi
|-damage|p1a: Jirachi|32/100
|move|p1a: Jirachi|Body Slam|p2a: Kyurem
|-damage|p2a: Kyurem|34/100
|
|-heal|p1a: Jirachi|82/100|[from] move: Wish|[wisher] Jirachi
|-heal|p1a: Jirachi|88/100|[from] item: Leftovers
|upkeep
|turn|40
|inactive|silliest creature has 120 seconds left.
|
|t:|1722225226
|move|p1a: Jirachi|Protect|p1a: Jirachi
|-singleturn|p1a: Jirachi|Protect
|move|p2a: Kyurem|Fusion Bolt|p1a: Jirachi
|-activate|p1a: Jirachi|move: Protect
|
|-heal|p1a: Jirachi|94/100|[from] item: Leftovers
|upkeep
|turn|41
|
|t:|1722225231
|move|p2a: Kyurem|Fusion Bolt|p1a: Jirachi
|-damage|p1a: Jirachi|38/100
|move|p1a: Jirachi|Wish|p1a: Jirachi
|
|-heal|p1a: Jirachi|44/100|[from] item: Leftovers
|upkeep
|turn|42
|
|t:|1722225237
|switch|p2a: Jirachi|Jirachi|55/100 par
|-damage|p2a: Jirachi|49/100 par|[from] Stealth Rock
|move|p1a: Jirachi|Protect||[still]
|-fail|p1a: Jirachi
|
|-heal|p1a: Jirachi|94/100|[from] move: Wish|[wisher] Jirachi
|-heal|p1a: Jirachi|99/100|[from] item: Leftovers
|-heal|p2a: Jirachi|55/100 par|[from] item: Leftovers
|upkeep
|turn|43
|
|t:|1722225243
|move|p1a: Jirachi|Wish|p1a: Jirachi
|move|p2a: Jirachi|Thunder|p1a: Jirachi
|-damage|p1a: Jirachi|84/100
|-status|p1a: Jirachi|par
|
|-heal|p1a: Jirachi|90/100 par|[from] item: Leftovers
|-heal|p2a: Jirachi|61/100 par|[from] item: Leftovers
|upkeep
|turn|44
|
|t:|1722225252
|switch|p1a: Latias|Latias, F|61/100
|-damage|p1a: Latias|49/100|[from] Stealth Rock
|move|p2a: Jirachi|Thunder|p1a: Latias|[miss]
|-miss|p2a: Jirachi|p1a: Latias
|
|-heal|p1a: Latias|100/100|[from] move: Wish|[wisher] Jirachi
|-heal|p2a: Jirachi|68/100 par|[from] item: Leftovers
|upkeep
|turn|45
|
|t:|1722225262
|move|p2a: Jirachi|U-turn|p1a: Latias
|-supereffective|p1a: Latias
|-damage|p1a: Latias|68/100
|
|t:|1722225268
|switch|p2a: Latios|Latios, M|53/100|[from] U-turn
|-damage|p2a: Latios|41/100|[from] Stealth Rock
|move|p1a: Latias|Roar|p2a: Latios
|drag|p2a: Jirachi|Jirachi|68/100 par
|-damage|p2a: Jirachi|61/100 par|[from] Stealth Rock
|
|-heal|p2a: Jirachi|68/100 par|[from] item: Leftovers
|upkeep
|turn|46
|
|t:|1722225279
|move|p2a: Jirachi|Icy Wind|p1a: Latias
|-supereffective|p1a: Latias
|-damage|p1a: Latias|50/100
|-unboost|p1a: Latias|spe|1
|move|p1a: Latias|Roar|p2a: Jirachi
|drag|p2a: Latios|Latios, M|41/100
|-damage|p2a: Latios|28/100|[from] Stealth Rock
|
|-heal|p2a: Latios|34/100|[from] item: Leftovers
|upkeep
|turn|47
|
|t:|1722225290
|switch|p1a: Jirachi|Jirachi|90/100 par
|-damage|p1a: Jirachi|84/100 par|[from] Stealth Rock
|move|p2a: Latios|Dragon Pulse|p1a: Jirachi
|-resisted|p1a: Jirachi
|-crit|p1a: Jirachi
|-damage|p1a: Jirachi|57/100 par
|
|-heal|p2a: Latios|40/100|[from] item: Leftovers
|-heal|p1a: Jirachi|63/100 par|[from] item: Leftovers
|upkeep
|turn|48
|
|t:|1722225302
|move|p2a: Latios|Surf|p1a: Jirachi
|-crit|p1a: Jirachi
|-damage|p1a: Jirachi|20/100 par
|cant|p1a: Jirachi|par
|
|-heal|p2a: Latios|46/100|[from] item: Leftovers
|-heal|p1a: Jirachi|26/100 par|[from] item: Leftovers
|upkeep
|turn|49
|
|t:|1722225315
|move|p1a: Jirachi|Protect|p1a: Jirachi
|-singleturn|p1a: Jirachi|Protect
|move|p2a: Latios|Draco Meteor|p1a: Jirachi
|-activate|p1a: Jirachi|move: Protect
|
|-heal|p2a: Latios|52/100|[from] item: Leftovers
|-heal|p1a: Jirachi|32/100 par|[from] item: Leftovers
|upkeep
|turn|50
|
|t:|1722225321
|move|p2a: Latios|Draco Meteor|p1a: Jirachi|[miss]
|-miss|p2a: Latios|p1a: Jirachi
|move|p1a: Jirachi|Wish|p1a: Jirachi
|
|-heal|p2a: Latios|58/100|[from] item: Leftovers
|-heal|p1a: Jirachi|39/100 par|[from] item: Leftovers
|upkeep
|turn|51
|
|t:|1722225328
|switch|p2a: Jirachi|Jirachi|68/100 par
|-damage|p2a: Jirachi|61/100 par|[from] Stealth Rock
|cant|p1a: Jirachi|par
|
|-heal|p1a: Jirachi|89/100 par|[from] move: Wish|[wisher] Jirachi
|-heal|p1a: Jirachi|95/100 par|[from] item: Leftovers
|-heal|p2a: Jirachi|68/100 par|[from] item: Leftovers
|upkeep
|turn|52
|
|t:|1722225334
|move|p1a: Jirachi|Wish|p1a: Jirachi
|move|p2a: Jirachi|Icy Wind|p1a: Jirachi
|-resisted|p1a: Jirachi
|-damage|p1a: Jirachi|91/100 par
|-unboost|p1a: Jirachi|spe|1
|
|-heal|p2a: Jirachi|74/100 par|[from] item: Leftovers
|-heal|p1a: Jirachi|97/100 par|[from] item: Leftovers
|upkeep
|turn|53
|
|t:|1722225342
|switch|p1a: Latias|Latias, F|50/100
|-damage|p1a: Latias|38/100|[from] Stealth Rock
|move|p2a: Jirachi|Icy Wind|p1a: Latias
|-supereffective|p1a: Latias
|-damage|p1a: Latias|17/100
|-unboost|p1a: Latias|spe|1
|
|-heal|p1a: Latias|72/100|[from] move: Wish|[wisher] Jirachi
|-heal|p2a: Jirachi|80/100 par|[from] item: Leftovers
|upkeep
|turn|54
|
|t:|1722225362
|move|p1a: Latias|Calm Mind|p1a: Latias
|-boost|p1a: Latias|spa|1
|-boost|p1a: Latias|spd|1
|move|p2a: Jirachi|Thunder|p1a: Latias
|-resisted|p1a: Latias
|-damage|p1a: Latias|66/100
|-status|p1a: Latias|par
|
|-heal|p2a: Jirachi|86/100 par|[from] item: Leftovers
|upkeep
|turn|55
|
|t:|1722225370
|move|p1a: Latias|Calm Mind|p1a: Latias
|-boost|p1a: Latias|spa|1
|-boost|p1a: Latias|spd|1
|move|p2a: Jirachi|U-turn|p1a: Latias
|-supereffective|p1a: Latias
|-damage|p1a: Latias|30/100 par
|
|t:|1722225373
|switch|p2a: Kyurem|Kyurem-Black|34/100|[from] U-turn
|-damage|p2a: Kyurem|9/100|[from] Stealth Rock
|-ability|p2a: Kyurem|Teravolt
|
|upkeep
|turn|56
|
|t:|1722225379
|switch|p1a: Jirachi|Jirachi|97/100 par
|-damage|p1a: Jirachi|91/100 par|[from] Stealth Rock
|move|p2a: Kyurem|Outrage|p1a: Jirachi
|-resisted|p1a: Jirachi
|-damage|p1a: Jirachi|40/100 par
|
|-heal|p1a: Jirachi|46/100 par|[from] item: Leftovers
|upkeep
|turn|57
|
|t:|1722225386
|move|p1a: Jirachi|Protect|p1a: Jirachi
|-singleturn|p1a: Jirachi|Protect
|move|p2a: Kyurem|Outrage|p1a: Jirachi|[from]lockedmove
|-activate|p1a: Jirachi|move: Protect
|-start|p2a: Kyurem|confusion|[fatigue]
|
|-heal|p1a: Jirachi|52/100 par|[from] item: Leftovers
|upkeep
|turn|58
|
|t:|1722225392
|-activate|p2a: Kyurem|confusion
|-damage|p2a: Kyurem|0 fnt|[from] confusion
|faint|p2a: Kyurem
|cant|p1a: Jirachi|par
|
|-heal|p1a: Jirachi|58/100 par|[from] item: Leftovers
|upkeep
|
|t:|1722225398
|switch|p2a: Jirachi|Jirachi|86/100 par
|-damage|p2a: Jirachi|80/100 par|[from] Stealth Rock
|turn|59
|
|t:|1722225410
|move|p1a: Jirachi|Wish|p1a: Jirachi
|cant|p2a: Jirachi|par
|
|-heal|p1a: Jirachi|65/100 par|[from] item: Leftovers
|-heal|p2a: Jirachi|86/100 par|[from] item: Leftovers
|upkeep
|turn|60
|
|t:|1722225418
|move|p1a: Jirachi|Iron Head|p2a: Jirachi
|-resisted|p2a: Jirachi
|-damage|p2a: Jirachi|75/100 par
|cant|p2a: Jirachi|flinch
|
|-heal|p1a: Jirachi|100/100 par|[from] move: Wish|[wisher] Jirachi
|-heal|p2a: Jirachi|81/100 par|[from] item: Leftovers
|upkeep
|turn|61
|
|t:|1722225426
|move|p1a: Jirachi|Wish|p1a: Jirachi
|cant|p2a: Jirachi|par
|
|-heal|p2a: Jirachi|87/100 par|[from] item: Leftovers
|upkeep
|turn|62
|
|t:|1722225430
|switch|p1a: Latias|Latias, F|30/100 par
|-damage|p1a: Latias|18/100 par|[from] Stealth Rock
|move|p2a: Jirachi|Icy Wind|p1a: Latias
|-supereffective|p1a: Latias
|-damage|p1a: Latias|0 fnt
|faint|p1a: Latias
|
|-heal|p2a: Jirachi|93/100 par|[from] item: Leftovers
|upkeep
|
|t:|1722225432
|switch|p1a: Jirachi|Jirachi|100/100 par
|-damage|p1a: Jirachi|94/100 par|[from] Stealth Rock
|turn|63
|
|t:|1722225438
|move|p1a: Jirachi|Iron Head|p2a: Jirachi
|-resisted|p2a: Jirachi
|-damage|p2a: Jirachi|83/100 par
|move|p2a: Jirachi|Icy Wind|p1a: Jirachi
|-resisted|p1a: Jirachi
|-damage|p1a: Jirachi|91/100 par
|-unboost|p1a: Jirachi|spe|1
|
|-heal|p2a: Jirachi|89/100 par|[from] item: Leftovers
|-heal|p1a: Jirachi|97/100 par|[from] item: Leftovers
|upkeep
|turn|64
|
|t:|1722225445
|move|p2a: Jirachi|Icy Wind|p1a: Jirachi
|-resisted|p1a: Jirachi
|-damage|p1a: Jirachi|93/100 par
|-unboost|p1a: Jirachi|spe|1
|cant|p1a: Jirachi|par
|
|-heal|p2a: Jirachi|95/100 par|[from] item: Leftovers
|-heal|p1a: Jirachi|99/100 par|[from] item: Leftovers
|upkeep
|turn|65
|
|t:|1722225452
|cant|p2a: Jirachi|par
|cant|p1a: Jirachi|par
|
|-heal|p2a: Jirachi|100/100 par|[from] item: Leftovers
|-heal|p1a: Jirachi|100/100 par|[from] item: Leftovers
|upkeep
|turn|66
|
|t:|1722225455
|cant|p2a: Jirachi|par
|move|p1a: Jirachi|Iron Head|p2a: Jirachi
|-resisted|p2a: Jirachi
|-damage|p2a: Jirachi|90/100 par
|
|-heal|p2a: Jirachi|96/100 par|[from] item: Leftovers
|upkeep
|turn|67
|
|t:|1722225460
|cant|p2a: Jirachi|par
|move|p1a: Jirachi|Iron Head|p2a: Jirachi
|-resisted|p2a: Jirachi
|-damage|p2a: Jirachi|85/100 par
|
|-heal|p2a: Jirachi|91/100 par|[from] item: Leftovers
|upkeep
|turn|68
|
|t:|1722225465
|move|p2a: Jirachi|Icy Wind|p1a: Jirachi
|-resisted|p1a: Jirachi
|-damage|p1a: Jirachi|97/100 par
|-unboost|p1a: Jirachi|spe|1
|move|p1a: Jirachi|Iron Head|p2a: Jirachi
|-resisted|p2a: Jirachi
|-damage|p2a: Jirachi|80/100 par
|
|-heal|p2a: Jirachi|86/100 par|[from] item: Leftovers
|-heal|p1a: Jirachi|100/100 par|[from] item: Leftovers
|upkeep
|turn|69
|
|t:|1722225467
|cant|p2a: Jirachi|par
|move|p1a: Jirachi|Iron Head|p2a: Jirachi
|-resisted|p2a: Jirachi
|-damage|p2a: Jirachi|75/100 par
|
|-heal|p2a: Jirachi|81/100 par|[from] item: Leftovers
|upkeep
|turn|70
|
|t:|1722225471
|move|p2a: Jirachi|Icy Wind|p1a: Jirachi
|-resisted|p1a: Jirachi
|-crit|p1a: Jirachi
|-damage|p1a: Jirachi|93/100 par
|-unboost|p1a: Jirachi|spe|1
|move|p1a: Jirachi|Iron Head|p2a: Jirachi
|-resisted|p2a: Jirachi
|-damage|p2a: Jirachi|71/100 par
|
|-heal|p2a: Jirachi|77/100 par|[from] item: Leftovers
|-heal|p1a: Jirachi|99/100 par|[from] item: Leftovers
|upkeep
|turn|71
|
|t:|1722225479
|move|p2a: Jirachi|Icy Wind|p1a: Jirachi
|-resisted|p1a: Jirachi
|-damage|p1a: Jirachi|95/100 par
|-unboost|p1a: Jirachi|spe|1
|move|p1a: Jirachi|Iron Head|p2a: Jirachi
|-resisted|p2a: Jirachi
|-damage|p2a: Jirachi|65/100 par
|
|-heal|p2a: Jirachi|72/100 par|[from] item: Leftovers
|-heal|p1a: Jirachi|100/100 par|[from] item: Leftovers
|upkeep
|turn|72
|
|t:|1722225482
|cant|p2a: Jirachi|par
|move|p1a: Jirachi|Iron Head|p2a: Jirachi
|-resisted|p2a: Jirachi
|-damage|p2a: Jirachi|60/100 par
|
|-heal|p2a: Jirachi|66/100 par|[from] item: Leftovers
|upkeep
|turn|73
|
|t:|1722225488
|move|p2a: Jirachi|Thunder|p1a: Jirachi
|-damage|p1a: Jirachi|83/100 par
|move|p1a: Jirachi|Iron Head|p2a: Jirachi
|-resisted|p2a: Jirachi
|-damage|p2a: Jirachi|54/100 par
|
|-heal|p2a: Jirachi|60/100 par|[from] item: Leftovers
|-heal|p1a: Jirachi|90/100 par|[from] item: Leftovers
|upkeep
|turn|74
|
|t:|1722225494
|move|p2a: Jirachi|Icy Wind|p1a: Jirachi
|-resisted|p1a: Jirachi
|-damage|p1a: Jirachi|86/100 par
|-unboost|p1a: Jirachi|spe|1
|move|p1a: Jirachi|Iron Head|p2a: Jirachi
|-resisted|p2a: Jirachi
|-damage|p2a: Jirachi|49/100 par
|
|-heal|p2a: Jirachi|55/100 par|[from] item: Leftovers
|-heal|p1a: Jirachi|92/100 par|[from] item: Leftovers
|upkeep
|turn|75
|
|t:|1722225503
|cant|p2a: Jirachi|par
|move|p1a: Jirachi|Iron Head|p2a: Jirachi
|-resisted|p2a: Jirachi
|-damage|p2a: Jirachi|44/100 par
|
|-heal|p2a: Jirachi|50/100 par|[from] item: Leftovers
|-heal|p1a: Jirachi|98/100 par|[from] item: Leftovers
|upkeep
|turn|76
|
|t:|1722225508
|cant|p2a: Jirachi|par
|move|p1a: Jirachi|Iron Head|p2a: Jirachi
|-resisted|p2a: Jirachi
|-damage|p2a: Jirachi|38/100 par
|
|-heal|p2a: Jirachi|44/100 par|[from] item: Leftovers
|-heal|p1a: Jirachi|100/100 par|[from] item: Leftovers
|upkeep
|turn|77
|
|t:|1722225514
|move|p2a: Jirachi|Stealth Rock||[still]
|-fail|p2a: Jirachi
|move|p1a: Jirachi|Iron Head|p2a: Jirachi
|-resisted|p2a: Jirachi
|-damage|p2a: Jirachi|33/100 par
|
|-heal|p2a: Jirachi|39/100 par|[from] item: Leftovers
|upkeep
|turn|78
|
|t:|1722225520
|move|p2a: Jirachi|Stealth Rock||[still]
|-fail|p2a: Jirachi
|cant|p1a: Jirachi|par
|
|-heal|p2a: Jirachi|45/100 par|[from] item: Leftovers
|upkeep
|turn|79
|
|t:|1722225523
|move|p2a: Jirachi|Stealth Rock||[still]
|-fail|p2a: Jirachi
|move|p1a: Jirachi|Iron Head|p2a: Jirachi
|-resisted|p2a: Jirachi
|-damage|p2a: Jirachi|34/100 par
|
|-heal|p2a: Jirachi|40/100 par|[from] item: Leftovers
|upkeep
|turn|80
|
|t:|1722225529
|move|p2a: Jirachi|Stealth Rock||[still]
|-fail|p2a: Jirachi
|cant|p1a: Jirachi|par
|
|-heal|p2a: Jirachi|46/100 par|[from] item: Leftovers
|upkeep
|turn|81
|
|t:|1722225533
|move|p2a: Jirachi|Stealth Rock||[still]
|-fail|p2a: Jirachi
|move|p1a: Jirachi|Iron Head|p2a: Jirachi
|-resisted|p2a: Jirachi
|-damage|p2a: Jirachi|36/100 par
|
|-heal|p2a: Jirachi|42/100 par|[from] item: Leftovers
|upkeep
|turn|82
|
|t:|1722225541
|move|p2a: Jirachi|Stealth Rock||[still]
|-fail|p2a: Jirachi
|cant|p1a: Jirachi|par
|
|-heal|p2a: Jirachi|48/100 par|[from] item: Leftovers
|upkeep
|turn|83
|
|t:|1722225546
|move|p2a: Jirachi|Stealth Rock||[still]
|-fail|p2a: Jirachi
|move|p1a: Jirachi|Iron Head|p2a: Jirachi
|-resisted|p2a: Jirachi
|-damage|p2a: Jirachi|38/100 par
|
|-heal|p2a: Jirachi|44/100 par|[from] item: Leftovers
|upkeep
|turn|84
|
|t:|1722225552
|move|p2a: Jirachi|Stealth Rock||[still]
|-fail|p2a: Jirachi
|move|p1a: Jirachi|Iron Head|p2a: Jirachi
|-resisted|p2a: Jirachi
|-damage|p2a: Jirachi|33/100 par
|
|-heal|p2a: Jirachi|40/100 par|[from] item: Leftovers
|upkeep
|turn|85
|
|t:|1722225557
|move|p2a: Jirachi|Stealth Rock||[still]
|-fail|p2a: Jirachi
|move|p1a: Jirachi|Iron Head|p2a: Jirachi
|-resisted|p2a: Jirachi
|-damage|p2a: Jirachi|28/100 par
|
|-heal|p2a: Jirachi|34/100 par|[from] item: Leftovers
|upkeep
|turn|86
|
|t:|1722225563
|cant|p2a: Jirachi|par
|move|p1a: Jirachi|Iron Head|p2a: Jirachi
|-resisted|p2a: Jirachi
|-damage|p2a: Jirachi|23/100 par
|
|-heal|p2a: Jirachi|29/100 par|[from] item: Leftovers
|upkeep
|turn|87
|
|t:|1722225570
|move|p2a: Jirachi|Stealth Rock||[still]
|-fail|p2a: Jirachi
|move|p1a: Jirachi|Iron Head|p2a: Jirachi
|-resisted|p2a: Jirachi
|-damage|p2a: Jirachi|18/100 par
|
|-heal|p2a: Jirachi|24/100 par|[from] item: Leftovers
|upkeep
|turn|88
|
|t:|1722225576
|move|p2a: Jirachi|Stealth Rock||[still]
|-fail|p2a: Jirachi
|cant|p1a: Jirachi|par
|
|-heal|p2a: Jirachi|30/100 par|[from] item: Leftovers
|upkeep
|turn|89
|
|t:|1722225582
|move|p2a: Jirachi|Stealth Rock||[still]
|-fail|p2a: Jirachi
|move|p1a: Jirachi|Iron Head|p2a: Jirachi
|-resisted|p2a: Jirachi
|-damage|p2a: Jirachi|19/100 par
|
|-heal|p2a: Jirachi|25/100 par|[from] item: Leftovers
|upkeep
|turn|90
|
|t:|1722225589
|move|p2a: Jirachi|Stealth Rock||[still]
|-fail|p2a: Jirachi
|move|p1a: Jirachi|Iron Head|p2a: Jirachi
|-resisted|p2a: Jirachi
|-damage|p2a: Jirachi|14/100 par
|
|-heal|p2a: Jirachi|20/100 par|[from] item: Leftovers
|upkeep
|turn|91
|
|t:|1722225594
|move|p2a: Jirachi|Stealth Rock||[still]
|-fail|p2a: Jirachi
|cant|p1a: Jirachi|par
|
|-heal|p2a: Jirachi|26/100 par|[from] item: Leftovers
|upkeep
|turn|92
|
|t:|1722225599
|move|p2a: Jirachi|Stealth Rock||[still]
|-fail|p2a: Jirachi
|move|p1a: Jirachi|Iron Head|p2a: Jirachi
|-resisted|p2a: Jirachi
|-damage|p2a: Jirachi|16/100 par
|
|-heal|p2a: Jirachi|22/100 par|[from] item: Leftovers
|upkeep
|turn|93
|
|t:|1722225606
|move|p2a: Jirachi|Stealth Rock||[still]
|-fail|p2a: Jirachi
|move|p1a: Jirachi|Body Slam|p2a: Jirachi
|-resisted|p2a: Jirachi
|-damage|p2a: Jirachi|15/100 par
|
|-heal|p2a: Jirachi|21/100 par|[from] item: Leftovers
|upkeep
|turn|94
|c|☆silliest creature|0 crits in 24 is crazy
|
|t:|1722225613
|move|p2a: Jirachi|Stealth Rock||[still]
|-fail|p2a: Jirachi
|move|p1a: Jirachi|Body Slam|p2a: Jirachi
|-resisted|p2a: Jirachi
|-damage|p2a: Jirachi|12/100 par
|
|-heal|p2a: Jirachi|19/100 par|[from] item: Leftovers
|upkeep
|turn|95
|
|t:|1722225621
|move|p2a: Jirachi|Icy Wind|p1a: Jirachi
|-resisted|p1a: Jirachi
|-damage|p1a: Jirachi|97/100 par
|move|p1a: Jirachi|Body Slam|p2a: Jirachi
|-resisted|p2a: Jirachi
|-damage|p2a: Jirachi|10/100 par
|
|-heal|p2a: Jirachi|17/100 par|[from] item: Leftovers
|-heal|p1a: Jirachi|100/100 par|[from] item: Leftovers
|upkeep
|turn|96
|
|t:|1722225630
|move|p2a: Jirachi|Thunder|p1a: Jirachi
|-damage|p1a: Jirachi|82/100 par
|move|p1a: Jirachi|Body Slam|p2a: Jirachi
|-resisted|p2a: Jirachi
|-damage|p2a: Jirachi|8/100 par
|
|-heal|p2a: Jirachi|14/100 par|[from] item: Leftovers
|-heal|p1a: Jirachi|88/100 par|[from] item: Leftovers
|upkeep
|turn|97
|
|t:|1722225643
|move|p2a: Jirachi|Thunder|p1a: Jirachi
|-damage|p1a: Jirachi|72/100 par
|move|p1a: Jirachi|Body Slam|p2a: Jirachi
|-resisted|p2a: Jirachi
|-damage|p2a: Jirachi|5/100 par
|
|-heal|p2a: Jirachi|12/100 par|[from] item: Leftovers
|-heal|p1a: Jirachi|78/100 par|[from] item: Leftovers
|upkeep
|turn|98
|
|t:|1722225651
|move|p2a: Jirachi|Thunder|p1a: Jirachi
|-damage|p1a: Jirachi|59/100 par
|cant|p1a: Jirachi|par
|
|-heal|p2a: Jirachi|18/100 par|[from] item: Leftovers
|-heal|p1a: Jirachi|66/100 par|[from] item: Leftovers
|upkeep
|turn|99
|
|t:|1722225657
|move|p2a: Jirachi|Thunder|p1a: Jirachi
|-damage|p1a: Jirachi|49/100 par
|move|p1a: Jirachi|Body Slam|p2a: Jirachi
|-resisted|p2a: Jirachi
|-damage|p2a: Jirachi|10/100 par
|
|-heal|p2a: Jirachi|17/100 par|[from] item: Leftovers
|-heal|p1a: Jirachi|55/100 par|[from] item: Leftovers
|upkeep
|turn|100
|
|t:|1722225664
|move|p2a: Jirachi|Thunder|p1a: Jirachi|[miss]
|-miss|p2a: Jirachi|p1a: Jirachi
|move|p1a: Jirachi|Body Slam|p2a: Jirachi
|-resisted|p2a: Jirachi
|-damage|p2a: Jirachi|8/100 par
|
|-heal|p2a: Jirachi|14/100 par|[from] item: Leftovers
|-heal|p1a: Jirachi|61/100 par|[from] item: Leftovers
|upkeep
|turn|101
|
|t:|1722225671
|move|p2a: Jirachi|Thunder|p1a: Jirachi|[miss]
|-miss|p2a: Jirachi|p1a: Jirachi
|move|p1a: Jirachi|Body Slam|p2a: Jirachi
|-resisted|p2a: Jirachi
|-damage|p2a: Jirachi|6/100 par
|
|-heal|p2a: Jirachi|12/100 par|[from] item: Leftovers
|-heal|p1a: Jirachi|67/100 par|[from] item: Leftovers
|upkeep
|turn|102
|
|t:|1722225673
|move|p2a: Jirachi|Thunder|p1a: Jirachi|[miss]
|-miss|p2a: Jirachi|p1a: Jirachi
|move|p1a: Jirachi|Body Slam|p2a: Jirachi
|-resisted|p2a: Jirachi
|-crit|p2a: Jirachi
|-damage|p2a: Jirachi|0 fnt
|faint|p2a: Jirachi
|
|-heal|p1a: Jirachi|74/100 par|[from] item: Leftovers
|upkeep
|
|t:|1722225676
|switch|p2a: Latios|Latios, M|58/100
|-damage|p2a: Latios|46/100|[from] Stealth Rock
|turn|103
|
|t:|1722225679
|move|p2a: Latios|Surf|p1a: Jirachi
|-damage|p1a: Jirachi|55/100 par
|move|p1a: Jirachi|Body Slam|p2a: Latios
|-damage|p2a: Latios|20/100
|-status|p2a: Latios|par
|
|-heal|p2a: Latios|26/100 par|[from] item: Leftovers
|-heal|p1a: Jirachi|61/100 par|[from] item: Leftovers
|upkeep
|turn|104
|
|t:|1722225686
|move|p2a: Latios|Surf|p1a: Jirachi
|-damage|p1a: Jirachi|39/100 par
|move|p1a: Jirachi|Body Slam|p2a: Latios
|-crit|p2a: Latios
|-damage|p2a: Latios|0 fnt
|faint|p2a: Latios
|
|win|silliest creature
|raw|silliest creature's rating: 1330 &rarr; <strong>1360</strong><br />(+30 for winning)
|raw|scorpion257's rating: 1523 &rarr; <strong>1493</strong><br />(-30 for losing)
|c|☆silliest creature|gg
|c|☆scorpion257|GFY
|l|☆scorpion257
|player|p2|
|j| guap collector
|c| guap collector|lmao
|c|☆silliest creature|jirachi solos
|c|☆silliest creature|funny ass match
