|j|☆Esurient
|j|☆Flukas Glazy
|t:|1734418176
|gametype|singles
|player|p1|Esurient|102|1360
|player|p2|Flukas Glazy|brock|1493
|teamsize|p1|6
|teamsize|p2|6
|gen|5
|tier|[Gen 5] OU
|rated|
|rule|Species Clause: Limit one of each Pokémon
|rule|OHKO Clause: OHKO moves are banned
|rule|Moody Clause: Moody is banned
|rule|Evasion Items Clause: Evasion items are banned
|rule|Evasion Moves Clause: Evasion moves are banned
|rule|Endless Battle Clause: Forcing endless battles is banned
|rule|HP Percentage Mod: HP is shown in percentages
|rule|Evasion Abilities Clause: Evasion abilities are banned
|rule|Sleep Moves Clause: Sleep-inducing moves are banned
|rule|Swagger Clause: Swagger is banned
|rule|Baton Pass Stat Clause: No Baton Passer may have a way to boost its stats
|clearpoke
|poke|p1|Kyurem-Black|item
|poke|p1|Magnezone|item
|poke|p1|Dragonite, M|item
|poke|p1|Garchomp, F|item
|poke|p1|Starmie|item
|poke|p1|Latios, M|item
|poke|p2|Tyranitar, F|item
|poke|p2|Keldeo|item
|poke|p2|Heatran, M|item
|poke|p2|Excadrill, F|item
|poke|p2|Celebi|item
|poke|p2|Landorus-Therian, M|item
|teampreview
|
|t:|1734418207
|start
|switch|p1a: Starmie|Starmie, shiny|100/100
|switch|p2a: Keldeo|Keldeo|100/100
|turn|1
|
|t:|1734418213
|switch|p2a: Celebi|Celebi|100/100
|move|p1a: Starmie|Ice Beam|p2a: Celebi
|-supereffective|p2a: Celebi
|-damage|p2a: Celebi|65/100
|
|-heal|p2a: Celebi|72/100|[from] item: Leftovers
|upkeep
|turn|2
|
|t:|1734418218
|switch|p1a: Kyurem|Kyurem-Black|100/100
|-ability|p1a: Kyurem|Teravolt
|move|p2a: Celebi|Substitute|p2a: Celebi
|-start|p2a: Celebi|Substitute
|-damage|p2a: Celebi|47/100
|
|-heal|p2a: Celebi|53/100|[from] item: Leftovers
|upkeep
|turn|3
|
|t:|1734418229
|move|p1a: Kyurem|Ice Beam|p2a: Celebi
|-supereffective|p2a: Celebi
|-end|p2a: Celebi|Substitute
|move|p2a: Celebi|Baton Pass|p2a: Celebi
|
|t:|1734418237
|switch|p2a: Keldeo|Keldeo|100/100|[from] Baton Pass
|
|upkeep
|turn|4
|
|t:|1734418246
|switch|p1a: Latios|Latios, M|100/100
|move|p2a: Keldeo|Secret Sword|p1a: Latios
|-resisted|p1a: Latios
|-damage|p1a: Latios|72/100
|
|upkeep
|turn|5
|
|t:|1734418277
|switch|p1a: Kyurem|Kyurem-Black|100/100
|-ability|p1a: Kyurem|Teravolt
|switch|p2a: Tyranitar|Tyranitar, F|100/100
|-weather|Sandstorm|[from] ability: Sand Stream|[of] p2a: Tyranitar
|
|-weather|Sandstorm|[upkeep]
|-damage|p1a: Kyurem|94/100|[from] Sandstorm
|upkeep
|turn|6
|
|t:|1734418294
|switch|p2a: Heatran|Heatran, M|100/100
|move|p1a: Kyurem|Outrage|p2a: Heatran
|-resisted|p2a: Heatran
|-damage|p2a: Heatran|36/100
|
|-weather|Sandstorm|[upkeep]
|-damage|p1a: Kyurem|88/100|[from] Sandstorm
|upkeep
|turn|7
|
|t:|1734418301
|move|p1a: Kyurem|Outrage|p2a: Heatran|[from]lockedmove
|-resisted|p2a: Heatran
|-damage|p2a: Heatran|0 fnt
|faint|p2a: Heatran
|
|-weather|Sandstorm|[upkeep]
|-damage|p1a: Kyurem|82/100|[from] Sandstorm
|upkeep
|
|t:|1734418303
|switch|p2a: Excadrill|Excadrill, F|100/100
|turn|8
|
|t:|1734418306
|move|p2a: Excadrill|Iron Head|p1a: Kyurem
|-supereffective|p1a: Kyurem
|-damage|p1a: Kyurem|0 fnt
|faint|p1a: Kyurem
|
|-weather|Sandstorm|[upkeep]
|upkeep
|
|t:|1734418308
|switch|p1a: Magnezone|Magnezone|100/100
|-item|p1a: Magnezone|Air Balloon
|turn|9
|
|t:|1734418316
|move|p2a: Excadrill|Iron Head|p1a: Magnezone
|-resisted|p1a: Magnezone
|-damage|p1a: Magnezone|88/100
|-enditem|p1a: Magnezone|Air Balloon
|move|p1a: Magnezone|Magnet Rise|p1a: Magnezone
|-start|p1a: Magnezone|Magnet Rise
|
|-weather|Sandstorm|[upkeep]
|upkeep
|turn|10
|
|t:|1734418320
|move|p2a: Excadrill|Substitute|p2a: Excadrill
|-start|p2a: Excadrill|Substitute
|-damage|p2a: Excadrill|75/100
|move|p1a: Magnezone|Hidden Power|p2a: Excadrill
|-supereffective|p2a: Excadrill
|-end|p2a: Excadrill|Substitute
|
|-weather|Sandstorm|[upkeep]
|-heal|p2a: Excadrill|82/100|[from] item: Leftovers
|upkeep
|turn|11
|
|t:|1734418322
|move|p2a: Excadrill|Substitute|p2a: Excadrill
|-start|p2a: Excadrill|Substitute
|-damage|p2a: Excadrill|57/100
|move|p1a: Magnezone|Hidden Power|p2a: Excadrill
|-supereffective|p2a: Excadrill
|-end|p2a: Excadrill|Substitute
|
|-weather|Sandstorm|[upkeep]
|-heal|p2a: Excadrill|63/100|[from] item: Leftovers
|upkeep
|turn|12
|
|t:|1734418333
|move|p2a: Excadrill|Substitute|p2a: Excadrill
|-start|p2a: Excadrill|Substitute
|-damage|p2a: Excadrill|38/100
|move|p1a: Magnezone|Hidden Power|p2a: Excadrill
|-supereffective|p2a: Excadrill
|-end|p2a: Excadrill|Substitute
|
|-weather|Sandstorm|[upkeep]
|-heal|p2a: Excadrill|44/100|[from] item: Leftovers
|upkeep
|turn|13
|
|t:|1734418337
|move|p2a: Excadrill|Substitute|p2a: Excadrill
|-start|p2a: Excadrill|Substitute
|-damage|p2a: Excadrill|19/100
|move|p1a: Magnezone|Hidden Power|p2a: Excadrill
|-supereffective|p2a: Excadrill
|-end|p2a: Excadrill|Substitute
|
|-weather|Sandstorm|[upkeep]
|-heal|p2a: Excadrill|25/100|[from] item: Leftovers
|-end|p1a: Magnezone|Magnet Rise
|upkeep
|turn|14
|
|t:|1734418346
|move|p2a: Excadrill|Earthquake|p1a: Magnezone
|-supereffective|p1a: Magnezone
|-damage|p1a: Magnezone|0 fnt
|faint|p1a: Magnezone
|
|-weather|Sandstorm|[upkeep]
|-heal|p2a: Excadrill|31/100|[from] item: Leftovers
|upkeep
|
|t:|1734418350
|switch|p1a: Garchomp|Garchomp, F|100/100
|turn|15
|j| Buddhist Pulisic
|l| Buddhist Pulisic
|
|t:|1734418367
|switch|p1a: Starmie|Starmie, shiny|100/100
|move|p2a: Excadrill|Earthquake|p1a: Starmie
|-damage|p1a: Starmie|10/100
|
|-weather|Sandstorm|[upkeep]
|-damage|p1a: Starmie|4/100|[from] Sandstorm
|-heal|p1a: Starmie|10/100|[from] item: Leftovers
|-heal|p2a: Excadrill|37/100|[from] item: Leftovers
|upkeep
|turn|16
|
|t:|1734418373
|move|p1a: Starmie|Hydro Pump|p2a: Excadrill
|-supereffective|p2a: Excadrill
|-damage|p2a: Excadrill|0 fnt
|faint|p2a: Excadrill
|
|-weather|Sandstorm|[upkeep]
|-damage|p1a: Starmie|4/100|[from] Sandstorm
|-heal|p1a: Starmie|10/100|[from] item: Leftovers
|upkeep
|
|t:|1734418374
|switch|p2a: Landorus|Landorus-Therian, M|100/100
|-ability|p2a: Landorus|Intimidate|boost
|-unboost|p1a: Starmie|atk|1
|turn|17
|
|t:|1734418389
|move|p2a: Landorus|U-turn|p1a: Starmie
|-supereffective|p1a: Starmie
|-damage|p1a: Starmie|0 fnt
|faint|p1a: Starmie
|
|t:|1734418404
|switch|p2a: Tyranitar|Tyranitar, F|100/100|[from] U-turn
|
|-weather|Sandstorm|[upkeep]
|upkeep
|
|t:|1734418419
|switch|p1a: Garchomp|Garchomp, F|100/100
|turn|18
|
|t:|1734418430
|switch|p2a: Keldeo|Keldeo|100/100
|move|p1a: Garchomp|Outrage|p2a: Keldeo
|-damage|p2a: Keldeo|25/100
|
|-weather|Sandstorm|[upkeep]
|-damage|p2a: Keldeo|19/100|[from] Sandstorm
|-heal|p2a: Keldeo|25/100|[from] item: Leftovers
|upkeep
|turn|19
|
|t:|1734418433
|move|p1a: Garchomp|Outrage|p2a: Keldeo|[from]lockedmove
|-damage|p2a: Keldeo|0 fnt
|faint|p2a: Keldeo
|
|-weather|Sandstorm|[upkeep]
|upkeep
|
|t:|1734418437
|switch|p2a: Landorus|Landorus-Therian, M|100/100
|-ability|p2a: Landorus|Intimidate|boost
|-unboost|p1a: Garchomp|atk|1
|turn|20
|
|t:|1734418439
|move|p1a: Garchomp|Outrage|p2a: Landorus|[from]lockedmove
|-damage|p2a: Landorus|67/100
|-start|p1a: Garchomp|confusion|[fatigue]
|move|p2a: Landorus|Hidden Power|p1a: Garchomp
|-supereffective|p1a: Garchomp
|-damage|p1a: Garchomp|22/100
|
|-weather|Sandstorm|[upkeep]
|upkeep
|turn|21
|
|t:|1734418443
|switch|p1a: Latios|Latios, M|72/100
|move|p2a: Landorus|Hidden Power|p1a: Latios
|-supereffective|p1a: Latios
|-damage|p1a: Latios|34/100
|
|-weather|Sandstorm|[upkeep]
|-damage|p1a: Latios|28/100|[from] Sandstorm
|upkeep
|turn|22
|
|t:|1734418452
|move|p1a: Latios|Draco Meteor|p2a: Landorus
|-damage|p2a: Landorus|0 fnt
|-unboost|p1a: Latios|spa|2
|faint|p2a: Landorus
|
|-weather|Sandstorm|[upkeep]
|-damage|p1a: Latios|22/100|[from] Sandstorm
|upkeep
|
|t:|1734418456
|switch|p2a: Tyranitar|Tyranitar, F|100/100
|turn|23
|
|t:|1734418459
|move|p1a: Latios|Draco Meteor|p2a: Tyranitar
|-damage|p2a: Tyranitar|82/100
|-unboost|p1a: Latios|spa|2
|move|p2a: Tyranitar|Stealth Rock|p1a: Latios
|-sidestart|p1: Esurient|move: Stealth Rock
|
|-weather|Sandstorm|[upkeep]
|-damage|p1a: Latios|16/100|[from] Sandstorm
|upkeep
|turn|24
|
|t:|1734418469
|switch|p2a: Celebi|Celebi|53/100
|move|p1a: Latios|Draco Meteor|p2a: Celebi
|-damage|p2a: Celebi|38/100
|-unboost|p1a: Latios|spa|2
|
|-weather|Sandstorm|[upkeep]
|-damage|p1a: Latios|10/100|[from] Sandstorm
|-damage|p2a: Celebi|31/100|[from] Sandstorm
|-heal|p2a: Celebi|38/100|[from] item: Leftovers
|upkeep
|turn|25
|
|t:|1734418474
|switch|p1a: Garchomp|Garchomp, F|22/100
|-damage|p1a: Garchomp|16/100|[from] Stealth Rock
|move|p2a: Celebi|Recover|p2a: Celebi
|-heal|p2a: Celebi|88/100
|
|-weather|Sandstorm|[upkeep]
|-damage|p2a: Celebi|81/100|[from] Sandstorm
|-heal|p2a: Celebi|88/100|[from] item: Leftovers
|upkeep
|turn|26
|
|t:|1734418482
|move|p1a: Garchomp|Outrage|p2a: Celebi
|-damage|p2a: Celebi|36/100
|move|p2a: Celebi|Recover|p2a: Celebi
|-heal|p2a: Celebi|86/100
|
|-weather|Sandstorm|[upkeep]
|-damage|p2a: Celebi|80/100|[from] Sandstorm
|-heal|p2a: Celebi|86/100|[from] item: Leftovers
|upkeep
|turn|27
|
|t:|1734418485
|move|p1a: Garchomp|Outrage|p2a: Celebi|[from]lockedmove
|-damage|p2a: Celebi|36/100
|-start|p1a: Garchomp|confusion|[fatigue]
|move|p2a: Celebi|Recover|p2a: Celebi
|-heal|p2a: Celebi|86/100
|
|-weather|Sandstorm|[upkeep]
|-damage|p2a: Celebi|79/100|[from] Sandstorm
|-heal|p2a: Celebi|86/100|[from] item: Leftovers
|upkeep
|turn|28
|
|t:|1734418489
|switch|p1a: Latios|Latios, M|10/100
|-damage|p1a: Latios|0 fnt|[from] Stealth Rock
|faint|p1a: Latios
|move|p2a: Celebi|Recover|p2a: Celebi
|-heal|p2a: Celebi|100/100
|
|-weather|Sandstorm|[upkeep]
|-damage|p2a: Celebi|94/100|[from] Sandstorm
|-heal|p2a: Celebi|100/100|[from] item: Leftovers
|upkeep
|
|t:|1734418491
|switch|p1a: Dragonite|Dragonite, M|100/100
|-damage|p1a: Dragonite|76/100|[from] Stealth Rock
|turn|29
|
|t:|1734418502
|move|p1a: Dragonite|Dragon Dance|p1a: Dragonite
|-boost|p1a: Dragonite|atk|1
|-boost|p1a: Dragonite|spe|1
|move|p2a: Celebi|Psychic|p1a: Dragonite
|-damage|p1a: Dragonite|43/100
|
|-weather|Sandstorm|[upkeep]
|-damage|p1a: Dragonite|37/100|[from] Sandstorm
|-damage|p2a: Celebi|94/100|[from] Sandstorm
|-heal|p2a: Celebi|100/100|[from] item: Leftovers
|upkeep
|turn|30
|
|t:|1734418506
|move|p1a: Dragonite|Outrage|p2a: Celebi
|-damage|p2a: Celebi|11/100
|move|p2a: Celebi|Psychic|p1a: Dragonite
|-damage|p1a: Dragonite|3/100
|
|-weather|Sandstorm|[upkeep]
|-damage|p1a: Dragonite|0 fnt|[from] Sandstorm
|-damage|p2a: Celebi|5/100|[from] Sandstorm
|faint|p1a: Dragonite
|-heal|p2a: Celebi|11/100|[from] item: Leftovers
|upkeep
|
|t:|1734418510
|switch|p1a: Garchomp|Garchomp, F|16/100
|-damage|p1a: Garchomp|10/100|[from] Stealth Rock
|turn|31
|
|t:|1734418512
|move|p1a: Garchomp|Earthquake|p2a: Celebi
|-resisted|p2a: Celebi
|-damage|p2a: Celebi|0 fnt
|faint|p2a: Celebi
|
|-weather|Sandstorm|[upkeep]
|upkeep
|
|t:|1734418513
|switch|p2a: Tyranitar|Tyranitar, F|82/100
|turn|32
|
|t:|1734418517
|move|p1a: Garchomp|Earthquake|p2a: Tyranitar
|-supereffective|p2a: Tyranitar
|-damage|p2a: Tyranitar|6/100
|move|p2a: Tyranitar|Crunch|p1a: Garchomp
|-damage|p1a: Garchomp|0 fnt
|-damage|p2a: Tyranitar|0 fnt|[from] ability: Rough Skin|[of] p1a: Garchomp
|faint|p2a: Tyranitar
|faint|p1a: Garchomp
|
|win|Esurient
|raw|Esurient's rating: 1360 &rarr; <strong>1387</strong><br />(+27 for winning)
|raw|Flukas Glazy's rating: 1493 &rarr; <strong>1466</strong><br />(-27 for losing)
|c|☆Esurient|gg
