|j|☆Croaset
|j|☆MightyLemm
|t:|1706926705
|gametype|singles
|player|p1|Croaset|elesa|1439
|player|p2|MightyLemm|dawn|1345
|teamsize|p1|6
|teamsize|p2|6
|gen|5
|tier|[Gen 5] OU
|rated|
|rule|Species Clause: Limit one of each Pokémon
|rule|OHKO Clause: OHKO moves are banned
|rule|Moody Clause: Moody is banned
|rule|Evasion Items Clause: Evasion items are banned
|rule|Evasion Moves Clause: Evasion moves are banned
|rule|Endless Battle Clause: Forcing endless battles is banned
|rule|HP Percentage Mod: HP is shown in percentages
|rule|Evasion Abilities Clause: Evasion abilities are banned
|rule|Sleep Moves Clause: Sleep-inducing moves are banned
|rule|Swagger Clause: Swagger is banned
|rule|Baton Pass Stat Clause: No Baton Passer may have a way to boost its stats
|clearpoke
|poke|p1|Politoed, F|item
|poke|p1|Tentacruel, F|item
|poke|p1|Ferrothorn, M|item
|poke|p1|Virizion|item
|poke|p1|Thundurus-Therian, M|item
|poke|p1|Toxicroak, M|item
|poke|p2|Latios, M|item
|poke|p2|Politoed, M|item
|poke|p2|Vaporeon, M|item
|poke|p2|Ferrothorn, F|item
|poke|p2|Jirachi|item
|poke|p2|Keldeo|item
|teampreview
|inactive|Battle timer is ON: inactive players will automatically lose when time's up. (requested by MightyLemm)
|
|t:|1706926715
|start
|switch|p1a: Politoed|Politoed, F, shiny|100/100
|switch|p2a: Ferrothorn|Ferrothorn, F|100/100
|-weather|RainDance|[from] ability: Drizzle|[of] p1a: Politoed
|turn|1
|
|t:|1706926722
|switch|p1a: Thundurus|Thundurus-Therian, M|100/100
|move|p2a: Ferrothorn|Gyro Ball|p1a: Thundurus
|-resisted|p1a: Thundurus
|-damage|p1a: Thundurus|19/100
|
|-weather|RainDance|[upkeep]
|-heal|p1a: Thundurus|25/100|[from] item: Leftovers
|upkeep
|turn|2
|
|t:|1706926730
|switch|p1a: Virizion|Virizion|100/100
|move|p2a: Ferrothorn|Gyro Ball|p1a: Virizion
|-damage|p1a: Virizion|0 fnt
|faint|p1a: Virizion
|
|-weather|RainDance|[upkeep]
|upkeep
|c|☆MightyLemm|ferrothorn is out for blood
|
|t:|1706926737
|switch|p1a: Ferrothorn|Ferrothorn, M, shiny|100/100
|turn|3
|
|t:|1706926743
|switch|p2a: Jirachi|Jirachi|100/100
|move|p1a: Ferrothorn|Knock Off|p2a: Jirachi
|-damage|p2a: Jirachi|96/100
|-enditem|p2a: Jirachi|Leftovers|[from] move: Knock Off|[of] p1a: Ferrothorn
|
|-weather|RainDance|[upkeep]
|upkeep
|turn|4
|
|t:|1706926750
|switch|p1a: Politoed|Politoed, F, shiny|100/100
|move|p2a: Jirachi|Thunder|p1a: Politoed
|-supereffective|p1a: Politoed
|-damage|p1a: Politoed|30/100
|
|-weather|RainDance|[upkeep]
|-heal|p1a: Politoed|36/100|[from] item: Leftovers
|upkeep
|turn|5
|
|t:|1706926755
|switch|p1a: Ferrothorn|Ferrothorn, M, shiny|100/100
|move|p2a: Jirachi|Wish|p2a: Jirachi
|
|-weather|RainDance|[upkeep]
|upkeep
|turn|6
|
|t:|1706926759
|move|p2a: Jirachi|Water Pulse|p1a: Ferrothorn
|-resisted|p1a: Ferrothorn
|-damage|p1a: Ferrothorn|90/100
|-start|p1a: Ferrothorn|confusion
|-activate|p1a: Ferrothorn|confusion
|move|p1a: Ferrothorn|Stealth Rock|p2a: Jirachi
|-sidestart|p2: MightyLemm|move: Stealth Rock
|
|-weather|RainDance|[upkeep]
|-heal|p2a: Jirachi|100/100|[from] move: Wish|[wisher] Jirachi
|-heal|p1a: Ferrothorn|96/100|[from] item: Leftovers
|upkeep
|turn|7
|
|t:|1706926767
|switch|p1a: Toxicroak|Toxicroak, M|100/100
|move|p2a: Jirachi|Thunder|p1a: Toxicroak
|-damage|p1a: Toxicroak|66/100
|-status|p1a: Toxicroak|par
|
|-weather|RainDance|[upkeep]
|-heal|p1a: Toxicroak|79/100 par|[from] ability: Dry Skin
|-heal|p1a: Toxicroak|85/100 par|[from] item: Black Sludge
|upkeep
|turn|8
|
|t:|1706926773
|switch|p2a: Latios|Latios, M|100/100
|-damage|p2a: Latios|88/100|[from] Stealth Rock
|move|p1a: Toxicroak|Substitute|p1a: Toxicroak
|-start|p1a: Toxicroak|Substitute
|-damage|p1a: Toxicroak|60/100 par
|
|-weather|RainDance|[upkeep]
|-heal|p1a: Toxicroak|73/100 par|[from] ability: Dry Skin
|-heal|p1a: Toxicroak|79/100 par|[from] item: Black Sludge
|upkeep
|turn|9
|
|t:|1706926775
|move|p2a: Latios|Psyshock|p1a: Toxicroak
|-supereffective|p1a: Toxicroak
|-end|p1a: Toxicroak|Substitute
|move|p1a: Toxicroak|Toxic|p2a: Latios
|-status|p2a: Latios|tox
|
|-weather|RainDance|[upkeep]
|-heal|p1a: Toxicroak|91/100 par|[from] ability: Dry Skin
|-heal|p1a: Toxicroak|98/100 par|[from] item: Black Sludge
|-damage|p2a: Latios|82/100 tox|[from] psn
|upkeep
|turn|10
|
|t:|1706926780
|switch|p1a: Ferrothorn|Ferrothorn, M, shiny|96/100
|move|p2a: Latios|Psyshock|p1a: Ferrothorn
|-resisted|p1a: Ferrothorn
|-damage|p1a: Ferrothorn|82/100
|
|-weather|RainDance|[upkeep]
|-heal|p1a: Ferrothorn|89/100|[from] item: Leftovers
|-damage|p2a: Latios|70/100 tox|[from] psn
|upkeep
|turn|11
|
|t:|1706926787
|switch|p2a: Ferrothorn|Ferrothorn, F|100/100
|-damage|p2a: Ferrothorn|94/100|[from] Stealth Rock
|move|p1a: Ferrothorn|Gyro Ball|p2a: Ferrothorn
|-resisted|p2a: Ferrothorn
|-damage|p2a: Ferrothorn|93/100
|-damage|p1a: Ferrothorn|76/100|[from] ability: Iron Barbs|[of] p2a: Ferrothorn
|
|-weather|RainDance|[upkeep]
|-heal|p1a: Ferrothorn|82/100|[from] item: Leftovers
|upkeep
|turn|12
|
|t:|1706926790
|move|p1a: Ferrothorn|Knock Off|p2a: Ferrothorn
|-resisted|p2a: Ferrothorn
|-damage|p2a: Ferrothorn|91/100
|-damage|p1a: Ferrothorn|70/100|[from] ability: Iron Barbs|[of] p2a: Ferrothorn
|-enditem|p2a: Ferrothorn|Choice Band|[from] move: Knock Off|[of] p1a: Ferrothorn
|move|p2a: Ferrothorn|Stealth Rock|p1a: Ferrothorn
|-sidestart|p1: Croaset|move: Stealth Rock
|
|-weather|RainDance|[upkeep]
|-heal|p1a: Ferrothorn|76/100|[from] item: Leftovers
|upkeep
|turn|13
|
|t:|1706926797
|switch|p1a: Tentacruel|Tentacruel, F|100/100
|-damage|p1a: Tentacruel|88/100|[from] Stealth Rock
|move|p2a: Ferrothorn|Gyro Ball|p1a: Tentacruel
|-resisted|p1a: Tentacruel
|-crit|p1a: Tentacruel
|-damage|p1a: Tentacruel|22/100
|
|-weather|RainDance|[upkeep]
|-heal|p1a: Tentacruel|28/100|[from] ability: Rain Dish
|-heal|p1a: Tentacruel|34/100|[from] item: Black Sludge
|upkeep
|turn|14
|
|t:|1706926803
|move|p1a: Tentacruel|Rapid Spin|p2a: Ferrothorn
|-resisted|p2a: Ferrothorn
|-damage|p2a: Ferrothorn|90/100
|-damage|p1a: Tentacruel|22/100|[from] ability: Iron Barbs|[of] p2a: Ferrothorn
|-sideend|p1: Croaset|Stealth Rock|[from] move: Rapid Spin|[of] p1a: Tentacruel
|move|p2a: Ferrothorn|Gyro Ball|p1a: Tentacruel
|-resisted|p1a: Tentacruel
|-damage|p1a: Tentacruel|0 fnt
|faint|p1a: Tentacruel
|
|-weather|RainDance|[upkeep]
|upkeep
|
|t:|1706926806
|switch|p1a: Toxicroak|Toxicroak, M|98/100 par
|turn|15
|
|t:|1706926808
|move|p1a: Toxicroak|Substitute|p1a: Toxicroak
|-start|p1a: Toxicroak|Substitute
|-damage|p1a: Toxicroak|73/100 par
|move|p2a: Ferrothorn|Explosion|p1a: Toxicroak
|-end|p1a: Toxicroak|Substitute
|faint|p2a: Ferrothorn
|
|-weather|RainDance|[upkeep]
|-heal|p1a: Toxicroak|85/100 par|[from] ability: Dry Skin
|-heal|p1a: Toxicroak|91/100 par|[from] item: Black Sludge
|upkeep
|
|t:|1706926813
|switch|p2a: Keldeo|Keldeo|100/100
|-damage|p2a: Keldeo|94/100|[from] Stealth Rock
|turn|16
|
|t:|1706926817
|move|p2a: Keldeo|Secret Sword|p1a: Toxicroak
|-resisted|p1a: Toxicroak
|-damage|p1a: Toxicroak|45/100 par
|move|p1a: Toxicroak|Bulk Up|p1a: Toxicroak
|-boost|p1a: Toxicroak|atk|1
|-boost|p1a: Toxicroak|def|1
|
|-weather|RainDance|[upkeep]
|-heal|p1a: Toxicroak|58/100 par|[from] ability: Dry Skin
|-heal|p1a: Toxicroak|64/100 par|[from] item: Black Sludge
|upkeep
|turn|17
|
|t:|1706926822
|move|p2a: Keldeo|Secret Sword|p1a: Toxicroak
|-resisted|p1a: Toxicroak
|-damage|p1a: Toxicroak|37/100 par
|move|p1a: Toxicroak|Toxic|p2a: Keldeo
|-status|p2a: Keldeo|tox
|
|-weather|RainDance|[upkeep]
|-heal|p1a: Toxicroak|49/100 par|[from] ability: Dry Skin
|-heal|p1a: Toxicroak|56/100 par|[from] item: Black Sludge
|-damage|p2a: Keldeo|88/100 tox|[from] psn
|upkeep
|turn|18
|
|t:|1706926825
|move|p2a: Keldeo|Secret Sword|p1a: Toxicroak
|-resisted|p1a: Toxicroak
|-damage|p1a: Toxicroak|25/100 par
|cant|p1a: Toxicroak|par
|
|-weather|RainDance|[upkeep]
|-heal|p1a: Toxicroak|38/100 par|[from] ability: Dry Skin
|-heal|p1a: Toxicroak|44/100 par|[from] item: Black Sludge
|-damage|p2a: Keldeo|76/100 tox|[from] psn
|upkeep
|turn|19
|
|t:|1706926831
|move|p2a: Keldeo|Secret Sword|p1a: Toxicroak
|-resisted|p1a: Toxicroak
|-damage|p1a: Toxicroak|14/100 par
|cant|p1a: Toxicroak|par
|
|-weather|RainDance|[upkeep]
|-heal|p1a: Toxicroak|26/100 par|[from] ability: Dry Skin
|-heal|p1a: Toxicroak|33/100 par|[from] item: Black Sludge
|-damage|p2a: Keldeo|57/100 tox|[from] psn
|upkeep
|turn|20
|
|t:|1706926834
|move|p2a: Keldeo|Secret Sword|p1a: Toxicroak
|-resisted|p1a: Toxicroak
|-damage|p1a: Toxicroak|2/100 par
|move|p1a: Toxicroak|Drain Punch|p2a: Keldeo
|-damage|p2a: Keldeo|10/100 tox
|-heal|p1a: Toxicroak|23/100 par|[from] drain|[of] p2a: Keldeo
|
|-weather|RainDance|[upkeep]
|-heal|p1a: Toxicroak|36/100 par|[from] ability: Dry Skin
|-heal|p1a: Toxicroak|42/100 par|[from] item: Black Sludge
|-damage|p2a: Keldeo|0 fnt|[from] psn
|faint|p2a: Keldeo
|upkeep
|inactive|MightyLemm has 120 seconds left.
|
|t:|1706926875
|switch|p2a: Politoed|Politoed, M|100/100
|-damage|p2a: Politoed|88/100|[from] Stealth Rock
|turn|21
|
|t:|1706926879
|move|p2a: Politoed|Ice Beam|p1a: Toxicroak
|-damage|p1a: Toxicroak|3/100 par
|cant|p1a: Toxicroak|par
|
|-weather|RainDance|[upkeep]
|-heal|p1a: Toxicroak|16/100 par|[from] ability: Dry Skin
|-heal|p1a: Toxicroak|22/100 par|[from] item: Black Sludge
|upkeep
|turn|22
|
|t:|1706926891
|switch|p1a: Politoed|Politoed, F, shiny|36/100
|move|p2a: Politoed|Ice Beam|p1a: Politoed
|-resisted|p1a: Politoed
|-damage|p1a: Politoed|18/100
|
|-weather|RainDance|[upkeep]
|-heal|p1a: Politoed|24/100|[from] item: Leftovers
|upkeep
|turn|23
|j| tyrash
|
|t:|1706926897
|move|p1a: Politoed|Toxic|p2a: Politoed
|-status|p2a: Politoed|tox
|move|p2a: Politoed|Ice Beam|p1a: Politoed
|-resisted|p1a: Politoed
|-damage|p1a: Politoed|6/100
|
|-weather|RainDance|[upkeep]
|-heal|p1a: Politoed|12/100|[from] item: Leftovers
|-damage|p2a: Politoed|82/100 tox|[from] psn
|upkeep
|turn|24
|
|t:|1706926899
|move|p1a: Politoed|Protect|p1a: Politoed
|-singleturn|p1a: Politoed|Protect
|move|p2a: Politoed|Ice Beam|p1a: Politoed
|-activate|p1a: Politoed|move: Protect
|
|-weather|RainDance|[upkeep]
|-heal|p1a: Politoed|18/100|[from] item: Leftovers
|-damage|p2a: Politoed|70/100 tox|[from] psn
|upkeep
|turn|25
|
|t:|1706926906
|move|p1a: Politoed|Protect|p1a: Politoed
|-singleturn|p1a: Politoed|Protect
|move|p2a: Politoed|Ice Beam|p1a: Politoed
|-activate|p1a: Politoed|move: Protect
|
|-weather|RainDance|[upkeep]
|-heal|p1a: Politoed|24/100|[from] item: Leftovers
|-damage|p2a: Politoed|52/100 tox|[from] psn
|upkeep
|turn|26
|
|t:|1706926908
|move|p2a: Politoed|Ice Beam|p1a: Politoed
|-resisted|p1a: Politoed
|-damage|p1a: Politoed|6/100
|move|p1a: Politoed|Scald|p2a: Politoed
|-resisted|p2a: Politoed
|-damage|p2a: Politoed|34/100 tox
|
|-weather|RainDance|[upkeep]
|-heal|p1a: Politoed|12/100|[from] item: Leftovers
|-damage|p2a: Politoed|10/100 tox|[from] psn
|upkeep
|turn|27
|c|☆MightyLemm|based
|
|t:|1706926913
|move|p1a: Politoed|Protect|p1a: Politoed
|-singleturn|p1a: Politoed|Protect
|move|p2a: Politoed|Ice Beam|p1a: Politoed
|-activate|p1a: Politoed|move: Protect
|
|-weather|RainDance|[upkeep]
|-heal|p1a: Politoed|18/100|[from] item: Leftovers
|-damage|p2a: Politoed|0 fnt|[from] psn
|faint|p2a: Politoed
|upkeep
|
|t:|1706926922
|switch|p2a: Jirachi|Jirachi|100/100
|-damage|p2a: Jirachi|94/100|[from] Stealth Rock
|turn|28
|
|t:|1706926927
|move|p2a: Jirachi|Calm Mind|p2a: Jirachi
|-boost|p2a: Jirachi|spa|1
|-boost|p2a: Jirachi|spd|1
|move|p1a: Politoed|Scald|p2a: Jirachi
|-damage|p2a: Jirachi|75/100
|
|-weather|RainDance|[upkeep]
|-heal|p1a: Politoed|25/100|[from] item: Leftovers
|upkeep
|turn|29
|
|t:|1706926932
|move|p2a: Jirachi|Wish|p2a: Jirachi
|move|p1a: Politoed|Perish Song|p1a: Politoed
|-start|p1a: Politoed|perish3|[silent]
|-start|p2a: Jirachi|perish3|[silent]
|-fieldactivate|move: Perish Song
|
|-weather|RainDance|[upkeep]
|-heal|p1a: Politoed|31/100|[from] item: Leftovers
|-start|p2a: Jirachi|perish3
|-start|p1a: Politoed|perish3
|upkeep
|turn|30
|
|t:|1706926941
|switch|p2a: Latios|Latios, M|70/100 tox
|-damage|p2a: Latios|58/100 tox|[from] Stealth Rock
|switch|p1a: Ferrothorn|Ferrothorn, M, shiny|76/100
|
|-weather|RainDance|[upkeep]
|-heal|p2a: Latios|100/100 tox|[from] move: Wish|[wisher] Jirachi
|-heal|p1a: Ferrothorn|82/100|[from] item: Leftovers
|-damage|p2a: Latios|95/100 tox|[from] psn
|upkeep
|turn|31
|
|t:|1706926957
|switch|p2a: Jirachi|Jirachi|75/100
|-damage|p2a: Jirachi|69/100|[from] Stealth Rock
|switch|p1a: Politoed|Politoed, F, shiny|31/100
|
|-weather|RainDance|[upkeep]
|-heal|p1a: Politoed|37/100|[from] item: Leftovers
|upkeep
|turn|32
|
|t:|1706926963
|move|p2a: Jirachi|Wish|p2a: Jirachi
|move|p1a: Politoed|Perish Song|p1a: Politoed
|-start|p1a: Politoed|perish3|[silent]
|-start|p2a: Jirachi|perish3|[silent]
|-fieldactivate|move: Perish Song
|
|-weather|RainDance|[upkeep]
|-heal|p1a: Politoed|43/100|[from] item: Leftovers
|-start|p2a: Jirachi|perish3
|-start|p1a: Politoed|perish3
|upkeep
|turn|33
|
|t:|1706926967
|move|p2a: Jirachi|Thunder|p1a: Politoed
|-supereffective|p1a: Politoed
|-damage|p1a: Politoed|0 fnt
|faint|p1a: Politoed
|
|-weather|RainDance|[upkeep]
|-heal|p2a: Jirachi|100/100|[from] move: Wish|[wisher] Jirachi
|-start|p2a: Jirachi|perish2
|upkeep
|
|t:|1706926970
|switch|p1a: Thundurus|Thundurus-Therian, M|25/100
|turn|34
|
|t:|1706926973
|move|p1a: Thundurus|Focus Blast|p2a: Jirachi|[miss]
|-miss|p1a: Thundurus|p2a: Jirachi
|move|p2a: Jirachi|Water Pulse|p1a: Thundurus
|-damage|p1a: Thundurus|0 fnt
|faint|p1a: Thundurus
|
|-weather|RainDance|[upkeep]
|-start|p2a: Jirachi|perish1
|upkeep
|
|t:|1706926981
|switch|p1a: Toxicroak|Toxicroak, M|22/100 par
|turn|35
|
|t:|1706926990
|switch|p2a: Latios|Latios, M|95/100 tox
|-damage|p2a: Latios|82/100 tox|[from] Stealth Rock
|move|p1a: Toxicroak|Drain Punch|p2a: Latios
|-resisted|p2a: Latios
|-damage|p2a: Latios|65/100 tox
|-heal|p1a: Toxicroak|29/100 par|[from] drain|[of] p2a: Latios
|
|-weather|RainDance|[upkeep]
|-heal|p1a: Toxicroak|42/100 par|[from] ability: Dry Skin
|-heal|p1a: Toxicroak|48/100 par|[from] item: Black Sludge
|-damage|p2a: Latios|59/100 tox|[from] psn
|upkeep
|turn|36
|
|t:|1706926997
|switch|p1a: Ferrothorn|Ferrothorn, M, shiny|82/100
|move|p2a: Latios|Psyshock|p1a: Ferrothorn
|-resisted|p1a: Ferrothorn
|-damage|p1a: Ferrothorn|68/100
|
|-weather|RainDance|[upkeep]
|-heal|p1a: Ferrothorn|75/100|[from] item: Leftovers
|-damage|p2a: Latios|47/100 tox|[from] psn
|upkeep
|turn|37
|
|t:|1706927006
|switch|p2a: Jirachi|Jirachi|100/100
|-damage|p2a: Jirachi|94/100|[from] Stealth Rock
|move|p1a: Ferrothorn|Thunder Wave|p2a: Jirachi
|-status|p2a: Jirachi|par
|
|-weather|RainDance|[upkeep]
|-heal|p1a: Ferrothorn|81/100|[from] item: Leftovers
|upkeep
|turn|38
|
|t:|1706927012
|switch|p1a: Toxicroak|Toxicroak, M|48/100 par
|move|p2a: Jirachi|Thunder|p1a: Toxicroak
|-damage|p1a: Toxicroak|17/100 par
|
|-weather|RainDance|[upkeep]
|-heal|p1a: Toxicroak|29/100 par|[from] ability: Dry Skin
|-heal|p1a: Toxicroak|36/100 par|[from] item: Black Sludge
|upkeep
|turn|39
|
|t:|1706927017
|cant|p2a: Jirachi|par
|cant|p1a: Toxicroak|par
|
|-weather|RainDance|[upkeep]
|-heal|p1a: Toxicroak|48/100 par|[from] ability: Dry Skin
|-heal|p1a: Toxicroak|54/100 par|[from] item: Black Sludge
|upkeep
|turn|40
|
|t:|1706927026
|move|p2a: Jirachi|Calm Mind|p2a: Jirachi
|-boost|p2a: Jirachi|spa|1
|-boost|p2a: Jirachi|spd|1
|move|p1a: Toxicroak|Drain Punch|p2a: Jirachi
|-crit|p2a: Jirachi
|-damage|p2a: Jirachi|39/100 par
|-heal|p1a: Toxicroak|80/100 par|[from] drain|[of] p2a: Jirachi
|
|-weather|RainDance|[upkeep]
|-heal|p1a: Toxicroak|92/100 par|[from] ability: Dry Skin
|-heal|p1a: Toxicroak|99/100 par|[from] item: Black Sludge
|upkeep
|turn|41
|c|☆MightyLemm|this is what it comes down to lol
|
|t:|1706927032
|cant|p2a: Jirachi|par
|move|p1a: Toxicroak|Bulk Up|p1a: Toxicroak
|-boost|p1a: Toxicroak|atk|1
|-boost|p1a: Toxicroak|def|1
|
|-weather|RainDance|[upkeep]
|-heal|p1a: Toxicroak|100/100 par|[from] ability: Dry Skin
|upkeep
|turn|42
|
|t:|1706927039
|cant|p2a: Jirachi|par
|move|p1a: Toxicroak|Bulk Up|p1a: Toxicroak
|-boost|p1a: Toxicroak|atk|1
|-boost|p1a: Toxicroak|def|1
|
|-weather|RainDance|[upkeep]
|upkeep
|turn|43
|
|t:|1706927041
|move|p2a: Jirachi|Thunder|p1a: Toxicroak
|-damage|p1a: Toxicroak|51/100 par
|move|p1a: Toxicroak|Drain Punch|p2a: Jirachi
|-damage|p2a: Jirachi|0 fnt
|-heal|p1a: Toxicroak|69/100 par|[from] drain|[of] p2a: Jirachi
|faint|p2a: Jirachi
|
|-weather|RainDance|[upkeep]
|-heal|p1a: Toxicroak|81/100 par|[from] ability: Dry Skin
|-heal|p1a: Toxicroak|87/100 par|[from] item: Black Sludge
|upkeep
|c|☆MightyLemm|rip lol
|
|t:|1706927049
|switch|p2a: Latios|Latios, M|47/100 tox
|-damage|p2a: Latios|35/100 tox|[from] Stealth Rock
|turn|44
|
|t:|1706927053
|switch|p1a: Ferrothorn|Ferrothorn, M, shiny|81/100
|move|p2a: Latios|Thunder|p1a: Ferrothorn
|-resisted|p1a: Ferrothorn
|-damage|p1a: Ferrothorn|66/100
|
|-weather|RainDance|[upkeep]
|-heal|p1a: Ferrothorn|72/100|[from] item: Leftovers
|-damage|p2a: Latios|29/100 tox|[from] psn
|upkeep
|turn|45
|
|t:|1706927058
|move|p2a: Latios|Thunder|p1a: Ferrothorn
|-resisted|p1a: Ferrothorn
|-damage|p1a: Ferrothorn|57/100
|move|p1a: Ferrothorn|Knock Off|p2a: Latios
|-supereffective|p2a: Latios
|-damage|p2a: Latios|16/100 tox
|-enditem|p2a: Latios|Choice Scarf|[from] move: Knock Off|[of] p1a: Ferrothorn
|
|-weather|RainDance|[upkeep]
|-heal|p1a: Ferrothorn|63/100|[from] item: Leftovers
|-damage|p2a: Latios|4/100 tox|[from] psn
|upkeep
|turn|46
|
|t:|1706927064
|move|p2a: Latios|Draco Meteor|p1a: Ferrothorn
|-resisted|p1a: Ferrothorn
|-damage|p1a: Ferrothorn|37/100
|-unboost|p2a: Latios|spa|2
|move|p1a: Ferrothorn|Gyro Ball|p2a: Latios
|-damage|p2a: Latios|0 fnt
|faint|p2a: Latios
|
|-weather|RainDance|[upkeep]
|-heal|p1a: Ferrothorn|43/100|[from] item: Leftovers
|upkeep
|
|t:|1706927066
|switch|p2a: Vaporeon|Vaporeon, M|100/100
|-damage|p2a: Vaporeon|88/100|[from] Stealth Rock
|turn|47
|
|t:|1706927069
|move|p2a: Vaporeon|Acid Armor|p2a: Vaporeon
|-boost|p2a: Vaporeon|def|2
|move|p1a: Ferrothorn|Knock Off|p2a: Vaporeon
|-damage|p2a: Vaporeon|86/100
|-enditem|p2a: Vaporeon|Leftovers|[from] move: Knock Off|[of] p1a: Ferrothorn
|
|-weather|RainDance|[upkeep]
|-heal|p1a: Ferrothorn|50/100|[from] item: Leftovers
|upkeep
|turn|48
|
|t:|1706927076
|switch|p1a: Toxicroak|Toxicroak, M|87/100 par
|move|p2a: Vaporeon|Scald|p1a: Toxicroak
|-heal|p1a: Toxicroak|100/100 par|[from] ability: Dry Skin|[of] p2a: Vaporeon
|
|-weather|RainDance|[upkeep]
|upkeep
|turn|49
|
|t:|1706927078
|move|p2a: Vaporeon|Acid Armor|p2a: Vaporeon
|-boost|p2a: Vaporeon|def|2
|cant|p1a: Toxicroak|par
|
|-weather|RainDance|[upkeep]
|upkeep
|turn|50
|
|t:|1706927080
|move|p2a: Vaporeon|Acid Armor|p2a: Vaporeon
|-boost|p2a: Vaporeon|def|2
|cant|p1a: Toxicroak|par
|
|-weather|RainDance|[upkeep]
|upkeep
|turn|51
|
|t:|1706927083
|move|p2a: Vaporeon|Scald|p1a: Toxicroak
|-immune|p1a: Toxicroak|[from] ability: Dry Skin
|cant|p1a: Toxicroak|par
|
|-weather|RainDance|[upkeep]
|upkeep
|turn|52
|
|t:|1706927086
|move|p2a: Vaporeon|Scald|p1a: Toxicroak
|-immune|p1a: Toxicroak|[from] ability: Dry Skin
|move|p1a: Toxicroak|Bulk Up|p1a: Toxicroak
|-boost|p1a: Toxicroak|atk|1
|-boost|p1a: Toxicroak|def|1
|
|-weather|RainDance|[upkeep]
|upkeep
|turn|53
|
|t:|1706927087
|move|p2a: Vaporeon|Scald|p1a: Toxicroak
|-immune|p1a: Toxicroak|[from] ability: Dry Skin
|move|p1a: Toxicroak|Bulk Up|p1a: Toxicroak
|-boost|p1a: Toxicroak|atk|1
|-boost|p1a: Toxicroak|def|1
|
|-weather|RainDance|[upkeep]
|upkeep
|turn|54
|
|t:|1706927089
|move|p2a: Vaporeon|Scald|p1a: Toxicroak
|-immune|p1a: Toxicroak|[from] ability: Dry Skin
|cant|p1a: Toxicroak|par
|
|-weather|RainDance|[upkeep]
|upkeep
|turn|55
|
|t:|1706927091
|move|p2a: Vaporeon|Scald|p1a: Toxicroak
|-immune|p1a: Toxicroak|[from] ability: Dry Skin
|cant|p1a: Toxicroak|par
|
|-weather|RainDance|[upkeep]
|upkeep
|turn|56
|
|t:|1706927093
|move|p2a: Vaporeon|Rest|p2a: Vaporeon
|-status|p2a: Vaporeon|slp|[from] move: Rest
|-heal|p2a: Vaporeon|100/100 slp|[silent]
|move|p1a: Toxicroak|Bulk Up|p1a: Toxicroak
|-boost|p1a: Toxicroak|atk|1
|-boost|p1a: Toxicroak|def|1
|
|-weather|RainDance|[upkeep]
|-activate|p2a: Vaporeon|ability: Hydration
|-curestatus|p2a: Vaporeon|slp|[msg]
|upkeep
|turn|57
|
|t:|1706927096
|move|p2a: Vaporeon|Acid Armor|p2a: Vaporeon
|-boost|p2a: Vaporeon|def|0
|move|p1a: Toxicroak|Bulk Up|p1a: Toxicroak
|-boost|p1a: Toxicroak|atk|1
|-boost|p1a: Toxicroak|def|1
|
|-weather|RainDance|[upkeep]
|upkeep
|turn|58
|c|☆Croaset|oh
|c|☆Croaset|gg
|
|t:|1706927104
|move|p2a: Vaporeon|Acid Armor|p2a: Vaporeon
|-boost|p2a: Vaporeon|def|0
|cant|p1a: Toxicroak|par
|
|-weather|RainDance|[upkeep]
|upkeep
|turn|59
|c|☆MightyLemm|37 chances to crit
|c|☆Croaset|i will pp stall if i must
|c|☆MightyLemm|I think you win anyway because I can't really pp stall you if you're para'd lol
|
|t:|1706927117
|move|p2a: Vaporeon|Acid Armor|p2a: Vaporeon
|-boost|p2a: Vaporeon|def|0
|move|p1a: Toxicroak|Bulk Up|p1a: Toxicroak
|-boost|p1a: Toxicroak|atk|1
|-boost|p1a: Toxicroak|def|1
|
|-weather|RainDance|[upkeep]
|upkeep
|turn|60
|c|☆MightyLemm|but we'll see
|c|☆MightyLemm|I think with 4x you probably just organically kill anyway
|
|t:|1706927130
|move|p2a: Vaporeon|Acid Armor|p2a: Vaporeon
|-boost|p2a: Vaporeon|def|0
|cant|p1a: Toxicroak|par
|
|-weather|RainDance|[upkeep]
|upkeep
|turn|61
|c|☆Croaset|i mean acid armor has a lot
|
|t:|1706927136
|move|p2a: Vaporeon|Acid Armor|p2a: Vaporeon
|-boost|p2a: Vaporeon|def|0
|cant|p1a: Toxicroak|par
|
|-weather|RainDance|[upkeep]
|upkeep
|turn|62
|
|t:|1706927138
|move|p2a: Vaporeon|Acid Armor|p2a: Vaporeon
|-boost|p2a: Vaporeon|def|0
|move|p1a: Toxicroak|Bulk Up|p1a: Toxicroak
|-boost|p1a: Toxicroak|atk|1
|-boost|p1a: Toxicroak|def|1
|
|-weather|RainDance|[upkeep]
|upkeep
|turn|63
|
|t:|1706927143
|move|p2a: Vaporeon|Acid Armor|p2a: Vaporeon
|-boost|p2a: Vaporeon|def|0
|move|p1a: Toxicroak|Drain Punch|p2a: Vaporeon
|-damage|p2a: Vaporeon|79/100
|
|-weather|RainDance|[upkeep]
|upkeep
|turn|64
|
|t:|1706927150
|move|p2a: Vaporeon|Acid Armor|p2a: Vaporeon
|-boost|p2a: Vaporeon|def|0
|move|p1a: Toxicroak|Drain Punch|p2a: Vaporeon
|-damage|p2a: Vaporeon|56/100
|
|-weather|RainDance|[upkeep]
|upkeep
|turn|65
|c|☆MightyLemm|wow that did way less than I expected tbh
|
|t:|1706927156
|move|p2a: Vaporeon|Acid Armor|p2a: Vaporeon
|-boost|p2a: Vaporeon|def|0
|move|p1a: Toxicroak|Drain Punch|p2a: Vaporeon
|-damage|p2a: Vaporeon|33/100
|
|-weather|RainDance|[upkeep]
|upkeep
|turn|66
|c|☆Croaset|im max bulk
|
|t:|1706927164
|move|p2a: Vaporeon|Acid Armor|p2a: Vaporeon
|-boost|p2a: Vaporeon|def|0
|move|p1a: Toxicroak|Drain Punch|p2a: Vaporeon
|-damage|p2a: Vaporeon|11/100
|
|-weather|RainDance|[upkeep]
|upkeep
|turn|67
|c|☆MightyLemm|just realized
|
|t:|1706927170
|move|p2a: Vaporeon|Rest|p2a: Vaporeon
|-status|p2a: Vaporeon|slp|[from] move: Rest
|-heal|p2a: Vaporeon|100/100 slp|[silent]
|cant|p1a: Toxicroak|par
|
|-weather|RainDance|[upkeep]
|-activate|p2a: Vaporeon|ability: Hydration
|-curestatus|p2a: Vaporeon|slp|[msg]
|upkeep
|turn|68
|l| tyrash
|c|☆MightyLemm|bulk up isn't an attacking move lmao
|c|☆MightyLemm|you only have 8 chances to crit damn
|
|t:|1706927179
|move|p2a: Vaporeon|Acid Armor|p2a: Vaporeon
|-boost|p2a: Vaporeon|def|0
|cant|p1a: Toxicroak|par
|
|-weather|RainDance|[upkeep]
|upkeep
|turn|69
|c|☆Croaset|no like my evs
|c|☆MightyLemm|ah
|c|☆Croaset|are max spdef and hp
|c|☆MightyLemm|yeah lol
|c|☆MightyLemm|that explains why you took those thunders so easily damn
|inactive|Croaset has 120 seconds left.
|c|☆Croaset|i will say
|c|☆MightyLemm|assuming you crit, it paid off
|
|t:|1706927211
|move|p2a: Vaporeon|Acid Armor|p2a: Vaporeon
|-boost|p2a: Vaporeon|def|0
|move|p1a: Toxicroak|Bulk Up|p1a: Toxicroak
|-boost|p1a: Toxicroak|atk|0
|-boost|p1a: Toxicroak|def|0
|
|-weather|RainDance|[upkeep]
|upkeep
|turn|70
|c|☆Croaset|the ferrothorn was unexpected
|inactive|Croaset has 120 seconds left.
|c|☆MightyLemm|yeah I love that ferro so much
|c|☆Croaset|choice band was crazy
|
|t:|1706927227
|move|p2a: Vaporeon|Acid Armor|p2a: Vaporeon
|-boost|p2a: Vaporeon|def|0
|move|p1a: Toxicroak|Drain Punch|p2a: Vaporeon
|-damage|p2a: Vaporeon|79/100
|
|-weather|RainDance|[upkeep]
|upkeep
|turn|71
|
|t:|1706927231
|move|p2a: Vaporeon|Rest|p2a: Vaporeon
|-status|p2a: Vaporeon|slp|[from] move: Rest
|-heal|p2a: Vaporeon|100/100 slp|[silent]
|move|p1a: Toxicroak|Drain Punch|p2a: Vaporeon
|-damage|p2a: Vaporeon|77/100 slp
|
|-weather|RainDance|[upkeep]
|-activate|p2a: Vaporeon|ability: Hydration
|-curestatus|p2a: Vaporeon|slp|[msg]
|upkeep
|turn|72
|
|t:|1706927234
|move|p2a: Vaporeon|Acid Armor|p2a: Vaporeon
|-boost|p2a: Vaporeon|def|0
|move|p1a: Toxicroak|Drain Punch|p2a: Vaporeon
|-damage|p2a: Vaporeon|55/100
|
|-weather|RainDance|[upkeep]
|upkeep
|turn|73
|
|t:|1706927238
|move|p2a: Vaporeon|Rest|p2a: Vaporeon
|-status|p2a: Vaporeon|slp|[from] move: Rest
|-heal|p2a: Vaporeon|100/100 slp|[silent]
|move|p1a: Toxicroak|Drain Punch|p2a: Vaporeon
|-damage|p2a: Vaporeon|77/100 slp
|
|-weather|RainDance|[upkeep]
|-activate|p2a: Vaporeon|ability: Hydration
|-curestatus|p2a: Vaporeon|slp|[msg]
|upkeep
|turn|74
|c|☆MightyLemm|4 more chances to crit
|
|t:|1706927246
|switch|p1a: Ferrothorn|Ferrothorn, M, shiny|50/100
|move|p2a: Vaporeon|Rest|p2a: Vaporeon
|-status|p2a: Vaporeon|slp|[from] move: Rest
|-heal|p2a: Vaporeon|100/100 slp|[silent]
|
|-weather|RainDance|[upkeep]
|-activate|p2a: Vaporeon|ability: Hydration
|-curestatus|p2a: Vaporeon|slp|[msg]
|-heal|p1a: Ferrothorn|56/100|[from] item: Leftovers
|upkeep
|turn|75
|c|☆MightyLemm|ahhhhhh
|
|t:|1706927250
|switch|p1a: Toxicroak|Toxicroak, M|100/100 par
|move|p2a: Vaporeon|Scald|p1a: Toxicroak
|-immune|p1a: Toxicroak|[from] ability: Dry Skin
|
|-weather|RainDance|[upkeep]
|upkeep
|turn|76
|c|☆MightyLemm|OH TRUE LOL
|c|☆MightyLemm|good call
|c|☆Croaset|i mean
|c|☆Croaset|i really cant do much else
|c|☆MightyLemm|yeah
|c|☆Croaset|except crit praying
|
|t:|1706927269
|move|p2a: Vaporeon|Scald|p1a: Toxicroak
|-immune|p1a: Toxicroak|[from] ability: Dry Skin
|move|p1a: Toxicroak|Bulk Up|p1a: Toxicroak
|-boost|p1a: Toxicroak|atk|1
|-boost|p1a: Toxicroak|def|1
|
|-weather|RainDance|[upkeep]
|upkeep
|turn|77
|
|t:|1706927273
|move|p2a: Vaporeon|Acid Armor|p2a: Vaporeon
|-boost|p2a: Vaporeon|def|0
|cant|p1a: Toxicroak|par
|
|-weather|RainDance|[upkeep]
|upkeep
|turn|78
|
|t:|1706927275
|move|p2a: Vaporeon|Acid Armor|p2a: Vaporeon
|-boost|p2a: Vaporeon|def|0
|move|p1a: Toxicroak|Bulk Up|p1a: Toxicroak
|-boost|p1a: Toxicroak|atk|1
|-boost|p1a: Toxicroak|def|1
|
|-weather|RainDance|[upkeep]
|upkeep
|turn|79
|c|☆Croaset|or praying for enough paralysis
|
|t:|1706927289
|move|p2a: Vaporeon|Acid Armor|p2a: Vaporeon
|-boost|p2a: Vaporeon|def|0
|move|p1a: Toxicroak|Bulk Up|p1a: Toxicroak
|-boost|p1a: Toxicroak|atk|1
|-boost|p1a: Toxicroak|def|1
|
|-weather|RainDance|[upkeep]
|upkeep
|turn|80
|c|☆Croaset|time to go for another 70 turns lmao
|
|t:|1706927300
|move|p2a: Vaporeon|Acid Armor|p2a: Vaporeon
|-boost|p2a: Vaporeon|def|0
|move|p1a: Toxicroak|Bulk Up|p1a: Toxicroak
|-boost|p1a: Toxicroak|atk|1
|-boost|p1a: Toxicroak|def|1
|
|-weather|RainDance|[upkeep]
|upkeep
|turn|81
|c|☆MightyLemm|looks like you don't have nearly enough pp
|
|t:|1706927304
|move|p2a: Vaporeon|Acid Armor|p2a: Vaporeon
|-boost|p2a: Vaporeon|def|0
|cant|p1a: Toxicroak|par
|
|-weather|RainDance|[upkeep]
|upkeep
|turn|82
|
|t:|1706927310
|move|p2a: Vaporeon|Acid Armor|p2a: Vaporeon
|-boost|p2a: Vaporeon|def|0
|move|p1a: Toxicroak|Bulk Up|p1a: Toxicroak
|-boost|p1a: Toxicroak|atk|1
|-boost|p1a: Toxicroak|def|1
|
|-weather|RainDance|[upkeep]
|upkeep
|turn|83
|c|☆MightyLemm|although between toxi and ferro
|c|☆MightyLemm|maybe there's something there
|
|t:|1706927317
|move|p2a: Vaporeon|Acid Armor|p2a: Vaporeon
|-boost|p2a: Vaporeon|def|0
|cant|p1a: Toxicroak|par
|
|-weather|RainDance|[upkeep]
|upkeep
|turn|84
|c|☆Croaset|switch stall time baby
|
|t:|1706927324
|move|p2a: Vaporeon|Acid Armor|p2a: Vaporeon
|-boost|p2a: Vaporeon|def|0
|move|p1a: Toxicroak|Bulk Up|p1a: Toxicroak
|-boost|p1a: Toxicroak|atk|1
|-boost|p1a: Toxicroak|def|1
|
|-weather|RainDance|[upkeep]
|upkeep
|turn|85
|
|t:|1706927328
|move|p2a: Vaporeon|Scald|p1a: Toxicroak
|-immune|p1a: Toxicroak|[from] ability: Dry Skin
|move|p1a: Toxicroak|Drain Punch|p2a: Vaporeon
|-damage|p2a: Vaporeon|77/100
|
|-weather|RainDance|[upkeep]
|upkeep
|turn|86
|
|t:|1706927331
|move|p2a: Vaporeon|Acid Armor|p2a: Vaporeon
|-boost|p2a: Vaporeon|def|0
|move|p1a: Toxicroak|Drain Punch|p2a: Vaporeon
|-damage|p2a: Vaporeon|54/100
|
|-weather|RainDance|[upkeep]
|upkeep
|turn|87
|
|t:|1706927333
|move|p2a: Vaporeon|Rest|p2a: Vaporeon
|-status|p2a: Vaporeon|slp|[from] move: Rest
|-heal|p2a: Vaporeon|100/100 slp|[silent]
|move|p1a: Toxicroak|Drain Punch|p2a: Vaporeon
|-damage|p2a: Vaporeon|78/100 slp
|
|-weather|RainDance|[upkeep]
|-activate|p2a: Vaporeon|ability: Hydration
|-curestatus|p2a: Vaporeon|slp|[msg]
|upkeep
|turn|88
|c|☆MightyLemm|that too yup
|
|t:|1706927338
|move|p2a: Vaporeon|Rest|p2a: Vaporeon
|-status|p2a: Vaporeon|slp|[from] move: Rest
|-heal|p2a: Vaporeon|100/100 slp|[silent]
|cant|p1a: Toxicroak|par
|
|-weather|RainDance|[upkeep]
|-activate|p2a: Vaporeon|ability: Hydration
|-curestatus|p2a: Vaporeon|slp|[msg]
|upkeep
|turn|89
|c|☆Croaset|please crit
|
|t:|1706927347
|move|p2a: Vaporeon|Scald|p1a: Toxicroak
|-immune|p1a: Toxicroak|[from] ability: Dry Skin
|move|p1a: Toxicroak|Drain Punch|p2a: Vaporeon
|-damage|p2a: Vaporeon|78/100
|
|-weather|RainDance|[upkeep]
|upkeep
|turn|90
|c|☆MightyLemm|RIP LOL
|c|☆Croaset|fun time
|
|t:|1706927363
|move|p2a: Vaporeon|Scald|p1a: Toxicroak
|-immune|p1a: Toxicroak|[from] ability: Dry Skin
|move|p1a: Toxicroak|Toxic|p2a: Vaporeon
|-status|p2a: Vaporeon|tox
|
|-weather|RainDance|[upkeep]
|-activate|p2a: Vaporeon|ability: Hydration
|-curestatus|p2a: Vaporeon|tox|[msg]
|upkeep
|turn|91
|
|t:|1706927368
|move|p2a: Vaporeon|Acid Armor|p2a: Vaporeon
|-boost|p2a: Vaporeon|def|0
|cant|p1a: Toxicroak|par
|
|-weather|RainDance|[upkeep]
|upkeep
|turn|92
|c|☆Croaset|if only i had virizion lol
|
|t:|1706927380
|switch|p1a: Ferrothorn|Ferrothorn, M, shiny|56/100
|move|p2a: Vaporeon|Acid Armor|p2a: Vaporeon
|-boost|p2a: Vaporeon|def|0
|
|-weather|RainDance|[upkeep]
|-heal|p1a: Ferrothorn|62/100|[from] item: Leftovers
|upkeep
|turn|93
|c|☆MightyLemm|true
|
|t:|1706927383
|switch|p1a: Toxicroak|Toxicroak, M|100/100 par
|move|p2a: Vaporeon|Scald|p1a: Toxicroak
|-immune|p1a: Toxicroak|[from] ability: Dry Skin
|
|-weather|RainDance|[upkeep]
|upkeep
|turn|94
|
|t:|1706927386
|move|p2a: Vaporeon|Scald|p1a: Toxicroak
|-immune|p1a: Toxicroak|[from] ability: Dry Skin
|move|p1a: Toxicroak|Bulk Up|p1a: Toxicroak
|-boost|p1a: Toxicroak|atk|1
|-boost|p1a: Toxicroak|def|1
|
|-weather|RainDance|[upkeep]
|upkeep
|turn|95
|
|t:|1706927388
|move|p2a: Vaporeon|Acid Armor|p2a: Vaporeon
|-boost|p2a: Vaporeon|def|0
|cant|p1a: Toxicroak|par
|
|-weather|RainDance|[upkeep]
|upkeep
|turn|96
|
|t:|1706927391
|move|p2a: Vaporeon|Acid Armor|p2a: Vaporeon
|-boost|p2a: Vaporeon|def|0
|move|p1a: Toxicroak|Toxic|p2a: Vaporeon
|-status|p2a: Vaporeon|tox
|
|-weather|RainDance|[upkeep]
|-activate|p2a: Vaporeon|ability: Hydration
|-curestatus|p2a: Vaporeon|tox|[msg]
|upkeep
|turn|97
|
|t:|1706927393
|switch|p1a: Ferrothorn|Ferrothorn, M, shiny|62/100
|move|p2a: Vaporeon|Acid Armor|p2a: Vaporeon
|-boost|p2a: Vaporeon|def|0
|
|-weather|RainDance|[upkeep]
|-heal|p1a: Ferrothorn|68/100|[from] item: Leftovers
|upkeep
|turn|98
|
|t:|1706927394
|switch|p1a: Toxicroak|Toxicroak, M|100/100 par
|move|p2a: Vaporeon|Acid Armor|p2a: Vaporeon
|-boost|p2a: Vaporeon|def|0
|
|-weather|RainDance|[upkeep]
|upkeep
|turn|99
|
|t:|1706927418
|move|p2a: Vaporeon|Acid Armor|p2a: Vaporeon
|-boost|p2a: Vaporeon|def|0
|move|p1a: Toxicroak|Bulk Up|p1a: Toxicroak
|-boost|p1a: Toxicroak|atk|1
|-boost|p1a: Toxicroak|def|1
|
|-weather|RainDance|[upkeep]
|upkeep
|turn|100
|c|☆MightyLemm|I run a different set that's HP fire on my ferro
|c|☆MightyLemm|to deal with enemy ferros
|c|☆MightyLemm|and I really should be using that again
|c|☆Croaset|massive brain
|c|☆MightyLemm|he's such a pain
|
|t:|1706927429
|switch|p1a: Ferrothorn|Ferrothorn, M, shiny|68/100
|move|p2a: Vaporeon|Acid Armor|p2a: Vaporeon
|-boost|p2a: Vaporeon|def|0
|
|-weather|RainDance|[upkeep]
|-heal|p1a: Ferrothorn|75/100|[from] item: Leftovers
|upkeep
|turn|101
|
|t:|1706927433
|switch|p1a: Toxicroak|Toxicroak, M|100/100 par
|move|p2a: Vaporeon|Acid Armor|p2a: Vaporeon
|-boost|p2a: Vaporeon|def|0
|
|-weather|RainDance|[upkeep]
|upkeep
|turn|102
|c|☆Croaset|the only thing i need to do
|c|☆MightyLemm|if I go full SPA investment and lifeorb
|c|☆Croaset|is stall out scald pp
|c|☆MightyLemm|it's like 2hko
|c|☆MightyLemm|yup
|c|☆MightyLemm|true
|c|☆Croaset|then switchi
|
|t:|1706927453
|move|p2a: Vaporeon|Acid Armor|p2a: Vaporeon
|-boost|p2a: Vaporeon|def|0
|move|p1a: Toxicroak|Bulk Up|p1a: Toxicroak
|-boost|p1a: Toxicroak|atk|1
|-boost|p1a: Toxicroak|def|1
|
|-weather|RainDance|[upkeep]
|upkeep
|turn|103
|inactive|Croaset has 120 seconds left.
|c|☆Croaset|or pray for no burns if i get hit
|
|t:|1706927467
|move|p2a: Vaporeon|Acid Armor|p2a: Vaporeon
|-boost|p2a: Vaporeon|def|0
|move|p1a: Toxicroak|Bulk Up|p1a: Toxicroak
|-boost|p1a: Toxicroak|atk|1
|-boost|p1a: Toxicroak|def|1
|
|-weather|RainDance|[upkeep]
|upkeep
|turn|104
|
|t:|1706927470
|move|p2a: Vaporeon|Acid Armor|p2a: Vaporeon
|-boost|p2a: Vaporeon|def|0
|move|p1a: Toxicroak|Bulk Up|p1a: Toxicroak
|-boost|p1a: Toxicroak|atk|1
|-boost|p1a: Toxicroak|def|1
|
|-weather|RainDance|[upkeep]
|upkeep
|turn|105
|c|☆MightyLemm|imagine if my 4th move was like, HP psychic rn
|c|☆Croaset|lmao true
|inactive|Croaset has 120 seconds left.
|c|☆Croaset|its toxic tho rightr?
|c|☆MightyLemm|yeah
|
|t:|1706927490
|switch|p1a: Ferrothorn|Ferrothorn, M, shiny|75/100
|move|p2a: Vaporeon|Acid Armor|p2a: Vaporeon
|-boost|p2a: Vaporeon|def|0
|
|-weather|RainDance|[upkeep]
|-heal|p1a: Ferrothorn|81/100|[from] item: Leftovers
|upkeep
|turn|106
|
|t:|1706927494
|switch|p1a: Toxicroak|Toxicroak, M|100/100 par
|move|p2a: Vaporeon|Acid Armor|p2a: Vaporeon
|-boost|p2a: Vaporeon|def|0
|
|-weather|RainDance|[upkeep]
|upkeep
|turn|107
|
|t:|1706927498
|switch|p1a: Ferrothorn|Ferrothorn, M, shiny|81/100
|move|p2a: Vaporeon|Acid Armor|p2a: Vaporeon
|-boost|p2a: Vaporeon|def|0
|
|-weather|RainDance|[upkeep]
|-heal|p1a: Ferrothorn|87/100|[from] item: Leftovers
|upkeep
|turn|108
|
|t:|1706927500
|switch|p1a: Toxicroak|Toxicroak, M|100/100 par
|move|p2a: Vaporeon|Acid Armor|p2a: Vaporeon
|-boost|p2a: Vaporeon|def|0
|
|-weather|RainDance|[upkeep]
|upkeep
|turn|109
|c|☆MightyLemm|wish it could be stored power or something
|
|t:|1706927506
|move|p2a: Vaporeon|Scald|p1a: Toxicroak
|-immune|p1a: Toxicroak|[from] ability: Dry Skin
|move|p1a: Toxicroak|Bulk Up|p1a: Toxicroak
|-boost|p1a: Toxicroak|atk|1
|-boost|p1a: Toxicroak|def|1
|
|-weather|RainDance|[upkeep]
|upkeep
|turn|110
|c|☆Croaset|yea
|
|t:|1706927516
|move|p2a: Vaporeon|Acid Armor|p2a: Vaporeon
|-boost|p2a: Vaporeon|def|0
|move|p1a: Toxicroak|Bulk Up|p1a: Toxicroak
|-boost|p1a: Toxicroak|atk|1
|-boost|p1a: Toxicroak|def|1
|
|-weather|RainDance|[upkeep]
|upkeep
|turn|111
|c|☆MightyLemm|honestly in general this vappy wishes it had 5 moves so bad lol
|
|t:|1706927523
|move|p2a: Vaporeon|Acid Armor|p2a: Vaporeon
|-boost|p2a: Vaporeon|def|0
|move|p1a: Toxicroak|Bulk Up|p1a: Toxicroak
|-boost|p1a: Toxicroak|atk|1
|-boost|p1a: Toxicroak|def|1
|
|-weather|RainDance|[upkeep]
|upkeep
|turn|112
|c|☆Croaset|lol
|
|t:|1706927536
|move|p2a: Vaporeon|Scald|p1a: Toxicroak
|-immune|p1a: Toxicroak|[from] ability: Dry Skin
|move|p1a: Toxicroak|Bulk Up|p1a: Toxicroak
|-boost|p1a: Toxicroak|atk|1
|-boost|p1a: Toxicroak|def|1
|
|-weather|RainDance|[upkeep]
|upkeep
|turn|113
|
|t:|1706927541
|switch|p1a: Ferrothorn|Ferrothorn, M, shiny|87/100
|move|p2a: Vaporeon|Acid Armor|p2a: Vaporeon
|-boost|p2a: Vaporeon|def|0
|
|-weather|RainDance|[upkeep]
|-heal|p1a: Ferrothorn|93/100|[from] item: Leftovers
|upkeep
|turn|114
|
|t:|1706927543
|switch|p1a: Toxicroak|Toxicroak, M|100/100 par
|move|p2a: Vaporeon|Acid Armor|p2a: Vaporeon
|-boost|p2a: Vaporeon|def|0
|
|-weather|RainDance|[upkeep]
|upkeep
|turn|115
|
|t:|1706927547
|move|p2a: Vaporeon|Acid Armor|p2a: Vaporeon
|-boost|p2a: Vaporeon|def|0
|move|p1a: Toxicroak|Bulk Up|p1a: Toxicroak
|-boost|p1a: Toxicroak|atk|1
|-boost|p1a: Toxicroak|def|1
|
|-weather|RainDance|[upkeep]
|upkeep
|turn|116
|
|t:|1706927553
|move|p2a: Vaporeon|Acid Armor|p2a: Vaporeon
|-boost|p2a: Vaporeon|def|0
|move|p1a: Toxicroak|Toxic|p2a: Vaporeon
|-status|p2a: Vaporeon|tox
|
|-weather|RainDance|[upkeep]
|-activate|p2a: Vaporeon|ability: Hydration
|-curestatus|p2a: Vaporeon|tox|[msg]
|upkeep
|turn|117
|c|☆Croaset|bro im praying for the paralysis proc rn lmao
|
|t:|1706927571
|move|p2a: Vaporeon|Scald|p1a: Toxicroak
|-immune|p1a: Toxicroak|[from] ability: Dry Skin
|move|p1a: Toxicroak|Toxic|p2a: Vaporeon
|-status|p2a: Vaporeon|tox
|
|-weather|RainDance|[upkeep]
|-activate|p2a: Vaporeon|ability: Hydration
|-curestatus|p2a: Vaporeon|tox|[msg]
|upkeep
|turn|118
|j| Elden Lord Monaka
|c|☆MightyLemm|yeah lol
|c|☆MightyLemm|what's it, like 25% this gen?
|
|t:|1706927578
|move|p2a: Vaporeon|Acid Armor|p2a: Vaporeon
|-boost|p2a: Vaporeon|def|0
|move|p1a: Toxicroak|Toxic|p2a: Vaporeon
|-status|p2a: Vaporeon|tox
|
|-weather|RainDance|[upkeep]
|-activate|p2a: Vaporeon|ability: Hydration
|-curestatus|p2a: Vaporeon|tox|[msg]
|upkeep
|turn|119
|c|☆Croaset|i think so
|c|☆Croaset|25 or 20
|c|☆MightyLemm|I think I'm done for tbh
|
|t:|1706927590
|move|p2a: Vaporeon|Acid Armor|p2a: Vaporeon
|-boost|p2a: Vaporeon|def|0
|move|p1a: Toxicroak|Substitute|p1a: Toxicroak
|-start|p1a: Toxicroak|Substitute
|-damage|p1a: Toxicroak|76/100 par
|
|-weather|RainDance|[upkeep]
|-heal|p1a: Toxicroak|88/100 par|[from] ability: Dry Skin
|-heal|p1a: Toxicroak|94/100 par|[from] item: Black Sludge
|upkeep
|turn|120
|
|t:|1706927594
|move|p2a: Vaporeon|Acid Armor|p2a: Vaporeon
|-boost|p2a: Vaporeon|def|0
|move|p1a: Toxicroak|Substitute|p1a: Toxicroak
|-fail|p1a: Toxicroak|move: Substitute
|
|-weather|RainDance|[upkeep]
|-heal|p1a: Toxicroak|100/100 par|[from] ability: Dry Skin
|upkeep
|turn|121
|
|t:|1706927602
|move|p2a: Vaporeon|Rest|p2a: Vaporeon
|-status|p2a: Vaporeon|slp|[from] move: Rest
|-heal|p2a: Vaporeon|100/100 slp|[silent]
|move|p1a: Toxicroak|Substitute|p1a: Toxicroak
|-fail|p1a: Toxicroak|move: Substitute
|
|-weather|RainDance|[upkeep]
|-activate|p2a: Vaporeon|ability: Hydration
|-curestatus|p2a: Vaporeon|slp|[msg]
|upkeep
|turn|122
|
|t:|1706927607
|switch|p1a: Ferrothorn|Ferrothorn, M, shiny|93/100
|move|p2a: Vaporeon|Acid Armor|p2a: Vaporeon
|-boost|p2a: Vaporeon|def|0
|
|-weather|RainDance|[upkeep]
|-heal|p1a: Ferrothorn|99/100|[from] item: Leftovers
|upkeep
|turn|123
|c|☆MightyLemm|maybe I should not only use something other than toxic but also make it something with high pp
|
|t:|1706927616
|switch|p1a: Toxicroak|Toxicroak, M|100/100 par
|move|p2a: Vaporeon|Acid Armor|p2a: Vaporeon
|-boost|p2a: Vaporeon|def|0
|
|-weather|RainDance|[upkeep]
|upkeep
|turn|124
|c|☆Croaset|like what tho
|c|☆MightyLemm|this is like the second time I've got pp stalled by a para'd poke
|c|☆MightyLemm|yeah, it's tough to say
|c|☆Croaset|lol really?
|c|☆MightyLemm|yeah lol
|
|t:|1706927641
|move|p2a: Vaporeon|Acid Armor|p2a: Vaporeon
|-boost|p2a: Vaporeon|def|0
|cant|p1a: Toxicroak|par
|
|-weather|RainDance|[upkeep]
|upkeep
|turn|125
|
|t:|1706927644
|move|p2a: Vaporeon|Acid Armor|p2a: Vaporeon
|-boost|p2a: Vaporeon|def|0
|move|p1a: Toxicroak|Substitute|p1a: Toxicroak
|-start|p1a: Toxicroak|Substitute
|-damage|p1a: Toxicroak|76/100 par
|
|-weather|RainDance|[upkeep]
|-heal|p1a: Toxicroak|88/100 par|[from] ability: Dry Skin
|-heal|p1a: Toxicroak|94/100 par|[from] item: Black Sludge
|upkeep
|turn|126
|c|☆MightyLemm|might even literally
|c|☆MightyLemm|run hp psychic
|c|☆MightyLemm|to deal with specifically toxicroak
|c|☆Croaset|thats actually funny
|c|☆MightyLemm|depending on how the calcs look
|
|t:|1706927658
|move|p2a: Vaporeon|Acid Armor|p2a: Vaporeon
|-boost|p2a: Vaporeon|def|0
|move|p1a: Toxicroak|Toxic|p2a: Vaporeon
|-status|p2a: Vaporeon|tox
|
|-weather|RainDance|[upkeep]
|-heal|p1a: Toxicroak|100/100 par|[from] ability: Dry Skin
|-activate|p2a: Vaporeon|ability: Hydration
|-curestatus|p2a: Vaporeon|tox|[msg]
|upkeep
|turn|127
|c|☆MightyLemm|combined with my HP fire life orb ferro with max SPA, I won't have too many counters at that point
|c|☆Croaset|toxicroak is just so good against rain
|c|☆MightyLemm|yeah
|inactive|Croaset has 120 seconds left.
|
|t:|1706927678
|move|p2a: Vaporeon|Acid Armor|p2a: Vaporeon
|-boost|p2a: Vaporeon|def|0
|move|p1a: Toxicroak|Substitute|p1a: Toxicroak
|-fail|p1a: Toxicroak|move: Substitute
|
|-weather|RainDance|[upkeep]
|upkeep
|turn|128
|c|☆MightyLemm|he's WILD good
|
|t:|1706927680
|move|p2a: Vaporeon|Acid Armor|p2a: Vaporeon
|-boost|p2a: Vaporeon|def|0
|move|p1a: Toxicroak|Toxic|p2a: Vaporeon
|-status|p2a: Vaporeon|tox
|
|-weather|RainDance|[upkeep]
|-activate|p2a: Vaporeon|ability: Hydration
|-curestatus|p2a: Vaporeon|tox|[msg]
|upkeep
|turn|129
|c|☆MightyLemm|plus he threatens to sucker punch
|c|☆MightyLemm|has a lot of good sets
|inactive|Croaset has 120 seconds left.
|c|☆Croaset|similar with virizion and thundurus
|c|☆Croaset|but those are also good against sand
|c|☆MightyLemm|thunder this gen is so strong lol
|c|☆MightyLemm|actually nuts it has 30% para chance lol
|c|☆Croaset|yea
|inactive|Croaset has 90 seconds left.
|c|☆Croaset|plus serene grace jirachi is crazy
|
|t:|1706927723
|move|p2a: Vaporeon|Scald|p1a: Toxicroak
|-immune|p1a: Toxicroak|[from] ability: Dry Skin
|cant|p1a: Toxicroak|par
|
|-weather|RainDance|[upkeep]
|upkeep
|turn|130
|c|☆MightyLemm|mhm
|
|t:|1706927727
|move|p2a: Vaporeon|Acid Armor|p2a: Vaporeon
|-boost|p2a: Vaporeon|def|0
|move|p1a: Toxicroak|Toxic|p2a: Vaporeon
|-status|p2a: Vaporeon|tox
|
|-weather|RainDance|[upkeep]
|-activate|p2a: Vaporeon|ability: Hydration
|-curestatus|p2a: Vaporeon|tox|[msg]
|upkeep
|turn|131
|c|☆MightyLemm|7 more scalds, 30% each to burn lol
|
|t:|1706927735
|switch|p1a: Ferrothorn|Ferrothorn, M, shiny|99/100
|move|p2a: Vaporeon|Acid Armor|p2a: Vaporeon
|-boost|p2a: Vaporeon|def|0
|
|-weather|RainDance|[upkeep]
|-heal|p1a: Ferrothorn|100/100|[from] item: Leftovers
|upkeep
|turn|132
|
|t:|1706927737
|switch|p1a: Toxicroak|Toxicroak, M|100/100 par
|move|p2a: Vaporeon|Acid Armor|p2a: Vaporeon
|-boost|p2a: Vaporeon|def|0
|
|-weather|RainDance|[upkeep]
|upkeep
|turn|133
|c|☆Croaset|yea lol
|l| Elden Lord Monaka
|c|☆MightyLemm|my odds are slipping away
|c|☆MightyLemm|very quickly
|
|t:|1706927749
|move|p2a: Vaporeon|Acid Armor|p2a: Vaporeon
|-boost|p2a: Vaporeon|def|0
|cant|p1a: Toxicroak|par
|
|-weather|RainDance|[upkeep]
|upkeep
|turn|134
|
|t:|1706927755
|switch|p1a: Ferrothorn|Ferrothorn, M, shiny|100/100
|move|p2a: Vaporeon|Acid Armor|p2a: Vaporeon
|-boost|p2a: Vaporeon|def|0
|
|-weather|RainDance|[upkeep]
|upkeep
|turn|135
|
|t:|1706927758
|switch|p1a: Toxicroak|Toxicroak, M|100/100 par
|move|p2a: Vaporeon|Toxic||[still]
|-fail|p2a: Vaporeon
|
|-weather|RainDance|[upkeep]
|upkeep
|turn|136
|c|☆Croaset|almost there
|
|t:|1706927771
|move|p2a: Vaporeon|Toxic||[still]
|-fail|p2a: Vaporeon
|move|p1a: Toxicroak|Substitute|p1a: Toxicroak
|-start|p1a: Toxicroak|Substitute
|-damage|p1a: Toxicroak|76/100 par
|
|-weather|RainDance|[upkeep]
|-heal|p1a: Toxicroak|88/100 par|[from] ability: Dry Skin
|-heal|p1a: Toxicroak|94/100 par|[from] item: Black Sludge
|upkeep
|turn|137
|
|t:|1706927775
|move|p2a: Vaporeon|Toxic||[still]
|-fail|p2a: Vaporeon
|cant|p1a: Toxicroak|par
|
|-weather|RainDance|[upkeep]
|-heal|p1a: Toxicroak|100/100 par|[from] ability: Dry Skin
|upkeep
|turn|138
|
|t:|1706927777
|switch|p1a: Ferrothorn|Ferrothorn, M, shiny|100/100
|move|p2a: Vaporeon|Toxic|p1a: Ferrothorn
|-immune|p1a: Ferrothorn
|
|-weather|RainDance|[upkeep]
|upkeep
|turn|139
|
|t:|1706927779
|switch|p1a: Toxicroak|Toxicroak, M|100/100 par
|move|p2a: Vaporeon|Toxic|p1a: Toxicroak|[miss]
|-miss|p2a: Vaporeon|p1a: Toxicroak
|
|-weather|RainDance|[upkeep]
|upkeep
|turn|140
|
|t:|1706927782
|move|p2a: Vaporeon|Scald|p1a: Toxicroak
|-immune|p1a: Toxicroak|[from] ability: Dry Skin
|move|p1a: Toxicroak|Substitute|p1a: Toxicroak
|-start|p1a: Toxicroak|Substitute
|-damage|p1a: Toxicroak|76/100 par
|
|-weather|RainDance|[upkeep]
|-heal|p1a: Toxicroak|88/100 par|[from] ability: Dry Skin
|-heal|p1a: Toxicroak|94/100 par|[from] item: Black Sludge
|upkeep
|turn|141
|
|t:|1706927784
|move|p2a: Vaporeon|Toxic||[still]
|-fail|p2a: Vaporeon
|move|p1a: Toxicroak|Toxic|p2a: Vaporeon|[miss]
|-miss|p1a: Toxicroak|p2a: Vaporeon
|
|-weather|RainDance|[upkeep]
|-heal|p1a: Toxicroak|100/100 par|[from] ability: Dry Skin
|upkeep
|turn|142
|
|t:|1706927795
|move|p2a: Vaporeon|Toxic||[still]
|-fail|p2a: Vaporeon
|move|p1a: Toxicroak|Substitute|p1a: Toxicroak
|-fail|p1a: Toxicroak|move: Substitute
|
|-weather|RainDance|[upkeep]
|upkeep
|turn|143
|
|t:|1706927797
|switch|p1a: Ferrothorn|Ferrothorn, M, shiny|100/100
|move|p2a: Vaporeon|Toxic|p1a: Ferrothorn
|-immune|p1a: Ferrothorn
|
|-weather|RainDance|[upkeep]
|upkeep
|turn|144
|
|t:|1706927799
|switch|p1a: Toxicroak|Toxicroak, M|100/100 par
|move|p2a: Vaporeon|Toxic||[still]
|-fail|p2a: Vaporeon
|
|-weather|RainDance|[upkeep]
|upkeep
|turn|145
|
|t:|1706927809
|move|p2a: Vaporeon|Toxic||[still]
|-fail|p2a: Vaporeon
|move|p1a: Toxicroak|Bulk Up|p1a: Toxicroak
|-boost|p1a: Toxicroak|atk|1
|-boost|p1a: Toxicroak|def|1
|
|-weather|RainDance|[upkeep]
|upkeep
|turn|146
|
|t:|1706927811
|move|p2a: Vaporeon|Toxic||[still]
|-fail|p2a: Vaporeon
|move|p1a: Toxicroak|Bulk Up|p1a: Toxicroak
|-boost|p1a: Toxicroak|atk|1
|-boost|p1a: Toxicroak|def|1
|
|-weather|RainDance|[upkeep]
|upkeep
|turn|147
|c|☆Croaset|i like toxic over sucker punch
|c|☆Croaset|for jellicent
|c|☆MightyLemm|that's fair
|
|t:|1706927824
|move|p2a: Vaporeon|Toxic||[still]
|-fail|p2a: Vaporeon
|cant|p1a: Toxicroak|par
|
|-weather|RainDance|[upkeep]
|upkeep
|turn|148
|c|☆Croaset|i just drain punch chip everything i cant toxic
|inactive|Croaset has 120 seconds left.
|
|t:|1706927846
|move|p2a: Vaporeon|Rest|p2a: Vaporeon
|-fail|p2a: Vaporeon|heal
|move|p1a: Toxicroak|Toxic|p2a: Vaporeon
|-status|p2a: Vaporeon|tox
|
|-weather|RainDance|[upkeep]
|-activate|p2a: Vaporeon|ability: Hydration
|-curestatus|p2a: Vaporeon|tox|[msg]
|upkeep
|turn|149
|
|t:|1706927852
|switch|p1a: Ferrothorn|Ferrothorn, M, shiny|100/100
|move|p2a: Vaporeon|Rest|p2a: Vaporeon
|-fail|p2a: Vaporeon|heal
|
|-weather|RainDance|[upkeep]
|upkeep
|turn|150
|
|t:|1706927854
|switch|p1a: Toxicroak|Toxicroak, M|100/100 par
|move|p2a: Vaporeon|Toxic||[still]
|-fail|p2a: Vaporeon
|
|-weather|RainDance|[upkeep]
|upkeep
|turn|151
|
|t:|1706927861
|switch|p1a: Ferrothorn|Ferrothorn, M, shiny|100/100
|move|p2a: Vaporeon|Toxic|p1a: Ferrothorn
|-immune|p1a: Ferrothorn
|
|-weather|RainDance|[upkeep]
|upkeep
|turn|152
|
|t:|1706927867
|switch|p1a: Toxicroak|Toxicroak, M|100/100 par
|move|p2a: Vaporeon|Toxic|p1a: Toxicroak|[miss]
|-miss|p2a: Vaporeon|p1a: Toxicroak
|
|-weather|RainDance|[upkeep]
|upkeep
|turn|153
|c|☆MightyLemm|damn
|c|☆Croaset|bulk up allows for break through
|c|☆Croaset|tho i guess not against vaporeon lol
|inactive|Croaset has 120 seconds left.
|
|t:|1706927890
|move|p2a: Vaporeon|Scald|p1a: Toxicroak
|-immune|p1a: Toxicroak|[from] ability: Dry Skin
|move|p1a: Toxicroak|Substitute|p1a: Toxicroak
|-start|p1a: Toxicroak|Substitute
|-damage|p1a: Toxicroak|76/100 par
|
|-weather|RainDance|[upkeep]
|-heal|p1a: Toxicroak|88/100 par|[from] ability: Dry Skin
|-heal|p1a: Toxicroak|94/100 par|[from] item: Black Sludge
|upkeep
|turn|154
|c|☆MightyLemm|I mean, 16 chances to crit isn't too bad
|c|☆MightyLemm|most games
|
|t:|1706927894
|move|p2a: Vaporeon|Toxic||[still]
|-fail|p2a: Vaporeon
|cant|p1a: Toxicroak|par
|
|-weather|RainDance|[upkeep]
|-heal|p1a: Toxicroak|100/100 par|[from] ability: Dry Skin
|upkeep
|turn|155
|c|☆Croaset|yea
|
|t:|1706927899
|move|p2a: Vaporeon|Acid Armor|p2a: Vaporeon
|-boost|p2a: Vaporeon|def|0
|move|p1a: Toxicroak|Toxic|p2a: Vaporeon
|-status|p2a: Vaporeon|tox
|
|-weather|RainDance|[upkeep]
|-activate|p2a: Vaporeon|ability: Hydration
|-curestatus|p2a: Vaporeon|tox|[msg]
|upkeep
|turn|156
|
|t:|1706927901
|move|p2a: Vaporeon|Rest|p2a: Vaporeon
|-fail|p2a: Vaporeon|heal
|move|p1a: Toxicroak|Bulk Up|p1a: Toxicroak
|-boost|p1a: Toxicroak|atk|1
|-boost|p1a: Toxicroak|def|1
|
|-weather|RainDance|[upkeep]
|upkeep
|turn|157
|
|t:|1706927903
|move|p2a: Vaporeon|Rest|p2a: Vaporeon
|-fail|p2a: Vaporeon|heal
|move|p1a: Toxicroak|Substitute|p1a: Toxicroak
|-fail|p1a: Toxicroak|move: Substitute
|
|-weather|RainDance|[upkeep]
|upkeep
|turn|158
|c|☆MightyLemm|rip
|c|☆MightyLemm|that's game right there
|
|t:|1706927911
|move|p2a: Vaporeon|Rest|p2a: Vaporeon
|-fail|p2a: Vaporeon|heal
|move|p1a: Toxicroak|Toxic|p2a: Vaporeon
|-status|p2a: Vaporeon|tox
|
|-weather|RainDance|[upkeep]
|-activate|p2a: Vaporeon|ability: Hydration
|-curestatus|p2a: Vaporeon|tox|[msg]
|upkeep
|turn|159
|c|☆Croaset|also special virizion
|c|☆MightyLemm|we've passed the point where I even can possibly win lol
|c|☆Croaset|is sometimes annoying
|c|☆Croaset|focus blast is so cool
|c|☆Croaset|yea
|inactive|Croaset has 120 seconds left.
|c|☆Croaset|i think you stuggle to death regardless at this point
|
|t:|1706927937
|move|p2a: Vaporeon|Rest|p2a: Vaporeon
|-fail|p2a: Vaporeon|heal
|move|p1a: Toxicroak|Substitute|p1a: Toxicroak
|-fail|p1a: Toxicroak|move: Substitute
|
|-weather|RainDance|[upkeep]
|upkeep
|turn|160
|c|☆MightyLemm|mhm
|c|☆MightyLemm|especially with iron barbs
|
|t:|1706927942
|move|p2a: Vaporeon|Rest|p2a: Vaporeon
|-fail|p2a: Vaporeon|heal
|cant|p1a: Toxicroak|par
|
|-weather|RainDance|[upkeep]
|upkeep
|turn|161
|c|☆Croaset|gg
|c|☆MightyLemm|ggwp!
|
|t:|1706927948
|move|p2a: Vaporeon|Rest|p2a: Vaporeon
|-fail|p2a: Vaporeon|heal
|move|p1a: Toxicroak|Bulk Up|p1a: Toxicroak
|-boost|p1a: Toxicroak|atk|1
|-boost|p1a: Toxicroak|def|1
|
|-weather|RainDance|[upkeep]
|upkeep
|turn|162
|c|☆MightyLemm|ironic that if I hadn't para'd I might have had a better chance lol
|
|t:|1706927956
|move|p2a: Vaporeon|Scald|p1a: Toxicroak
|-immune|p1a: Toxicroak|[from] ability: Dry Skin
|move|p1a: Toxicroak|Toxic|p2a: Vaporeon
|-status|p2a: Vaporeon|tox
|
|-weather|RainDance|[upkeep]
|-activate|p2a: Vaporeon|ability: Hydration
|-curestatus|p2a: Vaporeon|tox|[msg]
|upkeep
|turn|163
|c|☆Croaset|it was tough to come back from that virizion start
|c|☆MightyLemm|you'd have to start struggling, and I could rest off while you take recoil maybe
|c|☆Croaset|i almost tilted
|inactive|Croaset has 120 seconds left.
|c|☆MightyLemm|lol
|
|t:|1706927973
|move|p2a: Vaporeon|Scald|p1a: Toxicroak
|-immune|p1a: Toxicroak|[from] ability: Dry Skin
|move|p1a: Toxicroak|Toxic|p2a: Vaporeon
|-status|p2a: Vaporeon|tox
|
|-weather|RainDance|[upkeep]
|-activate|p2a: Vaporeon|ability: Hydration
|-curestatus|p2a: Vaporeon|tox|[msg]
|upkeep
|turn|164
|c|☆Croaset|yea gg
|inactive|Croaset has 120 seconds left.
|
|t:|1706927978
|move|p2a: Vaporeon|Scald|p1a: Toxicroak
|-immune|p1a: Toxicroak|[from] ability: Dry Skin
|move|p1a: Toxicroak|Bulk Up|p1a: Toxicroak
|-boost|p1a: Toxicroak|atk|1
|-boost|p1a: Toxicroak|def|1
|
|-weather|RainDance|[upkeep]
|upkeep
|turn|165
|
|t:|1706927981
|move|p2a: Vaporeon|Scald|p1a: Toxicroak
|-immune|p1a: Toxicroak|[from] ability: Dry Skin
|move|p1a: Toxicroak|Bulk Up|p1a: Toxicroak
|-boost|p1a: Toxicroak|atk|1
|-boost|p1a: Toxicroak|def|1
|
|-weather|RainDance|[upkeep]
|upkeep
|turn|166
|
|t:|1706927983
|move|p2a: Vaporeon|Scald|p1a: Toxicroak
|-immune|p1a: Toxicroak|[from] ability: Dry Skin
|move|p1a: Toxicroak|Substitute|p1a: Toxicroak
|-fail|p1a: Toxicroak|move: Substitute
|
|-weather|RainDance|[upkeep]
|upkeep
|turn|167
|
|t:|1706927985
|-activate|p2a: Vaporeon|move: Struggle
|move|p2a: Vaporeon|Struggle|p1a: Toxicroak
|-activate|p1a: Toxicroak|Substitute|[damage]
|-damage|p2a: Vaporeon|75/100|[from] recoil
|cant|p1a: Toxicroak|par
|
|-weather|RainDance|[upkeep]
|upkeep
|turn|168
|c|☆Croaset|gg
|c|☆MightyLemm|there it is
|
|t:|1706927989
|-activate|p2a: Vaporeon|move: Struggle
|move|p2a: Vaporeon|Struggle|p1a: Toxicroak
|-activate|p1a: Toxicroak|Substitute|[damage]
|-damage|p2a: Vaporeon|50/100|[from] recoil
|cant|p1a: Toxicroak|par
|
|-weather|RainDance|[upkeep]
|upkeep
|turn|169
|c|☆MightyLemm|lol
|
|t:|1706927991
|-activate|p2a: Vaporeon|move: Struggle
|move|p2a: Vaporeon|Struggle|p1a: Toxicroak
|-activate|p1a: Toxicroak|Substitute|[damage]
|-damage|p2a: Vaporeon|25/100|[from] recoil
|move|p1a: Toxicroak|Substitute|p1a: Toxicroak
|-fail|p1a: Toxicroak|move: Substitute
|
|-weather|RainDance|[upkeep]
|upkeep
|turn|170
|c|☆MightyLemm|ggwp!
|
|t:|1706927996
|-activate|p2a: Vaporeon|move: Struggle
|move|p2a: Vaporeon|Struggle|p1a: Toxicroak
|-activate|p1a: Toxicroak|Substitute|[damage]
|-damage|p2a: Vaporeon|0 fnt|[from] recoil
|faint|p2a: Vaporeon
|
|win|Croaset
|raw|Croaset's rating: 1439 &rarr; <strong>1454</strong><br />(+15 for winning)
|raw|MightyLemm's rating: 1345 &rarr; <strong>1330</strong><br />(-15 for losing)
|c|☆Croaset|170 turns lol
|l|☆MightyLemm
|player|p2|
