|j|☆Laone.L.ous
|j|☆torinoko city
|t:|1714293894
|gametype|singles
|player|p1|Laone.L.ous|1|1352
|player|p2|torinoko city|miku-flying|1323
|teamsize|p1|6
|teamsize|p2|6
|gen|5
|tier|[Gen 5] OU
|rated|
|rule|Species Clause: Limit one of each Pokémon
|rule|OHKO Clause: OHKO moves are banned
|rule|Moody Clause: Moody is banned
|rule|Evasion Items Clause: Evasion items are banned
|rule|Evasion Moves Clause: Evasion moves are banned
|rule|Endless Battle Clause: Forcing endless battles is banned
|rule|HP Percentage Mod: HP is shown in percentages
|rule|Evasion Abilities Clause: Evasion abilities are banned
|rule|Sleep Moves Clause: Sleep-inducing moves are banned
|rule|Swagger Clause: Swagger is banned
|rule|Baton Pass Stat Clause: No Baton Passer may have a way to boost its stats
|clearpoke
|poke|p1|Tyranitar, F|item
|poke|p1|Skarmory, F|item
|poke|p1|Gastrodon-East, F|item
|poke|p1|Reuniclus, F|item
|poke|p1|Alakazam, F|item
|poke|p1|Gliscor, F|item
|poke|p2|Hippowdon, M|item
|poke|p2|Clefable, M|item
|poke|p2|Skarmory, F|item
|poke|p2|Reuniclus, F|item
|poke|p2|Bronzong|item
|poke|p2|Latias, F|item
|teampreview
|inactive|Battle timer is ON: inactive players will automatically lose when time's up. (requested by torinoko city)
|inactive|Laone.L.ous also wants the timer to be on.
|
|t:|1714293904
|start
|switch|p1a: Gliscor|Gliscor, F, shiny|100/100
|switch|p2a: Clefable|Clefable, M|100/100
|turn|1
|
|t:|1714293913
|move|p1a: Gliscor|Protect|p1a: Gliscor
|-singleturn|p1a: Gliscor|Protect
|move|p2a: Clefable|Knock Off|p1a: Gliscor
|-activate|p1a: Gliscor|move: Protect
|
|-status|p1a: Gliscor|tox|[from] item: Toxic Orb
|upkeep
|turn|2
|
|t:|1714293918
|move|p1a: Gliscor|Stealth Rock|p2a: Clefable
|-sidestart|p2: torinoko city|move: Stealth Rock
|move|p2a: Clefable|Ice Beam|p1a: Gliscor
|-supereffective|p1a: Gliscor
|-damage|p1a: Gliscor|37/100 tox
|
|-heal|p1a: Gliscor|49/100 tox|[from] ability: Poison Heal
|upkeep
|turn|3
|
|t:|1714293923
|move|p1a: Gliscor|Protect|p1a: Gliscor
|-singleturn|p1a: Gliscor|Protect
|move|p2a: Clefable|Ice Beam|p1a: Gliscor
|-activate|p1a: Gliscor|move: Protect
|
|-heal|p1a: Gliscor|62/100 tox|[from] ability: Poison Heal
|upkeep
|turn|4
|
|t:|1714293928
|switch|p1a: Tyranitar|Tyranitar, F, shiny|100/100
|-weather|Sandstorm|[from] ability: Sand Stream|[of] p1a: Tyranitar
|move|p2a: Clefable|Ice Beam|p1a: Tyranitar
|-damage|p1a: Tyranitar|91/100
|
|-weather|Sandstorm|[upkeep]
|upkeep
|turn|5
|
|t:|1714293935
|switch|p2a: Hippowdon|Hippowdon, M|100/100
|-damage|p2a: Hippowdon|94/100|[from] Stealth Rock
|move|p1a: Tyranitar|Superpower|p2a: Hippowdon
|-damage|p2a: Hippowdon|67/100
|-unboost|p1a: Tyranitar|atk|1
|-unboost|p1a: Tyranitar|def|1
|
|-weather|Sandstorm|[upkeep]
|-heal|p2a: Hippowdon|73/100|[from] item: Leftovers
|upkeep
|turn|6
|
|t:|1714293942
|switch|p1a: Skarmory|Skarmory, F, shiny|100/100
|move|p2a: Hippowdon|Stealth Rock|p1a: Skarmory
|-sidestart|p1: Laone.L.ous|move: Stealth Rock
|
|-weather|Sandstorm|[upkeep]
|-heal|p2a: Hippowdon|79/100|[from] item: Leftovers
|upkeep
|turn|7
|
|t:|1714293947
|switch|p2a: Clefable|Clefable, M|100/100
|move|p1a: Skarmory|Spikes|p2a: Clefable
|-sidestart|p2: torinoko city|Spikes
|
|-weather|Sandstorm|[upkeep]
|upkeep
|turn|8
|
|t:|1714293949
|move|p2a: Clefable|Thunder Wave|p1a: Skarmory
|-status|p1a: Skarmory|par
|cant|p1a: Skarmory|par
|
|-weather|Sandstorm|[upkeep]
|upkeep
|turn|9
|
|t:|1714293954
|move|p2a: Clefable|Knock Off|p1a: Skarmory
|-resisted|p1a: Skarmory
|-damage|p1a: Skarmory|99/100 par
|-enditem|p1a: Skarmory|Leftovers|[from] move: Knock Off|[of] p2a: Clefable
|cant|p1a: Skarmory|par
|
|-weather|Sandstorm|[upkeep]
|upkeep
|turn|10
|
|t:|1714293960
|move|p2a: Clefable|Knock Off|p1a: Skarmory
|-resisted|p1a: Skarmory
|-damage|p1a: Skarmory|98/100 par
|move|p1a: Skarmory|Whirlwind|p2a: Clefable
|drag|p2a: Hippowdon|Hippowdon, M|79/100
|-damage|p2a: Hippowdon|73/100|[from] Stealth Rock
|-damage|p2a: Hippowdon|61/100|[from] Spikes
|
|-weather|Sandstorm|[upkeep]
|-heal|p2a: Hippowdon|67/100|[from] item: Leftovers
|upkeep
|turn|11
|
|t:|1714293966
|move|p2a: Hippowdon|Slack Off|p2a: Hippowdon
|-heal|p2a: Hippowdon|100/100
|move|p1a: Skarmory|Spikes|p2a: Hippowdon
|-sidestart|p2: torinoko city|Spikes
|
|-weather|Sandstorm|[upkeep]
|upkeep
|turn|12
|
|t:|1714293969
|switch|p2a: Skarmory|Skarmory, F|100/100
|-damage|p2a: Skarmory|88/100|[from] Stealth Rock
|move|p1a: Skarmory|Spikes|p2a: Skarmory
|-sidestart|p2: torinoko city|Spikes
|
|-weather|Sandstorm|[upkeep]
|upkeep
|turn|13
|
|t:|1714293973
|move|p2a: Skarmory|Spikes|p1a: Skarmory
|-sidestart|p1: Laone.L.ous|Spikes
|cant|p1a: Skarmory|par
|
|-weather|Sandstorm|[upkeep]
|upkeep
|turn|14
|
|t:|1714293977
|move|p2a: Skarmory|Spikes|p1a: Skarmory
|-sidestart|p1: Laone.L.ous|Spikes
|cant|p1a: Skarmory|par
|
|-weather|Sandstorm|[upkeep]
|upkeep
|turn|15
|
|t:|1714293980
|move|p2a: Skarmory|Spikes|p1a: Skarmory
|-sidestart|p1: Laone.L.ous|Spikes
|cant|p1a: Skarmory|par
|
|-weather|Sandstorm|[upkeep]
|upkeep
|turn|16
|
|t:|1714293983
|move|p2a: Skarmory|Whirlwind|p1a: Skarmory
|drag|p1a: Gliscor|Gliscor, F, shiny|62/100 tox
|-damage|p1a: Gliscor|49/100 tox|[from] Stealth Rock
|
|-weather|Sandstorm|[upkeep]
|-heal|p1a: Gliscor|62/100 tox|[from] ability: Poison Heal
|upkeep
|turn|17
|
|t:|1714293992
|move|p1a: Gliscor|Wing Attack|p2a: Skarmory
|-resisted|p2a: Skarmory
|-crit|p2a: Skarmory
|-damage|p2a: Skarmory|77/100
|-damage|p1a: Gliscor|45/100 tox|[from] item: Rocky Helmet|[of] p2a: Skarmory
|move|p2a: Skarmory|Whirlwind|p1a: Gliscor
|drag|p1a: Alakazam|Alakazam, F, shiny|100/100
|
|-weather|Sandstorm|[upkeep]
|upkeep
|turn|18
|
|t:|1714294002
|move|p1a: Alakazam|Psyshock|p2a: Skarmory
|-resisted|p2a: Skarmory
|-damage|p2a: Skarmory|65/100
|move|p2a: Skarmory|Roost|p2a: Skarmory
|-heal|p2a: Skarmory|100/100
|-singleturn|p2a: Skarmory|move: Roost
|
|-weather|Sandstorm|[upkeep]
|upkeep
|turn|19
|
|t:|1714294007
|switch|p1a: Gliscor|Gliscor, F, shiny|45/100 tox
|-damage|p1a: Gliscor|33/100 tox|[from] Stealth Rock
|move|p2a: Skarmory|Brave Bird|p1a: Gliscor
|-damage|p1a: Gliscor|3/100 tox
|-damage|p2a: Skarmory|90/100|[from] Recoil
|
|-weather|Sandstorm|[upkeep]
|-heal|p1a: Gliscor|15/100 tox|[from] ability: Poison Heal
|upkeep
|turn|20
|
|t:|1714294013
|move|p1a: Gliscor|Protect|p1a: Gliscor
|-singleturn|p1a: Gliscor|Protect
|move|p2a: Skarmory|Whirlwind|p1a: Gliscor
|-activate|p1a: Gliscor|move: Protect
|
|-weather|Sandstorm|[upkeep]
|-heal|p1a: Gliscor|28/100 tox|[from] ability: Poison Heal
|upkeep
|turn|21
|
|t:|1714294023
|switch|p1a: Alakazam|Alakazam, F, shiny|100/100
|move|p2a: Skarmory|Whirlwind|p1a: Alakazam
|drag|p1a: Gliscor|Gliscor, F, shiny|28/100 tox
|-damage|p1a: Gliscor|15/100 tox|[from] Stealth Rock
|
|-weather|Sandstorm|[upkeep]
|-heal|p1a: Gliscor|28/100 tox|[from] ability: Poison Heal
|upkeep
|turn|22
|
|t:|1714294027
|switch|p2a: Clefable|Clefable, M|100/100
|move|p1a: Gliscor|Protect||[still]
|-fail|p1a: Gliscor
|
|-weather|Sandstorm|[upkeep]
|-heal|p1a: Gliscor|40/100 tox|[from] ability: Poison Heal
|upkeep
|turn|23
|
|t:|1714294035
|switch|p1a: Skarmory|Skarmory, F, shiny|98/100 par
|-damage|p1a: Skarmory|86/100 par|[from] Stealth Rock
|move|p2a: Clefable|Ice Beam|p1a: Skarmory
|-damage|p1a: Skarmory|66/100 par
|
|-weather|Sandstorm|[upkeep]
|upkeep
|turn|24
|
|t:|1714294041
|switch|p2a: Skarmory|Skarmory, F|90/100
|-damage|p2a: Skarmory|78/100|[from] Stealth Rock
|move|p1a: Skarmory|Roost|p1a: Skarmory
|-heal|p1a: Skarmory|100/100 par
|-singleturn|p1a: Skarmory|move: Roost
|
|-weather|Sandstorm|[upkeep]
|upkeep
|turn|25
|
|t:|1714294043
|move|p2a: Skarmory|Whirlwind|p1a: Skarmory
|drag|p1a: Gastrodon|Gastrodon-East, F, shiny|100/100
|-damage|p1a: Gastrodon|94/100|[from] Stealth Rock
|-damage|p1a: Gastrodon|70/100|[from] Spikes
|
|-weather|Sandstorm|[upkeep]
|-heal|p1a: Gastrodon|76/100|[from] item: Leftovers
|upkeep
|turn|26
|
|t:|1714294048
|switch|p2a: Reuniclus|Reuniclus, F|100/100
|move|p1a: Gastrodon|Scald|p2a: Reuniclus
|-damage|p2a: Reuniclus|76/100
|-status|p2a: Reuniclus|brn
|
|-weather|Sandstorm|[upkeep]
|-heal|p1a: Gastrodon|82/100|[from] item: Leftovers
|upkeep
|turn|27
|
|t:|1714294054
|move|p1a: Gastrodon|Scald|p2a: Reuniclus
|-damage|p2a: Reuniclus|54/100 brn
|move|p2a: Reuniclus|Calm Mind|p2a: Reuniclus
|-boost|p2a: Reuniclus|spa|1
|-boost|p2a: Reuniclus|spd|1
|
|-weather|Sandstorm|[upkeep]
|-heal|p1a: Gastrodon|88/100|[from] item: Leftovers
|upkeep
|turn|28
|
|t:|1714294063
|switch|p1a: Skarmory|Skarmory, F, shiny|100/100 par
|-damage|p1a: Skarmory|88/100 par|[from] Stealth Rock
|move|p2a: Reuniclus|Recover|p2a: Reuniclus
|-heal|p2a: Reuniclus|100/100 brn
|
|-weather|Sandstorm|[upkeep]
|upkeep
|turn|29
|
|t:|1714294068
|move|p2a: Reuniclus|Focus Blast|p1a: Skarmory|[miss]
|-miss|p2a: Reuniclus|p1a: Skarmory
|cant|p1a: Skarmory|par
|
|-weather|Sandstorm|[upkeep]
|upkeep
|turn|30
|
|t:|1714294073
|move|p2a: Reuniclus|Focus Blast|p1a: Skarmory|[miss]
|-miss|p2a: Reuniclus|p1a: Skarmory
|move|p1a: Skarmory|Whirlwind|p2a: Reuniclus
|drag|p2a: Latias|Latias, F|100/100
|-damage|p2a: Latias|88/100|[from] Stealth Rock
|
|-weather|Sandstorm|[upkeep]
|-damage|p2a: Latias|82/100|[from] Sandstorm
|upkeep
|turn|31
|
|t:|1714294079
|move|p2a: Latias|Thunder Wave|p1a: Skarmory
|-fail|p1a: Skarmory|par
|move|p1a: Skarmory|Whirlwind|p2a: Latias
|drag|p2a: Reuniclus|Reuniclus, F|100/100 brn
|
|-weather|Sandstorm|[upkeep]
|upkeep
|turn|32
|
|t:|1714294085
|move|p2a: Reuniclus|Calm Mind|p2a: Reuniclus
|-boost|p2a: Reuniclus|spa|1
|-boost|p2a: Reuniclus|spd|1
|move|p1a: Skarmory|Whirlwind|p2a: Reuniclus
|drag|p2a: Bronzong|Bronzong|100/100
|-damage|p2a: Bronzong|94/100|[from] Stealth Rock
|
|-weather|Sandstorm|[upkeep]
|-heal|p2a: Bronzong|100/100|[from] item: Leftovers
|upkeep
|turn|33
|
|t:|1714294094
|move|p2a: Bronzong|Hidden Power|p1a: Skarmory
|-crit|p1a: Skarmory
|-damage|p1a: Skarmory|61/100 par
|cant|p1a: Skarmory|par
|
|-weather|Sandstorm|[upkeep]
|upkeep
|turn|34
|
|t:|1714294098
|move|p2a: Bronzong|Hidden Power|p1a: Skarmory
|-damage|p1a: Skarmory|46/100 par
|move|p1a: Skarmory|Roost|p1a: Skarmory
|-heal|p1a: Skarmory|96/100 par
|-singleturn|p1a: Skarmory|move: Roost
|
|-weather|Sandstorm|[upkeep]
|upkeep
|turn|35
|
|t:|1714294104
|switch|p1a: Gastrodon|Gastrodon-East, F, shiny|88/100
|-damage|p1a: Gastrodon|82/100|[from] Stealth Rock
|-damage|p1a: Gastrodon|57/100|[from] Spikes
|move|p2a: Bronzong|Hidden Power|p1a: Gastrodon
|-damage|p1a: Gastrodon|45/100
|
|-weather|Sandstorm|[upkeep]
|-heal|p1a: Gastrodon|51/100|[from] item: Leftovers
|upkeep
|turn|36
|
|t:|1714294114
|switch|p2a: Clefable|Clefable, M|100/100
|move|p1a: Gastrodon|Recover|p1a: Gastrodon
|-heal|p1a: Gastrodon|100/100
|
|-weather|Sandstorm|[upkeep]
|upkeep
|turn|37
|
|t:|1714294117
|switch|p1a: Gliscor|Gliscor, F, shiny|40/100 tox
|-damage|p1a: Gliscor|28/100 tox|[from] Stealth Rock
|move|p2a: Clefable|Knock Off|p1a: Gliscor
|-damage|p1a: Gliscor|25/100 tox
|-enditem|p1a: Gliscor|Toxic Orb|[from] move: Knock Off|[of] p2a: Clefable
|
|-weather|Sandstorm|[upkeep]
|-heal|p1a: Gliscor|37/100 tox|[from] ability: Poison Heal
|upkeep
|turn|38
|
|t:|1714294123
|move|p1a: Gliscor|Protect|p1a: Gliscor
|-singleturn|p1a: Gliscor|Protect
|move|p2a: Clefable|Ice Beam|p1a: Gliscor
|-activate|p1a: Gliscor|move: Protect
|
|-weather|Sandstorm|[upkeep]
|-heal|p1a: Gliscor|50/100 tox|[from] ability: Poison Heal
|upkeep
|turn|39
|
|t:|1714294129
|switch|p1a: Skarmory|Skarmory, F, shiny|96/100 par
|-damage|p1a: Skarmory|83/100 par|[from] Stealth Rock
|move|p2a: Clefable|Ice Beam|p1a: Skarmory
|-damage|p1a: Skarmory|64/100 par
|
|-weather|Sandstorm|[upkeep]
|upkeep
|turn|40
|
|t:|1714294135
|switch|p2a: Skarmory|Skarmory, F|78/100
|-damage|p2a: Skarmory|65/100|[from] Stealth Rock
|move|p1a: Skarmory|Roost|p1a: Skarmory
|-heal|p1a: Skarmory|100/100 par
|-singleturn|p1a: Skarmory|move: Roost
|
|-weather|Sandstorm|[upkeep]
|upkeep
|turn|41
|
|t:|1714294142
|switch|p1a: Reuniclus|Reuniclus, F, shiny|100/100
|move|p2a: Skarmory|Roost|p2a: Skarmory
|-heal|p2a: Skarmory|100/100
|-singleturn|p2a: Skarmory|move: Roost
|
|-weather|Sandstorm|[upkeep]
|upkeep
|turn|42
|
|t:|1714294147
|move|p1a: Reuniclus|Thunder|p2a: Skarmory
|-supereffective|p2a: Skarmory
|-damage|p2a: Skarmory|15/100
|move|p2a: Skarmory|Whirlwind|p1a: Reuniclus
|drag|p1a: Gastrodon|Gastrodon-East, F, shiny|100/100
|-damage|p1a: Gastrodon|94/100|[from] Stealth Rock
|-damage|p1a: Gastrodon|70/100|[from] Spikes
|
|-weather|Sandstorm|[upkeep]
|-heal|p1a: Gastrodon|76/100|[from] item: Leftovers
|upkeep
|turn|43
|
|t:|1714294154
|move|p2a: Skarmory|Roost|p2a: Skarmory
|-heal|p2a: Skarmory|65/100
|-singleturn|p2a: Skarmory|move: Roost
|move|p1a: Gastrodon|Scald|p2a: Skarmory
|-damage|p2a: Skarmory|30/100
|
|-weather|Sandstorm|[upkeep]
|-heal|p1a: Gastrodon|82/100|[from] item: Leftovers
|upkeep
|turn|44
|
|t:|1714294161
|move|p2a: Skarmory|Roost|p2a: Skarmory
|-heal|p2a: Skarmory|80/100
|-singleturn|p2a: Skarmory|move: Roost
|move|p1a: Gastrodon|Scald|p2a: Skarmory
|-damage|p2a: Skarmory|44/100
|-status|p2a: Skarmory|brn
|
|-weather|Sandstorm|[upkeep]
|-heal|p1a: Gastrodon|88/100|[from] item: Leftovers
|-damage|p2a: Skarmory|31/100 brn|[from] brn
|upkeep
|turn|45
|
|t:|1714294169
|switch|p2a: Reuniclus|Reuniclus, F|100/100 brn
|move|p1a: Gastrodon|Scald|p2a: Reuniclus
|-damage|p2a: Reuniclus|74/100 brn
|
|-weather|Sandstorm|[upkeep]
|-heal|p1a: Gastrodon|94/100|[from] item: Leftovers
|upkeep
|turn|46
|
|t:|1714294173
|switch|p1a: Reuniclus|Reuniclus, F, shiny|100/100
|move|p2a: Reuniclus|Focus Blast|p1a: Reuniclus
|-resisted|p1a: Reuniclus
|-damage|p1a: Reuniclus|84/100
|
|-weather|Sandstorm|[upkeep]
|-heal|p1a: Reuniclus|90/100|[from] item: Leftovers
|upkeep
|turn|47
|
|t:|1714294179
|move|p1a: Reuniclus|Calm Mind|p1a: Reuniclus
|-boost|p1a: Reuniclus|spa|1
|-boost|p1a: Reuniclus|spd|1
|move|p2a: Reuniclus|Calm Mind|p2a: Reuniclus
|-boost|p2a: Reuniclus|spa|1
|-boost|p2a: Reuniclus|spd|1
|
|-weather|Sandstorm|[upkeep]
|-heal|p1a: Reuniclus|96/100|[from] item: Leftovers
|upkeep
|turn|48
|
|t:|1714294184
|switch|p2a: Clefable|Clefable, M|100/100
|move|p1a: Reuniclus|Calm Mind|p1a: Reuniclus
|-boost|p1a: Reuniclus|spa|1
|-boost|p1a: Reuniclus|spd|1
|
|-weather|Sandstorm|[upkeep]
|-heal|p1a: Reuniclus|100/100|[from] item: Leftovers
|upkeep
|turn|49
|
|t:|1714294190
|move|p2a: Clefable|Thunder Wave|p1a: Reuniclus
|-status|p1a: Reuniclus|par
|move|p1a: Reuniclus|Thunder|p2a: Clefable
|-damage|p2a: Clefable|49/100
|-status|p2a: Clefable|par
|
|-weather|Sandstorm|[upkeep]
|-heal|p2a: Clefable|55/100 par|[from] item: Leftovers
|upkeep
|turn|50
|
|t:|1714294196
|switch|p2a: Reuniclus|Reuniclus, F|74/100 brn
|cant|p1a: Reuniclus|par
|
|-weather|Sandstorm|[upkeep]
|upkeep
|turn|51
|
|t:|1714294200
|move|p2a: Reuniclus|Calm Mind|p2a: Reuniclus
|-boost|p2a: Reuniclus|spa|1
|-boost|p2a: Reuniclus|spd|1
|move|p1a: Reuniclus|Calm Mind|p1a: Reuniclus
|-boost|p1a: Reuniclus|spa|1
|-boost|p1a: Reuniclus|spd|1
|
|-weather|Sandstorm|[upkeep]
|upkeep
|turn|52
|
|t:|1714294205
|move|p2a: Reuniclus|Calm Mind|p2a: Reuniclus
|-boost|p2a: Reuniclus|spa|1
|-boost|p2a: Reuniclus|spd|1
|move|p1a: Reuniclus|Calm Mind|p1a: Reuniclus
|-boost|p1a: Reuniclus|spa|1
|-boost|p1a: Reuniclus|spd|1
|
|-weather|Sandstorm|[upkeep]
|upkeep
|turn|53
|
|t:|1714294209
|move|p2a: Reuniclus|Calm Mind|p2a: Reuniclus
|-boost|p2a: Reuniclus|spa|1
|-boost|p2a: Reuniclus|spd|1
|cant|p1a: Reuniclus|par
|
|-weather|Sandstorm|[upkeep]
|upkeep
|turn|54
|
|t:|1714294213
|move|p2a: Reuniclus|Calm Mind|p2a: Reuniclus
|-boost|p2a: Reuniclus|spa|1
|-boost|p2a: Reuniclus|spd|1
|move|p1a: Reuniclus|Thunder|p2a: Reuniclus
|-damage|p2a: Reuniclus|45/100 brn
|
|-weather|Sandstorm|[upkeep]
|upkeep
|turn|55
|
|t:|1714294219
|move|p2a: Reuniclus|Recover|p2a: Reuniclus
|-heal|p2a: Reuniclus|95/100 brn
|cant|p1a: Reuniclus|par
|
|-weather|Sandstorm|[upkeep]
|upkeep
|turn|56
|
|t:|1714294223
|move|p2a: Reuniclus|Calm Mind|p2a: Reuniclus
|-boost|p2a: Reuniclus|spa|1
|-boost|p2a: Reuniclus|spd|1
|cant|p1a: Reuniclus|par
|
|-weather|Sandstorm|[upkeep]
|upkeep
|turn|57
|
|t:|1714294227
|move|p2a: Reuniclus|Calm Mind|p2a: Reuniclus
|-boost|p2a: Reuniclus|spa|1
|-boost|p2a: Reuniclus|spd|1
|move|p1a: Reuniclus|Calm Mind|p1a: Reuniclus
|-boost|p1a: Reuniclus|spa|1
|-boost|p1a: Reuniclus|spd|1
|
|-weather|Sandstorm|[upkeep]
|upkeep
|turn|58
|
|t:|1714294230
|move|p2a: Reuniclus|Psyshock|p1a: Reuniclus
|-resisted|p1a: Reuniclus
|-damage|p1a: Reuniclus|56/100 par
|move|p1a: Reuniclus|Calm Mind|p1a: Reuniclus
|-boost|p1a: Reuniclus|spa|1
|-boost|p1a: Reuniclus|spd|1
|
|-weather|Sandstorm|[upkeep]
|-heal|p1a: Reuniclus|62/100 par|[from] item: Leftovers
|upkeep
|turn|59
|
|t:|1714294232
|move|p2a: Reuniclus|Psyshock|p1a: Reuniclus
|-resisted|p1a: Reuniclus
|-damage|p1a: Reuniclus|12/100 par
|move|p1a: Reuniclus|Recover|p1a: Reuniclus
|-heal|p1a: Reuniclus|62/100 par
|
|-weather|Sandstorm|[upkeep]
|-heal|p1a: Reuniclus|68/100 par|[from] item: Leftovers
|upkeep
|turn|60
|
|t:|1714294235
|move|p2a: Reuniclus|Psyshock|p1a: Reuniclus
|-resisted|p1a: Reuniclus
|-damage|p1a: Reuniclus|18/100 par
|cant|p1a: Reuniclus|par
|
|-weather|Sandstorm|[upkeep]
|-heal|p1a: Reuniclus|25/100 par|[from] item: Leftovers
|upkeep
|turn|61
|
|t:|1714294240
|move|p2a: Reuniclus|Psyshock|p1a: Reuniclus
|-resisted|p1a: Reuniclus
|-damage|p1a: Reuniclus|0 fnt
|faint|p1a: Reuniclus
|
|-weather|Sandstorm|[upkeep]
|upkeep
|
|t:|1714294241
|switch|p1a: Tyranitar|Tyranitar, F, shiny|91/100
|-damage|p1a: Tyranitar|79/100|[from] Stealth Rock
|-damage|p1a: Tyranitar|54/100|[from] Spikes
|turn|62
|
|t:|1714294244
|move|p1a: Tyranitar|Crunch|p2a: Reuniclus
|-supereffective|p2a: Reuniclus
|-damage|p2a: Reuniclus|38/100 brn
|move|p2a: Reuniclus|Focus Blast|p1a: Tyranitar|[miss]
|-miss|p2a: Reuniclus|p1a: Tyranitar
|
|-weather|Sandstorm|[upkeep]
|upkeep
|turn|63
|
|t:|1714294249
|move|p1a: Tyranitar|Pursuit|p2a: Reuniclus
|-supereffective|p2a: Reuniclus
|-damage|p2a: Reuniclus|8/100 brn
|move|p2a: Reuniclus|Focus Blast|p1a: Tyranitar
|-supereffective|p1a: Tyranitar
|-enditem|p1a: Tyranitar|Chople Berry|[eat]
|-enditem|p1a: Tyranitar|Chople Berry|[weaken]
|-damage|p1a: Tyranitar|0 fnt
|faint|p1a: Tyranitar
|
|-weather|Sandstorm|[upkeep]
|upkeep
|
|t:|1714294253
|switch|p1a: Alakazam|Alakazam, F, shiny|100/100
|turn|64
|
|t:|1714294258
|move|p1a: Alakazam|Psyshock|p2a: Reuniclus
|-resisted|p2a: Reuniclus
|-damage|p2a: Reuniclus|0 fnt
|faint|p2a: Reuniclus
|
|-weather|Sandstorm|[upkeep]
|upkeep
|
|t:|1714294260
|switch|p2a: Bronzong|Bronzong|100/100
|-damage|p2a: Bronzong|94/100|[from] Stealth Rock
|turn|65
|
|t:|1714294266
|switch|p1a: Gliscor|Gliscor, F, shiny|50/100 tox
|-damage|p1a: Gliscor|37/100 tox|[from] Stealth Rock
|move|p2a: Bronzong|Gyro Ball|p1a: Gliscor
|-damage|p1a: Gliscor|13/100 tox
|
|-weather|Sandstorm|[upkeep]
|-heal|p2a: Bronzong|100/100|[from] item: Leftovers
|-heal|p1a: Gliscor|25/100 tox|[from] ability: Poison Heal
|upkeep
|turn|66
|
|t:|1714294272
|move|p1a: Gliscor|Protect|p1a: Gliscor
|-singleturn|p1a: Gliscor|Protect
|move|p2a: Bronzong|Gyro Ball|p1a: Gliscor
|-activate|p1a: Gliscor|move: Protect
|
|-weather|Sandstorm|[upkeep]
|-heal|p1a: Gliscor|38/100 tox|[from] ability: Poison Heal
|upkeep
|turn|67
|
|t:|1714294280
|move|p1a: Gliscor|Wing Attack|p2a: Bronzong
|-resisted|p2a: Bronzong
|-damage|p2a: Bronzong|93/100
|move|p2a: Bronzong|Hidden Power|p1a: Gliscor
|-supereffective|p1a: Gliscor
|-damage|p1a: Gliscor|0 fnt
|faint|p1a: Gliscor
|
|-weather|Sandstorm|[upkeep]
|-heal|p2a: Bronzong|99/100|[from] item: Leftovers
|upkeep
|
|t:|1714294286
|switch|p1a: Gastrodon|Gastrodon-East, F, shiny|94/100
|-damage|p1a: Gastrodon|88/100|[from] Stealth Rock
|-damage|p1a: Gastrodon|63/100|[from] Spikes
|turn|68
|
|t:|1714294293
|switch|p2a: Clefable|Clefable, M|55/100 par
|move|p1a: Gastrodon|Scald|p2a: Clefable
|-damage|p2a: Clefable|37/100 par
|
|-weather|Sandstorm|[upkeep]
|-heal|p1a: Gastrodon|69/100|[from] item: Leftovers
|-heal|p2a: Clefable|43/100 par|[from] item: Leftovers
|upkeep
|turn|69
|
|t:|1714294298
|switch|p1a: Skarmory|Skarmory, F, shiny|100/100 par
|-damage|p1a: Skarmory|88/100 par|[from] Stealth Rock
|move|p2a: Clefable|Soft-Boiled|p2a: Clefable
|-heal|p2a: Clefable|93/100 par
|
|-weather|Sandstorm|[upkeep]
|-heal|p2a: Clefable|99/100 par|[from] item: Leftovers
|upkeep
|turn|70
|
|t:|1714294307
|switch|p2a: Latias|Latias, F|82/100
|-damage|p2a: Latias|70/100|[from] Stealth Rock
|cant|p1a: Skarmory|par
|
|-weather|Sandstorm|[upkeep]
|-damage|p2a: Latias|64/100|[from] Sandstorm
|upkeep
|turn|71
|
|t:|1714294312
|move|p2a: Latias|Recover|p2a: Latias
|-heal|p2a: Latias|100/100
|move|p1a: Skarmory|Whirlwind|p2a: Latias
|drag|p2a: Bronzong|Bronzong|99/100
|-damage|p2a: Bronzong|93/100|[from] Stealth Rock
|
|-weather|Sandstorm|[upkeep]
|-heal|p2a: Bronzong|99/100|[from] item: Leftovers
|upkeep
|turn|72
|
|t:|1714294318
|move|p2a: Bronzong|Hidden Power|p1a: Skarmory
|-damage|p1a: Skarmory|75/100 par
|move|p1a: Skarmory|Whirlwind|p2a: Bronzong
|drag|p2a: Latias|Latias, F|100/100
|-damage|p2a: Latias|88/100|[from] Stealth Rock
|
|-weather|Sandstorm|[upkeep]
|-damage|p2a: Latias|82/100|[from] Sandstorm
|upkeep
|turn|73
|
|t:|1714294325
|move|p2a: Latias|Surf|p1a: Skarmory
|-damage|p1a: Skarmory|49/100 par
|move|p1a: Skarmory|Brave Bird|p2a: Latias
|-damage|p2a: Latias|47/100
|-damage|p1a: Skarmory|37/100 par|[from] Recoil
|
|-weather|Sandstorm|[upkeep]
|-damage|p2a: Latias|40/100|[from] Sandstorm
|upkeep
|turn|74
|
|t:|1714294330
|move|p2a: Latias|Recover|p2a: Latias
|-heal|p2a: Latias|91/100
|move|p1a: Skarmory|Roost|p1a: Skarmory
|-heal|p1a: Skarmory|87/100 par
|-singleturn|p1a: Skarmory|move: Roost
|
|-weather|Sandstorm|[upkeep]
|-damage|p2a: Latias|85/100|[from] Sandstorm
|upkeep
|turn|75
|
|t:|1714294334
|move|p2a: Latias|Surf|p1a: Skarmory
|-damage|p1a: Skarmory|64/100 par
|move|p1a: Skarmory|Brave Bird|p2a: Latias
|-damage|p2a: Latias|52/100
|-damage|p1a: Skarmory|52/100 par|[from] Recoil
|
|-weather|Sandstorm|[upkeep]
|-damage|p2a: Latias|46/100|[from] Sandstorm
|upkeep
|turn|76
|
|t:|1714294340
|move|p2a: Latias|Recover|p2a: Latias
|-heal|p2a: Latias|96/100
|move|p1a: Skarmory|Roost|p1a: Skarmory
|-heal|p1a: Skarmory|100/100 par
|-singleturn|p1a: Skarmory|move: Roost
|
|-weather|Sandstorm|[upkeep]
|-damage|p2a: Latias|90/100|[from] Sandstorm
|upkeep
|turn|77
|
|t:|1714294344
|move|p2a: Latias|Surf|p1a: Skarmory
|-damage|p1a: Skarmory|75/100 par
|move|p1a: Skarmory|Brave Bird|p2a: Latias
|-damage|p2a: Latias|57/100
|-damage|p1a: Skarmory|63/100 par|[from] Recoil
|
|-weather|Sandstorm|[upkeep]
|-damage|p2a: Latias|51/100|[from] Sandstorm
|upkeep
|turn|78
|
|t:|1714294347
|move|p2a: Latias|Recover|p2a: Latias
|-heal|p2a: Latias|100/100
|move|p1a: Skarmory|Whirlwind|p2a: Latias
|drag|p2a: Bronzong|Bronzong|99/100
|-damage|p2a: Bronzong|93/100|[from] Stealth Rock
|
|-weather|Sandstorm|[upkeep]
|-heal|p2a: Bronzong|99/100|[from] item: Leftovers
|upkeep
|turn|79
|
|t:|1714294351
|move|p2a: Bronzong|Hidden Power|p1a: Skarmory
|-damage|p1a: Skarmory|49/100 par
|move|p1a: Skarmory|Roost|p1a: Skarmory
|-heal|p1a: Skarmory|99/100 par
|-singleturn|p1a: Skarmory|move: Roost
|
|-weather|Sandstorm|[upkeep]
|-heal|p2a: Bronzong|100/100|[from] item: Leftovers
|upkeep
|turn|80
|
|t:|1714294356
|move|p2a: Bronzong|Hidden Power|p1a: Skarmory
|-damage|p1a: Skarmory|85/100 par
|cant|p1a: Skarmory|par
|
|-weather|Sandstorm|[upkeep]
|upkeep
|turn|81
|
|t:|1714294360
|move|p2a: Bronzong|Hidden Power|p1a: Skarmory
|-damage|p1a: Skarmory|70/100 par
|move|p1a: Skarmory|Whirlwind|p2a: Bronzong
|drag|p2a: Clefable|Clefable, M|99/100 par
|
|-weather|Sandstorm|[upkeep]
|-heal|p2a: Clefable|100/100 par|[from] item: Leftovers
|upkeep
|turn|82
|
|t:|1714294367
|move|p1a: Skarmory|Brave Bird|p2a: Clefable
|-damage|p2a: Clefable|59/100 par
|-damage|p1a: Skarmory|55/100 par|[from] Recoil
|move|p2a: Clefable|Knock Off|p1a: Skarmory
|-resisted|p1a: Skarmory
|-damage|p1a: Skarmory|53/100 par
|
|-weather|Sandstorm|[upkeep]
|-heal|p2a: Clefable|65/100 par|[from] item: Leftovers
|upkeep
|turn|83
|
|t:|1714294372
|move|p1a: Skarmory|Roost|p1a: Skarmory
|-heal|p1a: Skarmory|100/100 par
|-singleturn|p1a: Skarmory|move: Roost
|move|p2a: Clefable|Soft-Boiled|p2a: Clefable
|-heal|p2a: Clefable|100/100 par
|
|-weather|Sandstorm|[upkeep]
|upkeep
|turn|84
|
|t:|1714294377
|move|p1a: Skarmory|Brave Bird|p2a: Clefable
|-damage|p2a: Clefable|61/100 par
|-damage|p1a: Skarmory|85/100 par|[from] Recoil
|cant|p2a: Clefable|par
|
|-weather|Sandstorm|[upkeep]
|-heal|p2a: Clefable|68/100 par|[from] item: Leftovers
|upkeep
|turn|85
|
|t:|1714294382
|move|p1a: Skarmory|Brave Bird|p2a: Clefable
|-damage|p2a: Clefable|28/100 par
|-damage|p1a: Skarmory|70/100 par|[from] Recoil
|move|p2a: Clefable|Soft-Boiled|p2a: Clefable
|-heal|p2a: Clefable|78/100 par
|
|-weather|Sandstorm|[upkeep]
|-heal|p2a: Clefable|84/100 par|[from] item: Leftovers
|upkeep
|turn|86
|
|t:|1714294387
|move|p1a: Skarmory|Roost|p1a: Skarmory
|-heal|p1a: Skarmory|100/100 par
|-singleturn|p1a: Skarmory|move: Roost
|cant|p2a: Clefable|par
|
|-weather|Sandstorm|[upkeep]
|-heal|p2a: Clefable|90/100 par|[from] item: Leftovers
|upkeep
|turn|87
|
|t:|1714294393
|switch|p2a: Bronzong|Bronzong|100/100
|-damage|p2a: Bronzong|94/100|[from] Stealth Rock
|move|p1a: Skarmory|Brave Bird|p2a: Bronzong
|-resisted|p2a: Bronzong
|-damage|p2a: Bronzong|80/100
|-damage|p1a: Skarmory|96/100 par|[from] Recoil
|
|-weather|Sandstorm|[upkeep]
|-heal|p2a: Bronzong|87/100|[from] item: Leftovers
|upkeep
|turn|88
|
|t:|1714294399
|move|p2a: Bronzong|Hidden Power|p1a: Skarmory
|-damage|p1a: Skarmory|81/100 par
|move|p1a: Skarmory|Whirlwind|p2a: Bronzong
|drag|p2a: Skarmory|Skarmory, F|31/100 brn
|-damage|p2a: Skarmory|19/100 brn|[from] Stealth Rock
|
|-weather|Sandstorm|[upkeep]
|-damage|p2a: Skarmory|7/100 brn|[from] brn
|upkeep
|turn|89
|
|t:|1714294405
|move|p2a: Skarmory|Roost|p2a: Skarmory
|-heal|p2a: Skarmory|57/100 brn
|-singleturn|p2a: Skarmory|move: Roost
|move|p1a: Skarmory|Brave Bird|p2a: Skarmory
|-resisted|p2a: Skarmory
|-damage|p2a: Skarmory|46/100 brn
|-damage|p1a: Skarmory|64/100 par|[from] item: Rocky Helmet|[of] p2a: Skarmory
|-damage|p1a: Skarmory|61/100 par|[from] Recoil
|
|-weather|Sandstorm|[upkeep]
|-damage|p2a: Skarmory|34/100 brn|[from] brn
|upkeep
|turn|90
|
|t:|1714294412
|move|p2a: Skarmory|Roost|p2a: Skarmory
|-heal|p2a: Skarmory|84/100 brn
|-singleturn|p2a: Skarmory|move: Roost
|move|p1a: Skarmory|Whirlwind|p2a: Skarmory
|drag|p2a: Hippowdon|Hippowdon, M|100/100
|-damage|p2a: Hippowdon|94/100|[from] Stealth Rock
|-damage|p2a: Hippowdon|69/100|[from] Spikes
|
|-weather|Sandstorm|[upkeep]
|-heal|p2a: Hippowdon|75/100|[from] item: Leftovers
|upkeep
|turn|91
|
|t:|1714294418
|move|p1a: Skarmory|Roost|p1a: Skarmory
|-heal|p1a: Skarmory|100/100 par
|-singleturn|p1a: Skarmory|move: Roost
|move|p2a: Hippowdon|Whirlwind|p1a: Skarmory
|drag|p1a: Gastrodon|Gastrodon-East, F, shiny|69/100
|-damage|p1a: Gastrodon|63/100|[from] Stealth Rock
|-damage|p1a: Gastrodon|38/100|[from] Spikes
|
|-weather|Sandstorm|[upkeep]
|-heal|p2a: Hippowdon|82/100|[from] item: Leftovers
|-heal|p1a: Gastrodon|44/100|[from] item: Leftovers
|upkeep
|turn|92
|
|t:|1714294425
|switch|p2a: Clefable|Clefable, M|90/100 par
|move|p1a: Gastrodon|Recover|p1a: Gastrodon
|-heal|p1a: Gastrodon|94/100
|
|-weather|Sandstorm|[upkeep]
|-heal|p1a: Gastrodon|99/100|[from] item: Leftovers
|-heal|p2a: Clefable|96/100 par|[from] item: Leftovers
|upkeep
|turn|93
|
|t:|1714294430
|move|p1a: Gastrodon|Scald|p2a: Clefable
|-damage|p2a: Clefable|77/100 par
|move|p2a: Clefable|Knock Off|p1a: Gastrodon
|-damage|p1a: Gastrodon|97/100
|-enditem|p1a: Gastrodon|Leftovers|[from] move: Knock Off|[of] p2a: Clefable
|
|-weather|Sandstorm|[upkeep]
|-heal|p2a: Clefable|83/100 par|[from] item: Leftovers
|upkeep
|turn|94
|
|t:|1714294436
|move|p1a: Gastrodon|Scald|p2a: Clefable
|-damage|p2a: Clefable|63/100 par
|move|p2a: Clefable|Soft-Boiled|p2a: Clefable
|-heal|p2a: Clefable|100/100 par
|
|-weather|Sandstorm|[upkeep]
|upkeep
|turn|95
|
|t:|1714294444
|move|p1a: Gastrodon|Scald|p2a: Clefable
|-damage|p2a: Clefable|80/100 par
|move|p2a: Clefable|Ice Beam|p1a: Gastrodon
|-damage|p1a: Gastrodon|79/100
|
|-weather|Sandstorm|[upkeep]
|-heal|p2a: Clefable|87/100 par|[from] item: Leftovers
|upkeep
|turn|96
|
|t:|1714294450
|move|p1a: Gastrodon|Scald|p2a: Clefable
|-damage|p2a: Clefable|66/100 par
|move|p2a: Clefable|Ice Beam|p1a: Gastrodon
|-damage|p1a: Gastrodon|62/100
|
|-weather|Sandstorm|[upkeep]
|-heal|p2a: Clefable|73/100 par|[from] item: Leftovers
|upkeep
|turn|97
|
|t:|1714294455
|move|p1a: Gastrodon|Ice Beam|p2a: Clefable
|-damage|p2a: Clefable|57/100 par
|move|p2a: Clefable|Ice Beam|p1a: Gastrodon
|-damage|p1a: Gastrodon|43/100
|
|-weather|Sandstorm|[upkeep]
|-heal|p2a: Clefable|63/100 par|[from] item: Leftovers
|upkeep
|turn|98
|
|t:|1714294459
|move|p1a: Gastrodon|Recover|p1a: Gastrodon
|-heal|p1a: Gastrodon|93/100
|move|p2a: Clefable|Soft-Boiled|p2a: Clefable
|-heal|p2a: Clefable|100/100 par
|
|-weather|Sandstorm|[upkeep]
|upkeep
|turn|99
|
|t:|1714294463
|move|p1a: Gastrodon|Ice Beam|p2a: Clefable
|-damage|p2a: Clefable|87/100 par
|move|p2a: Clefable|Ice Beam|p1a: Gastrodon
|-damage|p1a: Gastrodon|76/100
|-status|p1a: Gastrodon|frz
|
|-weather|Sandstorm|[upkeep]
|-heal|p2a: Clefable|93/100 par|[from] item: Leftovers
|upkeep
|turn|100
|
|t:|1714294468
|cant|p1a: Gastrodon|frz
|move|p2a: Clefable|Ice Beam|p1a: Gastrodon
|-damage|p1a: Gastrodon|57/100 frz
|
|-weather|Sandstorm|[upkeep]
|-heal|p2a: Clefable|99/100 par|[from] item: Leftovers
|upkeep
|turn|101
|
|t:|1714294470
|cant|p1a: Gastrodon|frz
|move|p2a: Clefable|Ice Beam|p1a: Gastrodon
|-damage|p1a: Gastrodon|39/100 frz
|
|-weather|Sandstorm|[upkeep]
|-heal|p2a: Clefable|100/100 par|[from] item: Leftovers
|upkeep
|turn|102
|
|t:|1714294472
|cant|p1a: Gastrodon|frz
|cant|p2a: Clefable|par
|
|-weather|Sandstorm|[upkeep]
|upkeep
|turn|103
|
|t:|1714294474
|cant|p1a: Gastrodon|frz
|move|p2a: Clefable|Ice Beam|p1a: Gastrodon
|-damage|p1a: Gastrodon|21/100 frz
|
|-weather|Sandstorm|[upkeep]
|upkeep
|turn|104
|
|t:|1714294476
|cant|p1a: Gastrodon|frz
|cant|p2a: Clefable|par
|
|-weather|Sandstorm|[upkeep]
|upkeep
|turn|105
|
|t:|1714294478
|-curestatus|p1a: Gastrodon|frz|[msg]
|move|p1a: Gastrodon|Recover|p1a: Gastrodon
|-heal|p1a: Gastrodon|71/100
|move|p2a: Clefable|Ice Beam|p1a: Gastrodon
|-damage|p1a: Gastrodon|53/100
|
|-weather|Sandstorm|[upkeep]
|upkeep
|turn|106
|
|t:|1714294482
|move|p1a: Gastrodon|Recover|p1a: Gastrodon
|-heal|p1a: Gastrodon|100/100
|cant|p2a: Clefable|par
|
|-weather|Sandstorm|[upkeep]
|upkeep
|turn|107
|
|t:|1714294485
|move|p1a: Gastrodon|Ice Beam|p2a: Clefable
|-damage|p2a: Clefable|87/100 par
|move|p2a: Clefable|Knock Off|p1a: Gastrodon
|-damage|p1a: Gastrodon|98/100
|
|-weather|Sandstorm|[upkeep]
|-heal|p2a: Clefable|93/100 par|[from] item: Leftovers
|upkeep
|turn|108
|
|t:|1714294492
|switch|p1a: Skarmory|Skarmory, F, shiny|100/100 par
|-damage|p1a: Skarmory|88/100 par|[from] Stealth Rock
|move|p2a: Clefable|Knock Off|p1a: Skarmory
|-resisted|p1a: Skarmory
|-damage|p1a: Skarmory|87/100 par
|
|-weather|Sandstorm|[upkeep]
|-heal|p2a: Clefable|99/100 par|[from] item: Leftovers
|upkeep
|turn|109
|
|t:|1714294497
|switch|p2a: Hippowdon|Hippowdon, M|82/100
|-damage|p2a: Hippowdon|75/100|[from] Stealth Rock
|-damage|p2a: Hippowdon|50/100|[from] Spikes
|move|p1a: Skarmory|Whirlwind|p2a: Hippowdon
|drag|p2a: Skarmory|Skarmory, F|84/100 brn
|-damage|p2a: Skarmory|71/100 brn|[from] Stealth Rock
|
|-weather|Sandstorm|[upkeep]
|-damage|p2a: Skarmory|59/100 brn|[from] brn
|upkeep
|turn|110
|
|t:|1714294505
|move|p2a: Skarmory|Roost|p2a: Skarmory
|-heal|p2a: Skarmory|100/100 brn
|-singleturn|p2a: Skarmory|move: Roost
|cant|p1a: Skarmory|par
|
|-weather|Sandstorm|[upkeep]
|-damage|p2a: Skarmory|88/100 brn|[from] brn
|upkeep
|turn|111
|
|t:|1714294511
|move|p2a: Skarmory|Whirlwind|p1a: Skarmory
|drag|p1a: Alakazam|Alakazam, F, shiny|100/100
|
|-weather|Sandstorm|[upkeep]
|-damage|p2a: Skarmory|76/100 brn|[from] brn
|upkeep
|turn|112
|
|t:|1714294519
|switch|p1a: Skarmory|Skarmory, F, shiny|87/100 par
|-damage|p1a: Skarmory|75/100 par|[from] Stealth Rock
|move|p2a: Skarmory|Brave Bird|p1a: Skarmory
|-resisted|p1a: Skarmory
|-damage|p1a: Skarmory|69/100 par
|-damage|p2a: Skarmory|74/100 brn|[from] Recoil
|
|-weather|Sandstorm|[upkeep]
|-damage|p2a: Skarmory|62/100 brn|[from] brn
|upkeep
|turn|113
|
|t:|1714294525
|move|p2a: Skarmory|Roost|p2a: Skarmory
|-heal|p2a: Skarmory|100/100 brn
|-singleturn|p2a: Skarmory|move: Roost
|cant|p1a: Skarmory|par
|
|-weather|Sandstorm|[upkeep]
|-damage|p2a: Skarmory|88/100 brn|[from] brn
|upkeep
|turn|114
|
|t:|1714294528
|move|p1a: Skarmory|Roost|p1a: Skarmory
|-heal|p1a: Skarmory|100/100 par
|-singleturn|p1a: Skarmory|move: Roost
|move|p2a: Skarmory|Whirlwind|p1a: Skarmory
|drag|p1a: Gastrodon|Gastrodon-East, F, shiny|98/100
|-damage|p1a: Gastrodon|92/100|[from] Stealth Rock
|-damage|p1a: Gastrodon|67/100|[from] Spikes
|
|-weather|Sandstorm|[upkeep]
|-damage|p2a: Skarmory|76/100 brn|[from] brn
|upkeep
|turn|115
|
|t:|1714294535
|switch|p2a: Clefable|Clefable, M|99/100 par
|move|p1a: Gastrodon|Scald|p2a: Clefable
|-damage|p2a: Clefable|80/100 par
|
|-weather|Sandstorm|[upkeep]
|-heal|p2a: Clefable|86/100 par|[from] item: Leftovers
|upkeep
|turn|116
|
|t:|1714294541
|move|p1a: Gastrodon|Scald|p2a: Clefable
|-damage|p2a: Clefable|66/100 par
|move|p2a: Clefable|Knock Off|p1a: Gastrodon
|-crit|p1a: Gastrodon
|-damage|p1a: Gastrodon|61/100
|
|-weather|Sandstorm|[upkeep]
|-heal|p2a: Clefable|73/100 par|[from] item: Leftovers
|upkeep
|turn|117
|
|t:|1714294547
|move|p1a: Gastrodon|Scald|p2a: Clefable
|-damage|p2a: Clefable|54/100 par
|move|p2a: Clefable|Knock Off|p1a: Gastrodon
|-damage|p1a: Gastrodon|58/100
|
|-weather|Sandstorm|[upkeep]
|-heal|p2a: Clefable|60/100 par|[from] item: Leftovers
|upkeep
|turn|118
|
|t:|1714294551
|move|p1a: Gastrodon|Recover|p1a: Gastrodon
|-heal|p1a: Gastrodon|100/100
|move|p2a: Clefable|Soft-Boiled|p2a: Clefable
|-heal|p2a: Clefable|100/100 par
|
|-weather|Sandstorm|[upkeep]
|upkeep
|turn|119
|
|t:|1714294557
|switch|p1a: Skarmory|Skarmory, F, shiny|100/100 par
|-damage|p1a: Skarmory|88/100 par|[from] Stealth Rock
|move|p2a: Clefable|Knock Off|p1a: Skarmory
|-resisted|p1a: Skarmory
|-damage|p1a: Skarmory|87/100 par
|
|-weather|Sandstorm|[upkeep]
|upkeep
|turn|120
|
|t:|1714294563
|switch|p2a: Bronzong|Bronzong|87/100
|-damage|p2a: Bronzong|80/100|[from] Stealth Rock
|move|p1a: Skarmory|Whirlwind|p2a: Bronzong
|drag|p2a: Skarmory|Skarmory, F|76/100 brn
|-damage|p2a: Skarmory|64/100 brn|[from] Stealth Rock
|
|-weather|Sandstorm|[upkeep]
|-damage|p2a: Skarmory|51/100 brn|[from] brn
|upkeep
|turn|121
|
|t:|1714294570
|move|p2a: Skarmory|Roost|p2a: Skarmory
|-heal|p2a: Skarmory|100/100 brn
|-singleturn|p2a: Skarmory|move: Roost
|move|p1a: Skarmory|Whirlwind|p2a: Skarmory
|drag|p2a: Bronzong|Bronzong|80/100
|-damage|p2a: Bronzong|74/100|[from] Stealth Rock
|
|-weather|Sandstorm|[upkeep]
|-heal|p2a: Bronzong|80/100|[from] item: Leftovers
|upkeep
|turn|122
|
|t:|1714294577
|move|p2a: Bronzong|Protect|p2a: Bronzong
|-singleturn|p2a: Bronzong|Protect
|move|p1a: Skarmory|Whirlwind|p2a: Bronzong
|-activate|p2a: Bronzong|move: Protect
|
|-weather|Sandstorm|[upkeep]
|-heal|p2a: Bronzong|87/100|[from] item: Leftovers
|upkeep
|turn|123
|
|t:|1714294580
|move|p2a: Bronzong|Hidden Power|p1a: Skarmory
|-damage|p1a: Skarmory|73/100 par
|move|p1a: Skarmory|Whirlwind|p2a: Bronzong
|drag|p2a: Hippowdon|Hippowdon, M|50/100
|-damage|p2a: Hippowdon|44/100|[from] Stealth Rock
|-damage|p2a: Hippowdon|19/100|[from] Spikes
|
|-weather|Sandstorm|[upkeep]
|-heal|p2a: Hippowdon|25/100|[from] item: Leftovers
|upkeep
|turn|124
|
|t:|1714294587
|move|p2a: Hippowdon|Slack Off|p2a: Hippowdon
|-heal|p2a: Hippowdon|75/100
|move|p1a: Skarmory|Brave Bird|p2a: Hippowdon
|-damage|p2a: Hippowdon|53/100
|-damage|p1a: Skarmory|64/100 par|[from] Recoil
|
|-weather|Sandstorm|[upkeep]
|-heal|p2a: Hippowdon|60/100|[from] item: Leftovers
|upkeep
|turn|125
|
|t:|1714294597
|move|p2a: Hippowdon|Slack Off|p2a: Hippowdon
|-heal|p2a: Hippowdon|100/100
|move|p1a: Skarmory|Whirlwind|p2a: Hippowdon
|drag|p2a: Clefable|Clefable, M|100/100 par
|
|-weather|Sandstorm|[upkeep]
|upkeep
|turn|126
|
|t:|1714294603
|switch|p2a: Bronzong|Bronzong|87/100
|-damage|p2a: Bronzong|80/100|[from] Stealth Rock
|move|p1a: Skarmory|Roost|p1a: Skarmory
|-heal|p1a: Skarmory|100/100 par
|-singleturn|p1a: Skarmory|move: Roost
|
|-weather|Sandstorm|[upkeep]
|-heal|p2a: Bronzong|87/100|[from] item: Leftovers
|upkeep
|turn|127
|
|t:|1714294609
|move|p2a: Bronzong|Hidden Power|p1a: Skarmory
|-damage|p1a: Skarmory|87/100 par
|move|p1a: Skarmory|Spikes||[still]
|-fail|p1a: Skarmory
|
|-weather|Sandstorm|[upkeep]
|-heal|p2a: Bronzong|93/100|[from] item: Leftovers
|upkeep
|turn|128
|
|t:|1714294612
|move|p2a: Bronzong|Hidden Power|p1a: Skarmory
|-damage|p1a: Skarmory|73/100 par
|cant|p1a: Skarmory|par
|
|-weather|Sandstorm|[upkeep]
|-heal|p2a: Bronzong|99/100|[from] item: Leftovers
|upkeep
|turn|129
|
|t:|1714294614
|move|p2a: Bronzong|Hidden Power|p1a: Skarmory
|-crit|p1a: Skarmory
|-damage|p1a: Skarmory|45/100 par
|move|p1a: Skarmory|Whirlwind|p2a: Bronzong
|drag|p2a: Skarmory|Skarmory, F|100/100 brn
|-damage|p2a: Skarmory|88/100 brn|[from] Stealth Rock
|
|-weather|Sandstorm|[upkeep]
|-damage|p2a: Skarmory|76/100 brn|[from] brn
|upkeep
|turn|130
|
|t:|1714294619
|move|p1a: Skarmory|Roost|p1a: Skarmory
|-heal|p1a: Skarmory|95/100 par
|-singleturn|p1a: Skarmory|move: Roost
|move|p2a: Skarmory|Whirlwind|p1a: Skarmory
|drag|p1a: Gastrodon|Gastrodon-East, F, shiny|100/100
|-damage|p1a: Gastrodon|94/100|[from] Stealth Rock
|-damage|p1a: Gastrodon|70/100|[from] Spikes
|
|-weather|Sandstorm|[upkeep]
|-damage|p2a: Skarmory|64/100 brn|[from] brn
|upkeep
|turn|131
|
|t:|1714294627
|switch|p2a: Clefable|Clefable, M|100/100 par
|move|p1a: Gastrodon|Scald|p2a: Clefable
|-damage|p2a: Clefable|82/100 par
|
|-weather|Sandstorm|[upkeep]
|-heal|p2a: Clefable|88/100 par|[from] item: Leftovers
|upkeep
|turn|132
|
|t:|1714294633
|move|p1a: Gastrodon|Ice Beam|p2a: Clefable
|-damage|p2a: Clefable|72/100 par
|move|p2a: Clefable|Knock Off|p1a: Gastrodon
|-damage|p1a: Gastrodon|67/100
|
|-weather|Sandstorm|[upkeep]
|-heal|p2a: Clefable|78/100 par|[from] item: Leftovers
|upkeep
|turn|133
|
|t:|1714294637
|move|p1a: Gastrodon|Ice Beam|p2a: Clefable
|-damage|p2a: Clefable|62/100 par
|move|p2a: Clefable|Knock Off|p1a: Gastrodon
|-damage|p1a: Gastrodon|64/100
|
|-weather|Sandstorm|[upkeep]
|-heal|p2a: Clefable|68/100 par|[from] item: Leftovers
|upkeep
|turn|134
|
|t:|1714294643
|move|p1a: Gastrodon|Ice Beam|p2a: Clefable
|-crit|p2a: Clefable
|-damage|p2a: Clefable|37/100 par
|move|p2a: Clefable|Knock Off|p1a: Gastrodon
|-damage|p1a: Gastrodon|61/100
|
|-weather|Sandstorm|[upkeep]
|-heal|p2a: Clefable|43/100 par|[from] item: Leftovers
|upkeep
|turn|135
|
|t:|1714294648
|move|p1a: Gastrodon|Ice Beam|p2a: Clefable
|-damage|p2a: Clefable|27/100 par
|move|p2a: Clefable|Soft-Boiled|p2a: Clefable
|-heal|p2a: Clefable|77/100 par
|
|-weather|Sandstorm|[upkeep]
|-heal|p2a: Clefable|83/100 par|[from] item: Leftovers
|upkeep
|turn|136
|
|t:|1714294652
|move|p1a: Gastrodon|Ice Beam|p2a: Clefable
|-damage|p2a: Clefable|69/100 par
|move|p2a: Clefable|Knock Off|p1a: Gastrodon
|-damage|p1a: Gastrodon|58/100
|
|-weather|Sandstorm|[upkeep]
|-heal|p2a: Clefable|75/100 par|[from] item: Leftovers
|upkeep
|turn|137
|
|t:|1714294656
|move|p1a: Gastrodon|Ice Beam|p2a: Clefable
|-damage|p2a: Clefable|61/100 par
|move|p2a: Clefable|Knock Off|p1a: Gastrodon
|-damage|p1a: Gastrodon|55/100
|
|-weather|Sandstorm|[upkeep]
|-heal|p2a: Clefable|67/100 par|[from] item: Leftovers
|upkeep
|turn|138
|
|t:|1714294660
|move|p1a: Gastrodon|Ice Beam|p2a: Clefable
|-damage|p2a: Clefable|52/100 par
|move|p2a: Clefable|Knock Off|p1a: Gastrodon
|-damage|p1a: Gastrodon|53/100
|
|-weather|Sandstorm|[upkeep]
|-heal|p2a: Clefable|58/100 par|[from] item: Leftovers
|upkeep
|turn|139
|
|t:|1714294664
|move|p1a: Gastrodon|Ice Beam|p2a: Clefable
|-damage|p2a: Clefable|43/100 par
|move|p2a: Clefable|Thunder Wave|p1a: Gastrodon
|-immune|p1a: Gastrodon
|
|-weather|Sandstorm|[upkeep]
|-heal|p2a: Clefable|49/100 par|[from] item: Leftovers
|upkeep
|turn|140
|
|t:|1714294669
|move|p1a: Gastrodon|Ice Beam|p2a: Clefable
|-damage|p2a: Clefable|34/100 par
|move|p2a: Clefable|Soft-Boiled|p2a: Clefable
|-heal|p2a: Clefable|84/100 par
|
|-weather|Sandstorm|[upkeep]
|-heal|p2a: Clefable|90/100 par|[from] item: Leftovers
|upkeep
|turn|141
|
|t:|1714294676
|move|p1a: Gastrodon|Scald|p2a: Clefable
|-damage|p2a: Clefable|70/100 par
|move|p2a: Clefable|Thunder Wave|p1a: Gastrodon
|-immune|p1a: Gastrodon
|
|-weather|Sandstorm|[upkeep]
|-heal|p2a: Clefable|76/100 par|[from] item: Leftovers
|upkeep
|turn|142
|
|t:|1714294680
|move|p1a: Gastrodon|Scald|p2a: Clefable
|-damage|p2a: Clefable|57/100 par
|move|p2a: Clefable|Thunder Wave|p1a: Gastrodon
|-immune|p1a: Gastrodon
|
|-weather|Sandstorm|[upkeep]
|-heal|p2a: Clefable|63/100 par|[from] item: Leftovers
|upkeep
|turn|143
|
|t:|1714294685
|move|p1a: Gastrodon|Scald|p2a: Clefable
|-damage|p2a: Clefable|45/100 par
|move|p2a: Clefable|Soft-Boiled|p2a: Clefable
|-heal|p2a: Clefable|95/100 par
|
|-weather|Sandstorm|[upkeep]
|-heal|p2a: Clefable|100/100 par|[from] item: Leftovers
|upkeep
|turn|144
|
|t:|1714294690
|move|p1a: Gastrodon|Recover|p1a: Gastrodon
|-heal|p1a: Gastrodon|100/100
|move|p2a: Clefable|Thunder Wave|p1a: Gastrodon
|-immune|p1a: Gastrodon
|
|-weather|Sandstorm|[upkeep]
|upkeep
|turn|145
|
|t:|1714294693
|move|p1a: Gastrodon|Scald|p2a: Clefable
|-damage|p2a: Clefable|82/100 par
|move|p2a: Clefable|Thunder Wave|p1a: Gastrodon
|-immune|p1a: Gastrodon
|
|-weather|Sandstorm|[upkeep]
|-heal|p2a: Clefable|88/100 par|[from] item: Leftovers
|upkeep
|turn|146
|
|t:|1714294697
|move|p1a: Gastrodon|Scald|p2a: Clefable
|-damage|p2a: Clefable|70/100 par
|move|p2a: Clefable|Thunder Wave|p1a: Gastrodon
|-immune|p1a: Gastrodon
|
|-weather|Sandstorm|[upkeep]
|-heal|p2a: Clefable|76/100 par|[from] item: Leftovers
|upkeep
|turn|147
|
|t:|1714294701
|move|p1a: Gastrodon|Scald|p2a: Clefable
|-damage|p2a: Clefable|58/100 par
|move|p2a: Clefable|Thunder Wave|p1a: Gastrodon
|-immune|p1a: Gastrodon
|
|-weather|Sandstorm|[upkeep]
|-heal|p2a: Clefable|64/100 par|[from] item: Leftovers
|upkeep
|turn|148
|
|t:|1714294705
|move|p1a: Gastrodon|Scald|p2a: Clefable
|-damage|p2a: Clefable|44/100 par
|move|p2a: Clefable|Soft-Boiled|p2a: Clefable
|-heal|p2a: Clefable|94/100 par
|
|-weather|Sandstorm|[upkeep]
|-heal|p2a: Clefable|99/100 par|[from] item: Leftovers
|upkeep
|turn|149
|
|t:|1714294710
|move|p1a: Gastrodon|Ice Beam|p2a: Clefable
|-damage|p2a: Clefable|85/100 par
|move|p2a: Clefable|Thunder Wave|p1a: Gastrodon
|-immune|p1a: Gastrodon
|
|-weather|Sandstorm|[upkeep]
|-heal|p2a: Clefable|91/100 par|[from] item: Leftovers
|upkeep
|turn|150
|
|t:|1714294714
|switch|p1a: Skarmory|Skarmory, F, shiny|95/100 par
|-damage|p1a: Skarmory|83/100 par|[from] Stealth Rock
|move|p2a: Clefable|Thunder Wave|p1a: Skarmory
|-fail|p1a: Skarmory|par
|
|-weather|Sandstorm|[upkeep]
|-heal|p2a: Clefable|97/100 par|[from] item: Leftovers
|upkeep
|turn|151
|
|t:|1714294720
|switch|p2a: Bronzong|Bronzong|99/100
|-damage|p2a: Bronzong|93/100|[from] Stealth Rock
|move|p1a: Skarmory|Brave Bird|p2a: Bronzong
|-resisted|p2a: Bronzong
|-damage|p2a: Bronzong|80/100
|-damage|p1a: Skarmory|78/100 par|[from] Recoil
|
|-weather|Sandstorm|[upkeep]
|-heal|p2a: Bronzong|86/100|[from] item: Leftovers
|upkeep
|turn|152
|
|t:|1714294724
|move|p2a: Bronzong|Hidden Power|p1a: Skarmory
|-damage|p1a: Skarmory|63/100 par
|move|p1a: Skarmory|Whirlwind|p2a: Bronzong
|drag|p2a: Skarmory|Skarmory, F|64/100 brn
|-damage|p2a: Skarmory|51/100 brn|[from] Stealth Rock
|
|-weather|Sandstorm|[upkeep]
|-damage|p2a: Skarmory|39/100 brn|[from] brn
|upkeep
|turn|153
|
|t:|1714294730
|move|p2a: Skarmory|Roost|p2a: Skarmory
|-heal|p2a: Skarmory|89/100 brn
|-singleturn|p2a: Skarmory|move: Roost
|cant|p1a: Skarmory|par
|
|-weather|Sandstorm|[upkeep]
|-damage|p2a: Skarmory|77/100 brn|[from] brn
|upkeep
|turn|154
|
|t:|1714294735
|move|p1a: Skarmory|Roost|p1a: Skarmory
|-heal|p1a: Skarmory|100/100 par
|-singleturn|p1a: Skarmory|move: Roost
|move|p2a: Skarmory|Whirlwind|p1a: Skarmory
|drag|p1a: Gastrodon|Gastrodon-East, F, shiny|100/100
|-damage|p1a: Gastrodon|94/100|[from] Stealth Rock
|-damage|p1a: Gastrodon|70/100|[from] Spikes
|
|-weather|Sandstorm|[upkeep]
|-damage|p2a: Skarmory|65/100 brn|[from] brn
|upkeep
|turn|155
|
|t:|1714294738
|switch|p2a: Clefable|Clefable, M|97/100 par
|move|p1a: Gastrodon|Scald|p2a: Clefable
|-damage|p2a: Clefable|77/100 par
|
|-weather|Sandstorm|[upkeep]
|-heal|p2a: Clefable|83/100 par|[from] item: Leftovers
|upkeep
|turn|156
|
|t:|1714294744
|switch|p1a: Skarmory|Skarmory, F, shiny|100/100 par
|-damage|p1a: Skarmory|88/100 par|[from] Stealth Rock
|cant|p2a: Clefable|par
|
|-weather|Sandstorm|[upkeep]
|-heal|p2a: Clefable|89/100 par|[from] item: Leftovers
|upkeep
|turn|157
|
|t:|1714294750
|switch|p2a: Bronzong|Bronzong|86/100
|-damage|p2a: Bronzong|80/100|[from] Stealth Rock
|move|p1a: Skarmory|Whirlwind|p2a: Bronzong
|drag|p2a: Hippowdon|Hippowdon, M|100/100
|-damage|p2a: Hippowdon|94/100|[from] Stealth Rock
|-damage|p2a: Hippowdon|69/100|[from] Spikes
|
|-weather|Sandstorm|[upkeep]
|-heal|p2a: Hippowdon|75/100|[from] item: Leftovers
|upkeep
|turn|158
|
|t:|1714294758
|move|p2a: Hippowdon|Whirlwind|p1a: Skarmory
|drag|p1a: Alakazam|Alakazam, F, shiny|100/100
|
|-weather|Sandstorm|[upkeep]
|-heal|p2a: Hippowdon|82/100|[from] item: Leftovers
|upkeep
|turn|159
|
|t:|1714294763
|move|p1a: Alakazam|Hidden Power|p2a: Hippowdon
|-supereffective|p2a: Hippowdon
|-crit|p2a: Hippowdon
|-damage|p2a: Hippowdon|15/100
|move|p2a: Hippowdon|Earthquake|p1a: Alakazam
|-damage|p1a: Alakazam|4/100
|
|-weather|Sandstorm|[upkeep]
|-heal|p2a: Hippowdon|21/100|[from] item: Leftovers
|upkeep
|turn|160
|
|t:|1714294770
|move|p1a: Alakazam|Hidden Power|p2a: Hippowdon
|-supereffective|p2a: Hippowdon
|-damage|p2a: Hippowdon|0 fnt
|faint|p2a: Hippowdon
|
|-weather|Sandstorm|[upkeep]
|upkeep
|
|t:|1714294772
|switch|p2a: Bronzong|Bronzong|80/100
|-damage|p2a: Bronzong|74/100|[from] Stealth Rock
|turn|161
|
|t:|1714294776
|switch|p1a: Gastrodon|Gastrodon-East, F, shiny|70/100
|-damage|p1a: Gastrodon|63/100|[from] Stealth Rock
|-damage|p1a: Gastrodon|39/100|[from] Spikes
|move|p2a: Bronzong|Earthquake|p1a: Gastrodon
|-damage|p1a: Gastrodon|22/100
|
|-weather|Sandstorm|[upkeep]
|-heal|p2a: Bronzong|80/100|[from] item: Leftovers
|upkeep
|turn|162
|
|t:|1714294783
|switch|p2a: Clefable|Clefable, M|89/100 par
|move|p1a: Gastrodon|Recover|p1a: Gastrodon
|-heal|p1a: Gastrodon|72/100
|
|-weather|Sandstorm|[upkeep]
|-heal|p2a: Clefable|95/100 par|[from] item: Leftovers
|upkeep
|turn|163
|
|t:|1714294787
|move|p1a: Gastrodon|Recover|p1a: Gastrodon
|-heal|p1a: Gastrodon|100/100
|move|p2a: Clefable|Ice Beam|p1a: Gastrodon
|-damage|p1a: Gastrodon|82/100
|
|-weather|Sandstorm|[upkeep]
|-heal|p2a: Clefable|100/100 par|[from] item: Leftovers
|upkeep
|turn|164
|
|t:|1714294794
|move|p1a: Gastrodon|Ice Beam|p2a: Clefable
|-damage|p2a: Clefable|85/100 par
|move|p2a: Clefable|Thunder Wave|p1a: Gastrodon
|-immune|p1a: Gastrodon
|
|-weather|Sandstorm|[upkeep]
|-heal|p2a: Clefable|91/100 par|[from] item: Leftovers
|upkeep
|turn|165
|
|t:|1714294798
|switch|p1a: Skarmory|Skarmory, F, shiny|88/100 par
|-damage|p1a: Skarmory|76/100 par|[from] Stealth Rock
|move|p2a: Clefable|Thunder Wave|p1a: Skarmory
|-fail|p1a: Skarmory|par
|
|-weather|Sandstorm|[upkeep]
|-heal|p2a: Clefable|97/100 par|[from] item: Leftovers
|upkeep
|turn|166
|
|t:|1714294805
|switch|p2a: Bronzong|Bronzong|80/100
|-damage|p2a: Bronzong|74/100|[from] Stealth Rock
|move|p1a: Skarmory|Whirlwind|p2a: Bronzong
|drag|p2a: Latias|Latias, F|100/100
|-damage|p2a: Latias|88/100|[from] Stealth Rock
|
|-weather|Sandstorm|[upkeep]
|-damage|p2a: Latias|82/100|[from] Sandstorm
|upkeep
|turn|167
|
|t:|1714294811
|move|p2a: Latias|Draco Meteor|p1a: Skarmory
|-resisted|p1a: Skarmory
|-damage|p1a: Skarmory|47/100 par
|-unboost|p2a: Latias|spa|2
|cant|p1a: Skarmory|par
|
|-weather|Sandstorm|[upkeep]
|-damage|p2a: Latias|76/100|[from] Sandstorm
|upkeep
|turn|168
|
|t:|1714294817
|switch|p2a: Bronzong|Bronzong|74/100
|-damage|p2a: Bronzong|67/100|[from] Stealth Rock
|cant|p1a: Skarmory|par
|
|-weather|Sandstorm|[upkeep]
|-heal|p2a: Bronzong|74/100|[from] item: Leftovers
|upkeep
|turn|169
|
|t:|1714294820
|move|p2a: Bronzong|Protect|p2a: Bronzong
|-singleturn|p2a: Bronzong|Protect
|cant|p1a: Skarmory|par
|
|-weather|Sandstorm|[upkeep]
|-heal|p2a: Bronzong|80/100|[from] item: Leftovers
|upkeep
|turn|170
|
|t:|1714294823
|move|p2a: Bronzong|Hidden Power|p1a: Skarmory
|-damage|p1a: Skarmory|33/100 par
|move|p1a: Skarmory|Roost|p1a: Skarmory
|-heal|p1a: Skarmory|83/100 par
|-singleturn|p1a: Skarmory|move: Roost
|
|-weather|Sandstorm|[upkeep]
|-heal|p2a: Bronzong|86/100|[from] item: Leftovers
|upkeep
|turn|171
|
|t:|1714294827
|move|p2a: Bronzong|Hidden Power|p1a: Skarmory
|-damage|p1a: Skarmory|70/100 par
|move|p1a: Skarmory|Whirlwind|p2a: Bronzong
|drag|p2a: Clefable|Clefable, M|97/100 par
|
|-weather|Sandstorm|[upkeep]
|-heal|p2a: Clefable|100/100 par|[from] item: Leftovers
|upkeep
|turn|172
|
|t:|1714294831
|switch|p2a: Bronzong|Bronzong|86/100
|-damage|p2a: Bronzong|80/100|[from] Stealth Rock
|move|p1a: Skarmory|Roost|p1a: Skarmory
|-heal|p1a: Skarmory|100/100 par
|-singleturn|p1a: Skarmory|move: Roost
|
|-weather|Sandstorm|[upkeep]
|-heal|p2a: Bronzong|86/100|[from] item: Leftovers
|upkeep
|turn|173
|
|t:|1714294835
|move|p2a: Bronzong|Protect|p2a: Bronzong
|-singleturn|p2a: Bronzong|Protect
|cant|p1a: Skarmory|par
|
|-weather|Sandstorm|[upkeep]
|-heal|p2a: Bronzong|92/100|[from] item: Leftovers
|upkeep
|turn|174
|
|t:|1714294839
|move|p2a: Bronzong|Hidden Power|p1a: Skarmory
|-damage|p1a: Skarmory|86/100 par
|cant|p1a: Skarmory|par
|
|-weather|Sandstorm|[upkeep]
|-heal|p2a: Bronzong|98/100|[from] item: Leftovers
|upkeep
|turn|175
|
|t:|1714294844
|move|p2a: Bronzong|Hidden Power|p1a: Skarmory
|-damage|p1a: Skarmory|72/100 par
|move|p1a: Skarmory|Whirlwind|p2a: Bronzong
|drag|p2a: Skarmory|Skarmory, F|65/100 brn
|-damage|p2a: Skarmory|52/100 brn|[from] Stealth Rock
|
|-weather|Sandstorm|[upkeep]
|-damage|p2a: Skarmory|40/100 brn|[from] brn
|upkeep
|turn|176
|
|t:|1714294850
|move|p2a: Skarmory|Roost|p2a: Skarmory
|-heal|p2a: Skarmory|90/100 brn
|-singleturn|p2a: Skarmory|move: Roost
|move|p1a: Skarmory|Whirlwind|p2a: Skarmory
|drag|p2a: Clefable|Clefable, M|100/100 par
|
|-weather|Sandstorm|[upkeep]
|upkeep
|turn|177
|
|t:|1714294857
|switch|p2a: Bronzong|Bronzong|98/100
|-damage|p2a: Bronzong|92/100|[from] Stealth Rock
|move|p1a: Skarmory|Whirlwind|p2a: Bronzong
|drag|p2a: Skarmory|Skarmory, F|90/100 brn
|-damage|p2a: Skarmory|78/100 brn|[from] Stealth Rock
|
|-weather|Sandstorm|[upkeep]
|-damage|p2a: Skarmory|65/100 brn|[from] brn
|upkeep
|turn|178
|
|t:|1714294864
|move|p2a: Skarmory|Roost|p2a: Skarmory
|-heal|p2a: Skarmory|100/100 brn
|-singleturn|p2a: Skarmory|move: Roost
|move|p1a: Skarmory|Brave Bird|p2a: Skarmory
|-resisted|p2a: Skarmory
|-damage|p2a: Skarmory|90/100 brn
|-damage|p1a: Skarmory|55/100 par|[from] item: Rocky Helmet|[of] p2a: Skarmory
|-damage|p1a: Skarmory|52/100 par|[from] Recoil
|
|-weather|Sandstorm|[upkeep]
|-damage|p2a: Skarmory|78/100 brn|[from] brn
|upkeep
|turn|179
|
|t:|1714294869
|switch|p2a: Clefable|Clefable, M|100/100 par
|move|p1a: Skarmory|Roost|p1a: Skarmory
|-heal|p1a: Skarmory|100/100 par
|-singleturn|p1a: Skarmory|move: Roost
|
|-weather|Sandstorm|[upkeep]
|upkeep
|turn|180
|
|t:|1714294872
|switch|p2a: Bronzong|Bronzong|92/100
|-damage|p2a: Bronzong|86/100|[from] Stealth Rock
|cant|p1a: Skarmory|par
|
|-weather|Sandstorm|[upkeep]
|-heal|p2a: Bronzong|92/100|[from] item: Leftovers
|upkeep
|turn|181
|
|t:|1714294874
|move|p2a: Bronzong|Hidden Power|p1a: Skarmory
|-damage|p1a: Skarmory|87/100 par
|move|p1a: Skarmory|Whirlwind|p2a: Bronzong
|drag|p2a: Latias|Latias, F|76/100
|-damage|p2a: Latias|64/100|[from] Stealth Rock
|
|-weather|Sandstorm|[upkeep]
|-damage|p2a: Latias|58/100|[from] Sandstorm
|upkeep
|turn|182
|
|t:|1714294878
|move|p2a: Latias|Surf|p1a: Skarmory
|-damage|p1a: Skarmory|63/100 par
|move|p1a: Skarmory|Brave Bird|p2a: Latias
|-damage|p2a: Latias|23/100
|-damage|p1a: Skarmory|50/100 par|[from] Recoil
|
|-weather|Sandstorm|[upkeep]
|-damage|p2a: Latias|17/100|[from] Sandstorm
|upkeep
|turn|183
|
|t:|1714294884
|move|p2a: Latias|Recover|p2a: Latias
|-heal|p2a: Latias|67/100
|move|p1a: Skarmory|Brave Bird|p2a: Latias
|-damage|p2a: Latias|30/100
|-damage|p1a: Skarmory|37/100 par|[from] Recoil
|
|-weather|Sandstorm|[upkeep]
|-damage|p2a: Latias|24/100|[from] Sandstorm
|upkeep
|turn|184
|
|t:|1714294887
|move|p2a: Latias|Recover|p2a: Latias
|-heal|p2a: Latias|74/100
|move|p1a: Skarmory|Whirlwind|p2a: Latias
|drag|p2a: Skarmory|Skarmory, F|78/100 brn
|-damage|p2a: Skarmory|65/100 brn|[from] Stealth Rock
|
|-weather|Sandstorm|[upkeep]
|-damage|p2a: Skarmory|53/100 brn|[from] brn
|upkeep
|turn|185
|
|t:|1714294891
|move|p2a: Skarmory|Roost|p2a: Skarmory
|-heal|p2a: Skarmory|100/100 brn
|-singleturn|p2a: Skarmory|move: Roost
|move|p1a: Skarmory|Brave Bird|p2a: Skarmory
|-resisted|p2a: Skarmory
|-damage|p2a: Skarmory|91/100 brn
|-damage|p1a: Skarmory|20/100 par|[from] item: Rocky Helmet|[of] p2a: Skarmory
|-damage|p1a: Skarmory|17/100 par|[from] Recoil
|
|-weather|Sandstorm|[upkeep]
|-damage|p2a: Skarmory|79/100 brn|[from] brn
|upkeep
|turn|186
|
|t:|1714294894
|move|p2a: Skarmory|Roost|p2a: Skarmory
|-heal|p2a: Skarmory|100/100 brn
|-singleturn|p2a: Skarmory|move: Roost
|move|p1a: Skarmory|Whirlwind|p2a: Skarmory
|drag|p2a: Latias|Latias, F|74/100
|-damage|p2a: Latias|61/100|[from] Stealth Rock
|
|-weather|Sandstorm|[upkeep]
|-damage|p2a: Latias|55/100|[from] Sandstorm
|upkeep
|turn|187
|
|t:|1714294897
|move|p2a: Latias|Recover|p2a: Latias
|-heal|p2a: Latias|100/100
|move|p1a: Skarmory|Brave Bird|p2a: Latias
|-damage|p2a: Latias|67/100
|-damage|p1a: Skarmory|4/100 par|[from] Recoil
|
|-weather|Sandstorm|[upkeep]
|-damage|p2a: Latias|61/100|[from] Sandstorm
|upkeep
|turn|188
|
|t:|1714294899
|move|p2a: Latias|Recover|p2a: Latias
|-heal|p2a: Latias|100/100
|move|p1a: Skarmory|Whirlwind|p2a: Latias
|drag|p2a: Clefable|Clefable, M|100/100 par
|
|-weather|Sandstorm|[upkeep]
|upkeep
|turn|189
|
|t:|1714294903
|switch|p2a: Bronzong|Bronzong|92/100
|-damage|p2a: Bronzong|86/100|[from] Stealth Rock
|move|p1a: Skarmory|Brave Bird|p2a: Bronzong
|-resisted|p2a: Bronzong
|-damage|p2a: Bronzong|72/100
|-damage|p1a: Skarmory|0 fnt|[from] Recoil
|faint|p1a: Skarmory
|
|-weather|Sandstorm|[upkeep]
|-heal|p2a: Bronzong|78/100|[from] item: Leftovers
|upkeep
|
|t:|1714294906
|switch|p1a: Alakazam|Alakazam, F, shiny|4/100
|turn|190
|
|t:|1714294909
|move|p1a: Alakazam|Focus Blast|p2a: Bronzong
|-damage|p2a: Bronzong|46/100
|move|p2a: Bronzong|Gyro Ball|p1a: Alakazam
|-damage|p1a: Alakazam|0 fnt
|faint|p1a: Alakazam
|
|-weather|Sandstorm|[upkeep]
|-heal|p2a: Bronzong|53/100|[from] item: Leftovers
|upkeep
|
|t:|1714294913
|switch|p1a: Gastrodon|Gastrodon-East, F, shiny|82/100
|-damage|p1a: Gastrodon|76/100|[from] Stealth Rock
|-damage|p1a: Gastrodon|51/100|[from] Spikes
|turn|191
|
|t:|1714294916
|switch|p2a: Clefable|Clefable, M|100/100 par
|move|p1a: Gastrodon|Scald|p2a: Clefable
|-damage|p2a: Clefable|80/100 par
|
|-weather|Sandstorm|[upkeep]
|-heal|p2a: Clefable|87/100 par|[from] item: Leftovers
|upkeep
|turn|192
|
|t:|1714294918
|move|p1a: Gastrodon|Scald|p2a: Clefable
|-damage|p2a: Clefable|66/100 par
|move|p2a: Clefable|Thunder Wave|p1a: Gastrodon
|-immune|p1a: Gastrodon
|
|-weather|Sandstorm|[upkeep]
|-heal|p2a: Clefable|73/100 par|[from] item: Leftovers
|upkeep
|turn|193
|
|t:|1714294920
|move|p1a: Gastrodon|Ice Beam|p2a: Clefable
|-crit|p2a: Clefable
|-damage|p2a: Clefable|40/100 par
|move|p2a: Clefable|Thunder Wave|p1a: Gastrodon
|-immune|p1a: Gastrodon
|
|-weather|Sandstorm|[upkeep]
|-heal|p2a: Clefable|46/100 par|[from] item: Leftovers
|upkeep
|turn|194
|
|t:|1714294923
|move|p1a: Gastrodon|Ice Beam|p2a: Clefable
|-damage|p2a: Clefable|29/100 par
|move|p2a: Clefable|Soft-Boiled|p2a: Clefable
|-heal|p2a: Clefable|79/100 par
|
|-weather|Sandstorm|[upkeep]
|-heal|p2a: Clefable|86/100 par|[from] item: Leftovers
|upkeep
|turn|195
|
|t:|1714294926
|move|p1a: Gastrodon|Toxic||[still]
|-fail|p1a: Gastrodon
|move|p2a: Clefable|Knock Off|p1a: Gastrodon
|-damage|p1a: Gastrodon|48/100
|
|-weather|Sandstorm|[upkeep]
|-heal|p2a: Clefable|92/100 par|[from] item: Leftovers
|upkeep
|turn|196
|
|t:|1714294928
|move|p1a: Gastrodon|Recover|p1a: Gastrodon
|-heal|p1a: Gastrodon|98/100
|cant|p2a: Clefable|par
|
|-weather|Sandstorm|[upkeep]
|-heal|p2a: Clefable|98/100 par|[from] item: Leftovers
|upkeep
|turn|197
|
|t:|1714294930
|move|p1a: Gastrodon|Toxic||[still]
|-fail|p1a: Gastrodon
|move|p2a: Clefable|Knock Off|p1a: Gastrodon
|-damage|p1a: Gastrodon|96/100
|
|-weather|Sandstorm|[upkeep]
|-heal|p2a: Clefable|100/100 par|[from] item: Leftovers
|upkeep
|turn|198
|
|t:|1714294935
|move|p1a: Gastrodon|Toxic||[still]
|-fail|p1a: Gastrodon
|move|p2a: Clefable|Knock Off|p1a: Gastrodon
|-damage|p1a: Gastrodon|93/100
|
|-weather|Sandstorm|[upkeep]
|upkeep
|turn|199
|
|t:|1714294938
|move|p1a: Gastrodon|Toxic||[still]
|-fail|p1a: Gastrodon
|move|p2a: Clefable|Knock Off|p1a: Gastrodon
|-damage|p1a: Gastrodon|91/100
|
|-weather|Sandstorm|[upkeep]
|upkeep
|turn|200
|
|t:|1714294940
|move|p1a: Gastrodon|Toxic||[still]
|-fail|p1a: Gastrodon
|move|p2a: Clefable|Knock Off|p1a: Gastrodon
|-damage|p1a: Gastrodon|88/100
|
|-weather|Sandstorm|[upkeep]
|upkeep
|turn|201
|
|t:|1714294942
|move|p1a: Gastrodon|Toxic||[still]
|-fail|p1a: Gastrodon
|move|p2a: Clefable|Thunder Wave|p1a: Gastrodon
|-immune|p1a: Gastrodon
|
|-weather|Sandstorm|[upkeep]
|upkeep
|turn|202
|
|t:|1714294944
|move|p1a: Gastrodon|Toxic|p2a: Clefable|[miss]
|-miss|p1a: Gastrodon|p2a: Clefable
|move|p2a: Clefable|Thunder Wave|p1a: Gastrodon
|-immune|p1a: Gastrodon
|
|-weather|Sandstorm|[upkeep]
|upkeep
|turn|203
|
|t:|1714294947
|move|p1a: Gastrodon|Toxic||[still]
|-fail|p1a: Gastrodon
|move|p2a: Clefable|Thunder Wave|p1a: Gastrodon
|-immune|p1a: Gastrodon
|
|-weather|Sandstorm|[upkeep]
|upkeep
|turn|204
|
|t:|1714294949
|move|p1a: Gastrodon|Toxic||[still]
|-fail|p1a: Gastrodon
|move|p2a: Clefable|Thunder Wave|p1a: Gastrodon
|-immune|p1a: Gastrodon
|
|-weather|Sandstorm|[upkeep]
|upkeep
|turn|205
|
|t:|1714294953
|move|p1a: Gastrodon|Toxic||[still]
|-fail|p1a: Gastrodon
|move|p2a: Clefable|Thunder Wave|p1a: Gastrodon
|-immune|p1a: Gastrodon
|
|-weather|Sandstorm|[upkeep]
|upkeep
|turn|206
|
|t:|1714294957
|move|p1a: Gastrodon|Toxic||[still]
|-fail|p1a: Gastrodon
|move|p2a: Clefable|Thunder Wave|p1a: Gastrodon
|-immune|p1a: Gastrodon
|
|-weather|Sandstorm|[upkeep]
|upkeep
|turn|207
|
|t:|1714294964
|move|p1a: Gastrodon|Toxic||[still]
|-fail|p1a: Gastrodon
|move|p2a: Clefable|Thunder Wave|p1a: Gastrodon
|-immune|p1a: Gastrodon
|
|-weather|Sandstorm|[upkeep]
|upkeep
|turn|208
|
|t:|1714294968
|move|p1a: Gastrodon|Toxic||[still]
|-fail|p1a: Gastrodon
|move|p2a: Clefable|Thunder Wave|p1a: Gastrodon
|-immune|p1a: Gastrodon
|
|-weather|Sandstorm|[upkeep]
|upkeep
|turn|209
|
|t:|1714294973
|move|p1a: Gastrodon|Toxic||[still]
|-fail|p1a: Gastrodon
|move|p2a: Clefable|Thunder Wave|p1a: Gastrodon
|-immune|p1a: Gastrodon
|
|-weather|Sandstorm|[upkeep]
|upkeep
|turn|210
|
|t:|1714294981
|move|p1a: Gastrodon|Toxic|p2a: Clefable|[miss]
|-miss|p1a: Gastrodon|p2a: Clefable
|cant|p2a: Clefable|par
|
|-weather|Sandstorm|[upkeep]
|upkeep
|turn|211
|
|t:|1714294987
|move|p1a: Gastrodon|Toxic||[still]
|-fail|p1a: Gastrodon
|move|p2a: Clefable|Thunder Wave|p1a: Gastrodon
|-immune|p1a: Gastrodon
|
|-weather|Sandstorm|[upkeep]
|upkeep
|turn|212
|
|t:|1714294993
|move|p1a: Gastrodon|Recover|p1a: Gastrodon
|-heal|p1a: Gastrodon|100/100
|move|p2a: Clefable|Knock Off|p1a: Gastrodon
|-damage|p1a: Gastrodon|98/100
|
|-weather|Sandstorm|[upkeep]
|upkeep
|turn|213
|
|t:|1714294998
|move|p1a: Gastrodon|Recover|p1a: Gastrodon
|-heal|p1a: Gastrodon|100/100
|move|p2a: Clefable|Knock Off|p1a: Gastrodon
|-crit|p1a: Gastrodon
|-damage|p1a: Gastrodon|95/100
|
|-weather|Sandstorm|[upkeep]
|upkeep
|turn|214
|
|t:|1714295005
|move|p1a: Gastrodon|Recover|p1a: Gastrodon
|-heal|p1a: Gastrodon|100/100
|move|p2a: Clefable|Knock Off|p1a: Gastrodon
|-damage|p1a: Gastrodon|98/100
|
|-weather|Sandstorm|[upkeep]
|upkeep
|turn|215
|
|t:|1714295010
|move|p1a: Gastrodon|Recover|p1a: Gastrodon
|-heal|p1a: Gastrodon|100/100
|move|p2a: Clefable|Knock Off|p1a: Gastrodon
|-damage|p1a: Gastrodon|98/100
|
|-weather|Sandstorm|[upkeep]
|upkeep
|turn|216
|
|t:|1714295012
|move|p1a: Gastrodon|Recover|p1a: Gastrodon
|-heal|p1a: Gastrodon|100/100
|cant|p2a: Clefable|par
|
|-weather|Sandstorm|[upkeep]
|upkeep
|turn|217
|
|t:|1714295014
|move|p1a: Gastrodon|Recover||[still]
|-fail|p1a: Gastrodon|heal
|cant|p2a: Clefable|par
|
|-weather|Sandstorm|[upkeep]
|upkeep
|turn|218
|
|t:|1714295019
|-activate|p1a: Gastrodon|move: Struggle
|move|p1a: Gastrodon|Struggle|p2a: Clefable
|-damage|p2a: Clefable|92/100 par
|-damage|p1a: Gastrodon|75/100|[from] recoil
|move|p2a: Clefable|Knock Off|p1a: Gastrodon
|-crit|p1a: Gastrodon
|-damage|p1a: Gastrodon|70/100
|
|-weather|Sandstorm|[upkeep]
|-heal|p2a: Clefable|98/100 par|[from] item: Leftovers
|upkeep
|turn|219
|
|t:|1714295021
|-activate|p1a: Gastrodon|move: Struggle
|move|p1a: Gastrodon|Struggle|p2a: Clefable
|-damage|p2a: Clefable|90/100 par
|-damage|p1a: Gastrodon|45/100|[from] recoil
|cant|p2a: Clefable|par
|
|-weather|Sandstorm|[upkeep]
|-heal|p2a: Clefable|96/100 par|[from] item: Leftovers
|upkeep
|turn|220
|
|t:|1714295024
|-activate|p1a: Gastrodon|move: Struggle
|move|p1a: Gastrodon|Struggle|p2a: Clefable
|-damage|p2a: Clefable|88/100 par
|-damage|p1a: Gastrodon|20/100|[from] recoil
|move|p2a: Clefable|Knock Off|p1a: Gastrodon
|-crit|p1a: Gastrodon
|-damage|p1a: Gastrodon|14/100
|
|-weather|Sandstorm|[upkeep]
|-heal|p2a: Clefable|94/100 par|[from] item: Leftovers
|upkeep
|turn|221
|
|t:|1714295026
|-activate|p1a: Gastrodon|move: Struggle
|move|p1a: Gastrodon|Struggle|p2a: Clefable
|-damage|p2a: Clefable|86/100 par
|-damage|p1a: Gastrodon|0 fnt|[from] recoil
|faint|p1a: Gastrodon
|
|win|torinoko city
|raw|Laone.L.ous's rating: 1352 &rarr; <strong>1330</strong><br />(-22 for losing)
|raw|torinoko city's rating: 1323 &rarr; <strong>1345</strong><br />(+22 for winning)
|l|☆Laone.L.ous
|player|p1|
|c|☆torinoko city|gg
