|j|Kunclord Andrew
|j|windsong
|player|p1|Kunclord Andrew|284
|teamsize|p1|6
|player|p2|windsong|282
|teamsize|p2|6
|gametype|singles
|gen|5
|tier|[Gen 5] OU
|rated|
|seed|25564,28238,16448,13629
|rule|Sleep Clause Mod: Limit one foe put to sleep
|rule|Species Clause: Limit one of each Pokémon
|rule|OHKO Clause: OHKO moves are banned
|rule|Moody Clause: Moody is banned
|rule|Evasion Moves Clause: Evasion moves are banned
|rule|Endless Battle Clause: Forcing endless battles is banned
|rule|HP Percentage Mod: HP is shown in percentages
|rule|Evasion Abilities Clause: Evasion abilities are banned
|rule|Baton Pass Clause: Limit one Baton Passer, can't pass Spe and other stats simultaneously
|rule|Swagger Clause: Swagger is banned
|clearpoke
|poke|p1|Volcarona, F|item
|poke|p1|Keldeo-Resolute|item
|poke|p1|Starmie|item
|poke|p1|Garchomp, M|item
|poke|p1|Jirachi|item
|poke|p1|Dragonite, F|item
|poke|p2|Ninetales, M|item
|poke|p2|Forretress, M|item
|poke|p2|Cresselia, F|item
|poke|p2|Jellicent, M|item
|poke|p2|Dugtrio, F|item
|poke|p2|Heatran, F|item
|teampreview
|c|☆Kunclord Andrew|:o
|c|☆Kunclord Andrew|izzy
|c|☆windsong|hello
|c|☆windsong|who dis
|c|☆Kunclord Andrew|its snype
|c|☆windsong|oh damn
|c|☆Kunclord Andrew|happy early bday :D
|c|☆windsong|ty :D and same to you
|choice|team 1, team 2, team 3, team 4, team 5, team 6|team 1, team 2, team 3, team 4, team 5, team 6
|
|start
|switch|p1a: Volcarona|Volcarona, F|311/311
|switch|p2a: .blazin|Ninetales, M|349/349
|-weather|SunnyDay|[from] ability: Drought|[of] p2a: .blazin
|turn|1
|choice|switch 4|move flamethrower
|
|switch|p1a: Garchomp|Garchomp, M|357/357
|move|p2a: .blazin|Flamethrower|p1a: Garchomp
|-resisted|p1a: Garchomp
|-damage|p1a: Garchomp|276/357
|
|-weather|SunnyDay|[upkeep]
|upkeep
|turn|2
|choice|move stealthrock|switch 3
|
|switch|p2a: .dancin|Cresselia, F|444/444
|move|p1a: Garchomp|Stealth Rock|p2a: .dancin
|-sidestart|p2: windsong|move: Stealth Rock
|
|-weather|SunnyDay|[upkeep]
|upkeep
|turn|3
|c|☆windsong|ah!
|choice|switch 2|move toxic
|
|switch|p1a: Keldeo|Keldeo-Resolute|323/323
|move|p2a: .dancin|Toxic|p1a: Keldeo
|-status|p1a: Keldeo|tox
|
|-weather|SunnyDay|[upkeep]
|-damage|p1a: Keldeo|303/323 tox|[from] psn
|upkeep
|turn|4
|c|☆Kunclord Andrew|hm
|c|☆Kunclord Andrew|maybe
|choice|move calmmind|switch 4
|
|switch|p2a: .wavin|Jellicent, M|404/404
|-damage|p2a: .wavin|354/404|[from] Stealth Rock
|move|p1a: Keldeo|Calm Mind|p1a: Keldeo
|-boost|p1a: Keldeo|spa|1
|-boost|p1a: Keldeo|spd|1
|
|-weather|SunnyDay|[upkeep]
|-heal|p2a: .wavin|379/404|[from] item: Leftovers
|-damage|p1a: Keldeo|263/323 tox|[from] psn
|upkeep
|turn|5
|choice|move calmmind|move recover
|
|move|p1a: Keldeo|Calm Mind|p1a: Keldeo
|-boost|p1a: Keldeo|spa|1
|-boost|p1a: Keldeo|spd|1
|move|p2a: .wavin|Recover|p2a: .wavin
|-heal|p2a: .wavin|404/404
|
|-weather|SunnyDay|[upkeep]
|-damage|p1a: Keldeo|203/323 tox|[from] psn
|upkeep
|turn|6
|choice|move hiddenpower|move recover
|
|move|p1a: Keldeo|Hidden Power|p2a: .wavin
|-enditem|p1a: Keldeo|Ghost Gem|[from] gem|[move] Hidden Power
|-supereffective|p2a: .wavin
|-damage|p2a: .wavin|0 fnt
|faint|p2a: .wavin
|
|-weather|SunnyDay|[upkeep]
|-damage|p1a: Keldeo|123/323 tox|[from] psn
|upkeep
|c|☆windsong|:o
|choice||switch 5
|
|switch|p2a: .cry|Dugtrio, F|201/201
|-damage|p2a: .cry|189/201|[from] Stealth Rock
|turn|7
|c|☆Kunclord Andrew|!
|choice|move secretsword|move earthquake
|
|move|p2a: .cry|Earthquake|p1a: Keldeo
|-damage|p1a: Keldeo|0 fnt
|faint|p1a: Keldeo
|
|-weather|SunnyDay|[upkeep]
|upkeep
|choice|switch 6|
|
|switch|p1a: Dragonite|Dragonite, F|333/333
|turn|8
|choice|move outrage|switch 4
|
|switch|p2a: .dancin|Cresselia, F|444/444
|-damage|p2a: .dancin|389/444|[from] Stealth Rock
|move|p1a: Dragonite|Outrage|p2a: .dancin
|-damage|p2a: .dancin|176/444
|
|-weather|SunnyDay|[upkeep]
|-heal|p2a: .dancin|203/444|[from] item: Leftovers
|upkeep
|turn|9
|choice|move outrage|switch 2
|
|switch|p2a: .partyhard|Forretress, M|354/354
|-damage|p2a: .partyhard|310/354|[from] Stealth Rock
|move|p1a: Dragonite|Outrage|p2a: .partyhard|[from]lockedmove
|-resisted|p2a: .partyhard
|-damage|p2a: .partyhard|206/354
|-start|p1a: Dragonite|confusion|[fatigue]
|
|-weather|SunnyDay|[upkeep]
|-heal|p2a: .partyhard|228/354|[from] item: Leftovers
|upkeep
|turn|10
|choice|switch 4|move rapidspin
|
|switch|p1a: Volcarona|Volcarona, F|311/311
|move|p2a: .partyhard|Rapid Spin|p1a: Volcarona
|-damage|p1a: Volcarona|290/311
|-status|p2a: .partyhard|brn|[from] ability: Flame Body|[of] p1a: Volcarona
|-sideend|p2: windsong|Stealth Rock|[from] move: Rapid Spin|[of] p2a: .partyhard
|
|-weather|SunnyDay|[upkeep]
|-heal|p2a: .partyhard|250/354 brn|[from] item: Leftovers
|-damage|p2a: .partyhard|206/354 brn|[from] brn
|upkeep
|turn|11
|c|☆Kunclord Andrew|rip
|c|☆windsong|rip in peace
|choice|switch 5|switch 3
|
|switch|p1a: Jirachi|Jirachi|367/367
|switch|p2a: .blazin|Ninetales, M|349/349
|
|-weather|SunnyDay|[upkeep]
|upkeep
|turn|12
|choice|move uturn|move willowisp
|
|move|p1a: Jirachi|U-turn|p2a: .blazin
|-resisted|p2a: .blazin
|-damage|p2a: .blazin|303/349
|choice|switch 3|
|
|switch|p1a: Starmie|Starmie|261/261
|move|p2a: .blazin|Will-O-Wisp|p1a: Starmie|[miss]
|-miss|p2a: .blazin|p1a: Starmie
|
|-weather|SunnyDay|[upkeep]
|-heal|p2a: .blazin|324/349|[from] item: Leftovers
|upkeep
|turn|13
|choice|switch 4|move protect
|
|switch|p1a: Dragonite|Dragonite, F|333/333
|move|p2a: .blazin|Protect|p2a: .blazin
|-fail|p2a: .blazin
|
|-weather|SunnyDay|[upkeep]
|-heal|p2a: .blazin|345/349|[from] item: Leftovers
|upkeep
|turn|14
|choice|move outrage|move willowisp
|
|move|p2a: .blazin|Will-O-Wisp|p1a: Dragonite
|-status|p1a: Dragonite|brn
|move|p1a: Dragonite|Outrage|p2a: .blazin
|-damage|p2a: .blazin|131/349
|
|-weather|SunnyDay|[upkeep]
|-heal|p2a: .blazin|152/349|[from] item: Leftovers
|-damage|p1a: Dragonite|292/333 brn|[from] brn
|upkeep
|turn|15
|c|☆Kunclord Andrew|wow
|c|☆Kunclord Andrew|that is
|c|☆windsong|aha
|c|☆Kunclord Andrew|negligible.
|c|☆windsong|i knew it was adamant damage
|choice|move outrage|switch 6
|
|switch|p2a: .endin|Heatran, F|385/385
|move|p1a: Dragonite|Outrage|p2a: .endin|[from]lockedmove
|-resisted|p2a: .endin
|-damage|p2a: .endin|298/385
|
|-weather|SunnyDay|[upkeep]
|-heal|p2a: .endin|322/385|[from] item: Leftovers
|-damage|p1a: Dragonite|251/333 brn|[from] brn
|upkeep
|turn|16
|choice|move outrage|move protect
|
|move|p2a: .endin|Protect|p2a: .endin
|-singleturn|p2a: .endin|Protect
|move|p1a: Dragonite|Outrage|p2a: .endin|[from]lockedmove
|-activate|p2a: .endin|move: Protect
|-start|p1a: Dragonite|confusion|[fatigue]
|
|-weather|SunnyDay|[upkeep]
|-heal|p2a: .endin|346/385|[from] item: Leftovers
|-damage|p1a: Dragonite|210/333 brn|[from] brn
|upkeep
|turn|17
|c|☆Kunclord Andrew|o no
|choice|switch 2|move toxic
|
|switch|p1a: Garchomp|Garchomp, M|276/357
|move|p2a: .endin|Toxic|p1a: Garchomp
|-status|p1a: Garchomp|tox
|
|-weather|SunnyDay|[upkeep]
|-heal|p2a: .endin|370/385|[from] item: Leftovers
|-damage|p1a: Garchomp|254/357 tox|[from] psn
|upkeep
|turn|18
|choice|move stealthrock|switch 2
|
|switch|p2a: .dancin|Cresselia, F|203/444
|move|p1a: Garchomp|Stealth Rock|p2a: .dancin
|-sidestart|p2: windsong|move: Stealth Rock
|
|-weather|SunnyDay|[upkeep]
|-heal|p2a: .dancin|230/444|[from] item: Leftovers
|-damage|p1a: Garchomp|210/357 tox|[from] psn
|upkeep
|turn|19
|choice|switch 3|move moonlight
|
|switch|p1a: Jirachi|Jirachi|367/367
|move|p2a: .dancin|Moonlight|p2a: .dancin
|-heal|p2a: .dancin|444/444
|
|-weather|SunnyDay|[upkeep]
|upkeep
|turn|20
|choice|move uturn|switch 6
|
|switch|p2a: .blazin|Ninetales, M|152/349
|-damage|p2a: .blazin|65/349|[from] Stealth Rock
|move|p1a: Jirachi|U-turn|p2a: .blazin
|-resisted|p2a: .blazin
|-damage|p2a: .blazin|22/349
|choice|switch 4|
|
|switch|p1a: Starmie|Starmie|261/261
|
|-weather|SunnyDay|[upkeep]
|-heal|p2a: .blazin|43/349|[from] item: Leftovers
|upkeep
|turn|21
|choice|move psyshock|move protect
|
|move|p2a: .blazin|Protect|p2a: .blazin
|-singleturn|p2a: .blazin|Protect
|move|p1a: Starmie|Psyshock|p2a: .blazin
|-activate|p2a: .blazin|move: Protect
|
|-weather|SunnyDay|[upkeep]
|-heal|p2a: .blazin|64/349|[from] item: Leftovers
|upkeep
|turn|22
|choice|move hydropump|move flamethrower
|
|move|p1a: Starmie|Hydro Pump|p2a: .blazin
|-supereffective|p2a: .blazin
|-damage|p2a: .blazin|0 fnt
|-damage|p1a: Starmie|235/261|[from] item: Life Orb
|faint|p2a: .blazin
|
|-weather|SunnyDay|[upkeep]
|upkeep
|c|☆Kunclord Andrew|interestin
|choice||switch 6
|
|switch|p2a: .dancin|Cresselia, F|444/444
|-damage|p2a: .dancin|389/444|[from] Stealth Rock
|turn|23
|choice|switch 4|move hiddenpower
|
|switch|p1a: Jirachi|Jirachi|367/367
|move|p2a: .dancin|Hidden Power|p1a: Jirachi
|-supereffective|p1a: Jirachi
|-damage|p1a: Jirachi|227/367
|
|-weather|SunnyDay|[upkeep]
|-heal|p2a: .dancin|416/444|[from] item: Leftovers
|upkeep
|turn|24
|c|☆Kunclord Andrew|ow
|j|SurfCrasher
|c|☆windsong|hm
|c|☆windsong|this is hard
|c|☆Kunclord Andrew|v hard
|c|☆Kunclord Andrew|i havent really played bw
|c|☆Kunclord Andrew|but i think imma get into it
|c|☆windsong|it's a good tier
|l|SurfCrasher
|c|☆Kunclord Andrew|i hated it for the longest time
|c|☆windsong|i think it peaked after they banned exca
|c|☆windsong|letting it back was a mistake
|c|☆Kunclord Andrew|can you
|c|☆Kunclord Andrew|teach me how to BW?
|c|☆windsong|you win weather war -> win game
|c|☆windsong|generally
|c|☆Kunclord Andrew|usually
|c|☆Kunclord Andrew|but there is no weather here
|c|☆Kunclord Andrew|on ym end
|c|☆windsong|ya that's when you actually gotta think about what you're doing
|choice|move ironhead|move hiddenpower
|
|move|p1a: Jirachi|Iron Head|p2a: .dancin
|-damage|p2a: .dancin|343/444
|cant|p2a: .dancin|flinch
|
|-weather|SunnyDay|[upkeep]
|-heal|p2a: .dancin|370/444|[from] item: Leftovers
|upkeep
|turn|25
|choice|move ironhead|move hiddenpower
|
|move|p1a: Jirachi|Iron Head|p2a: .dancin
|-crit|p2a: .dancin
|-damage|p2a: .dancin|202/444
|move|p2a: .dancin|Hidden Power|p1a: Jirachi
|-supereffective|p1a: Jirachi
|-damage|p1a: Jirachi|95/367
|
|-weather|SunnyDay|[upkeep]
|-heal|p2a: .dancin|229/444|[from] item: Leftovers
|upkeep
|turn|26
|choice|move ironhead|move moonlight
|
|move|p1a: Jirachi|Iron Head|p2a: .dancin
|-damage|p2a: .dancin|151/444
|cant|p2a: .dancin|flinch
|
|-weather|SunnyDay|[upkeep]
|-heal|p2a: .dancin|178/444|[from] item: Leftovers
|upkeep
|turn|27
|choice|move ironhead|move moonlight
|
|move|p1a: Jirachi|Iron Head|p2a: .dancin
|-damage|p2a: .dancin|94/444
|cant|p2a: .dancin|flinch
|
|-weather|SunnyDay|[upkeep]
|-heal|p2a: .dancin|121/444|[from] item: Leftovers
|upkeep
|turn|28
|choice|move ironhead|move moonlight
|
|move|p1a: Jirachi|Iron Head|p2a: .dancin
|-damage|p2a: .dancin|42/444
|move|p2a: .dancin|Moonlight|p2a: .dancin
|-heal|p2a: .dancin|338/444
|
|-weather|SunnyDay|[upkeep]
|-heal|p2a: .dancin|365/444|[from] item: Leftovers
|upkeep
|turn|29
|choice|move ironhead|switch 2
|
|switch|p2a: .endin|Heatran, F|370/385
|-damage|p2a: .endin|322/385|[from] Stealth Rock
|move|p1a: Jirachi|Iron Head|p2a: .endin
|-resisted|p2a: .endin
|-damage|p2a: .endin|295/385
|
|-weather|SunnyDay|[upkeep]
|-heal|p2a: .endin|319/385|[from] item: Leftovers
|upkeep
|turn|30
|choice|switch 3|move flamethrower
|
|switch|p1a: Garchomp|Garchomp, M|210/357 tox
|move|p2a: .endin|Flamethrower|p1a: Garchomp
|-resisted|p1a: Garchomp
|-damage|p1a: Garchomp|87/357 tox
|
|-weather|SunnyDay|[upkeep]
|-heal|p2a: .endin|343/385|[from] item: Leftovers
|-damage|p1a: Garchomp|65/357 tox|[from] psn
|upkeep
|turn|31
|choice|switch 4|move protect
|
|switch|p1a: Starmie|Starmie|235/261
|move|p2a: .endin|Protect|p2a: .endin
|-fail|p2a: .endin
|
|-weather|SunnyDay|[upkeep]
|-heal|p2a: .endin|367/385|[from] item: Leftovers
|upkeep
|turn|32
|choice|move hydropump|move toxic
|
|move|p1a: Starmie|Hydro Pump|p2a: .endin|[miss]
|-miss|p1a: Starmie|p2a: .endin
|move|p2a: .endin|Toxic|p1a: Starmie
|-status|p1a: Starmie|tox
|
|-weather|SunnyDay|[upkeep]
|-heal|p2a: .endin|385/385|[from] item: Leftovers
|-damage|p1a: Starmie|219/261 tox|[from] psn
|upkeep
|turn|33
|choice|move hydropump|move flamethrower
|
|move|p1a: Starmie|Hydro Pump|p2a: .endin
|-supereffective|p2a: .endin
|-damage|p2a: .endin|221/385
|-damage|p1a: Starmie|193/261 tox|[from] item: Life Orb
|move|p2a: .endin|Flamethrower|p1a: Starmie
|-resisted|p1a: Starmie
|-damage|p1a: Starmie|66/261 tox
|
|-weather|SunnyDay|[upkeep]
|-heal|p2a: .endin|245/385|[from] item: Leftovers
|-damage|p1a: Starmie|34/261 tox|[from] psn
|upkeep
|turn|34
|choice|move icebeam|move protect
|
|move|p2a: .endin|Protect|p2a: .endin
|-singleturn|p2a: .endin|Protect
|move|p1a: Starmie|Ice Beam|p2a: .endin
|-activate|p2a: .endin|move: Protect
|
|-weather|SunnyDay|[upkeep]
|-heal|p2a: .endin|269/385|[from] item: Leftovers
|-damage|p1a: Starmie|0 fnt|[from] psn
|upkeep
|faint|p1a: Starmie
|choice|switch 3|
|
|switch|p1a: Jirachi|Jirachi|95/367
|turn|35
|choice|move healingwish|move flamethrower
|
|move|p1a: Jirachi|Healing Wish|p1a: Jirachi
|faint|p1a: Jirachi
|move|p2a: .endin|Flamethrower|p1: Jirachi|[notarget]
|-notarget
|
|-weather|SunnyDay|[upkeep]
|-heal|p2a: .endin|293/385|[from] item: Leftovers
|upkeep
|choice|switch 4|
|
|switch|p1a: Garchomp|Garchomp, M|65/357 tox
|-heal|p1a: Garchomp|357/357|[from] move: Healing Wish
|turn|36
|c|☆windsong|hm
|c|☆windsong|i woulda thought dragon
|choice|move swordsdance|switch 2
|
|switch|p2a: .dancin|Cresselia, F|365/444
|-damage|p2a: .dancin|310/444|[from] Stealth Rock
|move|p1a: Garchomp|Swords Dance|p1a: Garchomp
|-boost|p1a: Garchomp|atk|2
|
|-weather|SunnyDay|[upkeep]
|-heal|p2a: .dancin|337/444|[from] item: Leftovers
|upkeep
|turn|37
|c|☆Kunclord Andrew|i think
|c|☆Kunclord Andrew|this is the better one
|c|☆Kunclord Andrew|since idt dnite
|c|☆Kunclord Andrew|would give me an out
|c|☆windsong|damn i shoulda given cressy reflect
|c|☆windsong|the myzozoa suggestion
|c|☆Kunclord Andrew|maybe you win though
|c|☆Kunclord Andrew|idk
|c|☆Kunclord Andrew|man
|c|☆Kunclord Andrew|sad thing is
|c|☆Kunclord Andrew|if i joined bW
|c|☆Kunclord Andrew|cup
|c|☆Kunclord Andrew|i probably coulda made classic playoffs
|choice|move dragonclaw|move moonlight
|
|move|p1a: Garchomp|Dragon Claw|p2a: .dancin
|-damage|p2a: .dancin|145/444
|move|p2a: .dancin|Moonlight|p2a: .dancin
|-heal|p2a: .dancin|441/444
|
|-weather|SunnyDay|[upkeep]
|-heal|p2a: .dancin|444/444|[from] item: Leftovers
|upkeep
|turn|38
|choice|move swordsdance|move icebeam
|
|move|p1a: Garchomp|Swords Dance|p1a: Garchomp
|-boost|p1a: Garchomp|atk|2
|move|p2a: .dancin|Ice Beam|p1a: Garchomp
|-supereffective|p1a: Garchomp
|-damage|p1a: Garchomp|69/357
|
|-weather|SunnyDay|[upkeep]
|upkeep
|turn|39
|c|☆Kunclord Andrew|ah gg
|choice|move dragonclaw|move icebeam
|
|move|p1a: Garchomp|Dragon Claw|p2a: .dancin
|-damage|p2a: .dancin|176/444
|move|p2a: .dancin|Ice Beam|p1a: Garchomp
|-supereffective|p1a: Garchomp
|-damage|p1a: Garchomp|0 fnt
|faint|p1a: Garchomp
|
|-weather|SunnyDay|[upkeep]
|-heal|p2a: .dancin|203/444|[from] item: Leftovers
|upkeep
|choice|switch 5|
|
|switch|p1a: Volcarona|Volcarona, F|290/311
|turn|40
|c|☆windsong|gg man
|choice|move quiverdance|move toxic
|
|move|p1a: Volcarona|Quiver Dance|p1a: Volcarona
|-boost|p1a: Volcarona|spa|1
|-boost|p1a: Volcarona|spd|1
|-boost|p1a: Volcarona|spe|1
|move|p2a: .dancin|Toxic|p1a: Volcarona
|-status|p1a: Volcarona|tox
|
|-weather|SunnyDay|[upkeep]
|-heal|p2a: .dancin|230/444|[from] item: Leftovers
|-damage|p1a: Volcarona|271/311 tox|[from] psn
|upkeep
|turn|41
|choice|move fireblast|switch 2
|
|switch|p2a: .endin|Heatran, F|293/385
|-damage|p2a: .endin|245/385|[from] Stealth Rock
|move|p1a: Volcarona|Fire Blast|p2a: .endin
|-start|p2a: .endin|ability: Flash Fire
|
|-weather|SunnyDay|[upkeep]
|-heal|p2a: .endin|269/385|[from] item: Leftovers
|-damage|p1a: Volcarona|233/311 tox|[from] psn
|upkeep
|turn|42
|c|☆windsong|good to talk to you again it's been way too long
|c|☆Kunclord Andrew|this set
|c|☆Kunclord Andrew|is useless fo rthis
|c|☆Kunclord Andrew|yea
|choice|move gigadrain|move protect
|
|move|p2a: .endin|Protect|p2a: .endin
|-singleturn|p2a: .endin|Protect
|move|p1a: Volcarona|Giga Drain|p2a: .endin
|-activate|p2a: .endin|move: Protect
|
|-weather|SunnyDay|[upkeep]
|-heal|p2a: .endin|293/385|[from] item: Leftovers
|-damage|p1a: Volcarona|176/311 tox|[from] psn
|upkeep
|turn|43
|c|☆Kunclord Andrew|we should keep in touch
|c|☆Kunclord Andrew|you got discord?
|choice|move gigadrain|move flamethrower
|
|move|p1a: Volcarona|Giga Drain|p2a: .endin
|-resisted|p2a: .endin
|-damage|p2a: .endin|268/385
|-heal|p1a: Volcarona|189/311 tox|[from] drain|[of] p2a: .endin
|move|p2a: .endin|Flamethrower|p1a: Volcarona
|-damage|p1a: Volcarona|0 fnt
|faint|p1a: Volcarona
|
|-weather|SunnyDay|[upkeep]
|-heal|p2a: .endin|292/385|[from] item: Leftovers
|upkeep
|choice|switch 2|
|
|switch|p1a: Dragonite|Dragonite, F|210/333 brn
|turn|44
|c|☆windsong|i venture on occasionally
|c|☆Kunclord Andrew|you should add me
|c|☆Kunclord Andrew|notverykakky#9304
|c|☆windsong|will do
|choice|move outrage|move protect
|
|move|p2a: .endin|Protect|p2a: .endin
|-singleturn|p2a: .endin|Protect
|move|p1a: Dragonite|Outrage|p2a: .endin
|-activate|p2a: .endin|move: Protect
|
|-weather|SunnyDay|[upkeep]
|-heal|p2a: .endin|316/385|[from] item: Leftovers
|-damage|p1a: Dragonite|169/333 brn|[from] brn
|upkeep
|turn|45
|choice|move outrage|move flamethrower
|
|move|p1a: Dragonite|Outrage|p2a: .endin
|-resisted|p2a: .endin
|-damage|p2a: .endin|231/385
|move|p2a: .endin|Flamethrower|p1a: Dragonite
|-resisted|p1a: Dragonite
|-damage|p1a: Dragonite|12/333 brn
|
|-weather|SunnyDay|[upkeep]
|-heal|p2a: .endin|255/385|[from] item: Leftovers
|-damage|p1a: Dragonite|0 fnt|[from] brn
|upkeep
|faint|p1a: Dragonite
|
|win|windsong
|raw|Kunclord Andrew's rating: 1334 &rarr; <strong>1311</strong><br />(-23 for losing)
|raw|windsong's rating: 1272 &rarr; <strong>1301</strong><br />(+29 for winning)
|c|☆Kunclord Andrew|gg
|l|Kunclord Andrew