|j|☆2020 Goals
|j|☆johnny's pouch
|player|p1|2020 Goals|170|1411
|player|p2|johnny's pouch|101|1332
|teamsize|p1|6
|teamsize|p2|6
|gametype|singles
|gen|5
|tier|[Gen 5] OU
|rated|
|clearpoke
|poke|p1|Tyranitar, M|item
|poke|p1|Rotom-Wash|item
|poke|p1|Alakazam, F|item
|poke|p1|Ferrothorn, F|item
|poke|p1|Landorus-Therian, M|item
|poke|p1|Latios, M|item
|poke|p2|Kingdra, M|item
|poke|p2|Magnezone|item
|poke|p2|Mamoswine, M|item
|poke|p2|Latias, F|item
|poke|p2|Jirachi|item
|poke|p2|Salamence, M|item
|rule|Species Clause: Limit one of each Pokémon
|rule|OHKO Clause: OHKO moves are banned
|rule|Moody Clause: Moody is banned
|rule|Evasion Moves Clause: Evasion moves are banned
|rule|Endless Battle Clause: Forcing endless battles is banned
|rule|HP Percentage Mod: HP is shown in percentages
|rule|Evasion Abilities Clause: Evasion abilities are banned
|rule|Baton Pass Clause: Limit one Baton Passer, can't pass Spe and other stats simultaneously
|rule|Sleep Clause: Sleep-inducing moves are banned
|rule|Swagger Clause: Swagger is banned
|teampreview
|inactive|Battle timer is ON: inactive players will automatically lose when time's up. (requested by 2020 Goals)
|
|start
|switch|p1a: Rotom|Rotom-Wash, shiny|100/100
|switch|p2a: Jirachi|Jirachi|100/100
|turn|1
|
|move|p2a: Jirachi|Stealth Rock|p1a: Rotom
|-sidestart|p1: 2020 Goals|move: Stealth Rock
|move|p1a: Rotom|Hydro Pump|p2a: Jirachi
|-crit|p2a: Jirachi
|-damage|p2a: Jirachi|41/100
|
|-heal|p2a: Jirachi|47/100|[from] item: Leftovers
|upkeep
|turn|2
|
|move|p2a: Jirachi|U-turn|p1a: Rotom
|-damage|p1a: Rotom|85/100
|
|switch|p2a: Magnezone|Magnezone, shiny|100/100|[from]move: U-turn
|move|p1a: Rotom|Will-O-Wisp|p2a: Magnezone
|-status|p2a: Magnezone|brn
|
|-heal|p1a: Rotom|91/100|[from] item: Leftovers
|-damage|p2a: Magnezone|88/100 brn|[from] brn
|upkeep
|turn|3
|
|switch|p1a: Ferrothorn|Ferrothorn, F|100/100
|-damage|p1a: Ferrothorn|94/100|[from] Stealth Rock
|move|p2a: Magnezone|Volt Switch|p1a: Ferrothorn
|-resisted|p1a: Ferrothorn
|-damage|p1a: Ferrothorn|83/100
|
|switch|p2a: Latias|Latias, F, shiny|100/100|[from]move: Volt Switch
|
|-heal|p1a: Ferrothorn|89/100|[from] item: Leftovers
|upkeep
|turn|4
|
|switch|p2a: Mamoswine|Mamoswine, M, shiny|100/100
|switch|p1a: Tyranitar|Tyranitar, M|100/100
|-damage|p1a: Tyranitar|88/100|[from] Stealth Rock
|-weather|Sandstorm|[from] ability: Sand Stream|[of] p1a: Tyranitar
|
|-weather|Sandstorm|[upkeep]
|upkeep
|turn|5
|
|move|p2a: Mamoswine|Earthquake|p1a: Tyranitar
|-supereffective|p1a: Tyranitar
|-damage|p1a: Tyranitar|0 fnt
|-damage|p2a: Mamoswine|91/100|[from] item: Life Orb
|faint|p1a: Tyranitar
|
|-weather|Sandstorm|[upkeep]
|upkeep
|
|switch|p1a: Rotom|Rotom-Wash, shiny|91/100
|-damage|p1a: Rotom|78/100|[from] Stealth Rock
|turn|6
|c|☆2020 Goals|u'll win this tbh
|c|☆2020 Goals|impossible mu
|
|switch|p2a: Jirachi|Jirachi|47/100
|move|p1a: Rotom|Volt Switch|p2a: Jirachi
|-damage|p2a: Jirachi|32/100
|
|switch|p1a: Landorus|Landorus-Therian, M, shiny|100/100|[from]move: Volt Switch
|-damage|p1a: Landorus|88/100|[from] Stealth Rock
|-ability|p1a: Landorus|Intimidate|boost
|-unboost|p2a: Jirachi|atk|1
|
|-weather|Sandstorm|[upkeep]
|-heal|p2a: Jirachi|39/100|[from] item: Leftovers
|upkeep
|turn|7
|c|☆johnny's pouch|u got this
|
|switch|p2a: Salamence|Salamence, M, shiny|100/100
|move|p1a: Landorus|Stealth Rock|p2a: Salamence
|-sidestart|p2: johnny's pouch|move: Stealth Rock
|
|-weather|Sandstorm|[upkeep]
|-damage|p2a: Salamence|94/100|[from] Sandstorm
|upkeep
|turn|8
|
|move|p2a: Salamence|Fire Blast|p1a: Landorus
|-damage|p1a: Landorus|52/100
|move|p1a: Landorus|Hidden Power|p2a: Salamence
|-supereffective|p2a: Salamence
|-damage|p2a: Salamence|0 fnt
|faint|p2a: Salamence
|
|-weather|Sandstorm|[upkeep]
|upkeep
|
|switch|p2a: Mamoswine|Mamoswine, M, shiny|91/100
|-damage|p2a: Mamoswine|78/100|[from] Stealth Rock
|turn|9
|
|switch|p1a: Ferrothorn|Ferrothorn, F|89/100
|-damage|p1a: Ferrothorn|83/100|[from] Stealth Rock
|move|p2a: Mamoswine|Ice Shard|p1a: Ferrothorn
|-damage|p1a: Ferrothorn|65/100
|-damage|p2a: Mamoswine|69/100|[from] item: Life Orb
|
|-weather|Sandstorm|[upkeep]
|-heal|p1a: Ferrothorn|71/100|[from] item: Leftovers
|upkeep
|turn|10
|
|switch|p1a: Landorus|Landorus-Therian, M, shiny|52/100
|-damage|p1a: Landorus|40/100|[from] Stealth Rock
|-ability|p1a: Landorus|Intimidate|boost
|-unboost|p2a: Mamoswine|atk|1
|move|p2a: Mamoswine|Superpower|p1a: Landorus
|-resisted|p1a: Landorus
|-damage|p1a: Landorus|24/100
|-unboost|p2a: Mamoswine|atk|1
|-unboost|p2a: Mamoswine|def|1
|-damage|p2a: Mamoswine|59/100|[from] item: Life Orb
|
|-weather|Sandstorm|[upkeep]
|upkeep
|turn|11
|
|switch|p1a: Rotom|Rotom-Wash, shiny|78/100
|-damage|p1a: Rotom|66/100|[from] Stealth Rock
|move|p2a: Mamoswine|Ice Shard|p1a: Rotom
|-resisted|p1a: Rotom
|-damage|p1a: Rotom|59/100
|-damage|p2a: Mamoswine|49/100|[from] item: Life Orb
|
|-weather|Sandstorm|[upkeep]
|-damage|p1a: Rotom|53/100|[from] Sandstorm
|-heal|p1a: Rotom|59/100|[from] item: Leftovers
|upkeep
|turn|12
|
|switch|p2a: Magnezone|Magnezone, shiny|88/100 brn
|-damage|p2a: Magnezone|82/100 brn|[from] Stealth Rock
|move|p1a: Rotom|Volt Switch|p2a: Magnezone
|-resisted|p2a: Magnezone
|-damage|p2a: Magnezone|66/100 brn
|inactive|2020 Goals has 120 seconds left.
|
|switch|p1a: Alakazam|Alakazam, F|100/100|[from]move: Volt Switch
|
|-weather|Sandstorm|[upkeep]
|-damage|p2a: Magnezone|54/100 brn|[from] brn
|upkeep
|turn|13
|inactive|2020 Goals has 120 seconds left.
|
|move|p1a: Alakazam|Hidden Power|p2a: Magnezone
|-supereffective|p2a: Magnezone
|-damage|p2a: Magnezone|0 fnt
|faint|p2a: Magnezone
|
|-weather|Sandstorm|[upkeep]
|upkeep
|
|switch|p2a: Latias|Latias, F, shiny|100/100
|-damage|p2a: Latias|88/100|[from] Stealth Rock
|turn|14
|
|switch|p1a: Ferrothorn|Ferrothorn, F|71/100
|-damage|p1a: Ferrothorn|65/100|[from] Stealth Rock
|move|p2a: Latias|Substitute|p2a: Latias
|-start|p2a: Latias|Substitute
|-damage|p2a: Latias|63/100
|
|-weather|Sandstorm|[upkeep]
|-damage|p2a: Latias|57/100|[from] Sandstorm
|-heal|p2a: Latias|63/100|[from] item: Leftovers
|-heal|p1a: Ferrothorn|71/100|[from] item: Leftovers
|upkeep
|turn|15
|
|move|p2a: Latias|Calm Mind|p2a: Latias
|-boost|p2a: Latias|spa|1
|-boost|p2a: Latias|spd|1
|move|p1a: Ferrothorn|Gyro Ball|p2a: Latias
|-end|p2a: Latias|Substitute
|
|-weather|Sandstorm|[upkeep]
|-damage|p2a: Latias|57/100|[from] Sandstorm
|-heal|p2a: Latias|63/100|[from] item: Leftovers
|-heal|p1a: Ferrothorn|77/100|[from] item: Leftovers
|upkeep
|turn|16
|
|move|p2a: Latias|Roost|p2a: Latias
|-heal|p2a: Latias|100/100
|-singleturn|p2a: Latias|move: Roost
|move|p1a: Ferrothorn|Gyro Ball|p2a: Latias
|-damage|p2a: Latias|52/100
|
|-weather|Sandstorm|[upkeep]
|-damage|p2a: Latias|46/100|[from] Sandstorm
|-heal|p2a: Latias|52/100|[from] item: Leftovers
|-heal|p1a: Ferrothorn|83/100|[from] item: Leftovers
|upkeep
|turn|17
|
|move|p2a: Latias|Roost|p2a: Latias
|-heal|p2a: Latias|100/100
|-singleturn|p2a: Latias|move: Roost
|move|p1a: Ferrothorn|Gyro Ball|p2a: Latias
|-damage|p2a: Latias|49/100
|
|-weather|Sandstorm|[upkeep]
|-damage|p2a: Latias|43/100|[from] Sandstorm
|-heal|p2a: Latias|49/100|[from] item: Leftovers
|-heal|p1a: Ferrothorn|90/100|[from] item: Leftovers
|upkeep
|turn|18
|
|move|p2a: Latias|Roost|p2a: Latias
|-heal|p2a: Latias|99/100
|-singleturn|p2a: Latias|move: Roost
|move|p1a: Ferrothorn|Leech Seed|p2a: Latias
|-start|p2a: Latias|move: Leech Seed
|
|-weather|Sandstorm|[upkeep]
|-damage|p2a: Latias|93/100|[from] Sandstorm
|-heal|p2a: Latias|99/100|[from] item: Leftovers
|-heal|p1a: Ferrothorn|96/100|[from] item: Leftovers
|-damage|p2a: Latias|86/100|[from] Leech Seed|[of] p1a: Ferrothorn
|-heal|p1a: Ferrothorn|100/100|[silent]
|upkeep
|turn|19
|
|switch|p2a: Jirachi|Jirachi|39/100
|-damage|p2a: Jirachi|32/100|[from] Stealth Rock
|move|p1a: Ferrothorn|Spikes|p2a: Jirachi
|-sidestart|p2: johnny's pouch|Spikes
|
|-weather|Sandstorm|[upkeep]
|-heal|p2a: Jirachi|39/100|[from] item: Leftovers
|upkeep
|turn|20
|
|move|p2a: Jirachi|Healing Wish|p2a: Jirachi
|faint|p2a: Jirachi
|move|p1a: Ferrothorn|Leech Seed|p2: Jirachi|[notarget]
|-fail|p1a: Ferrothorn
|
|-weather|Sandstorm|[upkeep]
|upkeep
|
|switch|p2a: Mamoswine|Mamoswine, M, shiny|49/100
|-heal|p2a: Mamoswine|100/100|[from] move: Healing Wish
|-damage|p2a: Mamoswine|88/100|[from] Stealth Rock
|-damage|p2a: Mamoswine|76/100|[from] Spikes
|turn|21
|inactive|2020 Goals has 120 seconds left.
|
|move|p2a: Mamoswine|Icicle Crash|p1a: Ferrothorn
|-crit|p1a: Ferrothorn
|-damage|p1a: Ferrothorn|13/100
|-damage|p2a: Mamoswine|66/100|[from] item: Life Orb
|move|p1a: Ferrothorn|Gyro Ball|p2a: Mamoswine
|-supereffective|p2a: Mamoswine
|-damage|p2a: Mamoswine|0 fnt
|faint|p2a: Mamoswine
|
|-weather|Sandstorm|[upkeep]
|-heal|p1a: Ferrothorn|19/100|[from] item: Leftovers
|upkeep
|
|switch|p2a: Kingdra|Kingdra, M, shiny|100/100
|-damage|p2a: Kingdra|88/100|[from] Stealth Rock
|-damage|p2a: Kingdra|76/100|[from] Spikes
|turn|22
|
|move|p2a: Kingdra|Substitute|p2a: Kingdra
|-start|p2a: Kingdra|Substitute
|-damage|p2a: Kingdra|51/100
|move|p1a: Ferrothorn|Power Whip|p2a: Kingdra|[miss]
|-miss|p1a: Ferrothorn|p2a: Kingdra
|
|-weather|Sandstorm|[upkeep]
|-damage|p2a: Kingdra|45/100|[from] Sandstorm
|-heal|p2a: Kingdra|51/100|[from] item: Leftovers
|-heal|p1a: Ferrothorn|25/100|[from] item: Leftovers
|upkeep
|turn|23
|c|☆2020 Goals|ugh
|
|move|p2a: Kingdra|Dragon Dance|p2a: Kingdra
|-boost|p2a: Kingdra|atk|1
|-boost|p2a: Kingdra|spe|1
|move|p1a: Ferrothorn|Power Whip|p2a: Kingdra
|-end|p2a: Kingdra|Substitute
|
|-weather|Sandstorm|[upkeep]
|-damage|p2a: Kingdra|45/100|[from] Sandstorm
|-heal|p2a: Kingdra|51/100|[from] item: Leftovers
|-heal|p1a: Ferrothorn|32/100|[from] item: Leftovers
|upkeep
|turn|24
|
|move|p2a: Kingdra|Outrage|p1a: Ferrothorn
|-resisted|p1a: Ferrothorn
|-damage|p1a: Ferrothorn|1/100
|-damage|p2a: Kingdra|39/100|[from] ability: Iron Barbs|[of] p1a: Ferrothorn
|move|p1a: Ferrothorn|Power Whip|p2a: Kingdra
|-damage|p2a: Kingdra|0 fnt
|faint|p2a: Kingdra
|
|-weather|Sandstorm|[upkeep]
|-heal|p1a: Ferrothorn|7/100|[from] item: Leftovers
|upkeep
|
|switch|p2a: Latias|Latias, F, shiny|86/100
|-damage|p2a: Latias|74/100|[from] Stealth Rock
|turn|25
|
|move|p2a: Latias|Substitute|p2a: Latias
|-start|p2a: Latias|Substitute
|-damage|p2a: Latias|49/100
|move|p1a: Ferrothorn|Gyro Ball|p2a: Latias
|-end|p2a: Latias|Substitute
|
|-weather|Sandstorm|[upkeep]
|-damage|p2a: Latias|43/100|[from] Sandstorm
|-heal|p2a: Latias|49/100|[from] item: Leftovers
|-heal|p1a: Ferrothorn|14/100|[from] item: Leftovers
|upkeep
|turn|26
|
|move|p2a: Latias|Dragon Pulse|p1a: Ferrothorn
|-resisted|p1a: Ferrothorn
|-damage|p1a: Ferrothorn|2/100
|move|p1a: Ferrothorn|Gyro Ball|p2a: Latias
|-damage|p2a: Latias|0 fnt
|faint|p2a: Latias
|
|win|2020 Goals
|raw|2020 Goals's rating: 1411 &rarr; <strong>1427</strong><br />(+16 for winning)
|raw|johnny&apos;s pouch's rating: 1332 &rarr; <strong>1317</strong><br />(-15 for losing)
|c|☆2020 Goals|gg
|l|☆johnny's pouch
