|j|☆Meatymisc
|j|☆cinema staff fan
|t:|1742166879
|gametype|singles
|player|p1|Meatymisc|169|1452
|player|p2|cinema staff fan|sordward-shielbert|1368
|teamsize|p1|6
|teamsize|p2|6
|gen|5
|tier|[Gen 5] OU
|rated|
|rule|Species Clause: Limit one of each Pokémon
|rule|OHKO Clause: OHKO moves are banned
|rule|Moody Clause: Moody is banned
|rule|Evasion Items Clause: Evasion items are banned
|rule|Evasion Moves Clause: Evasion moves are banned
|rule|Endless Battle Clause: Forcing endless battles is banned
|rule|HP Percentage Mod: HP is shown in percentages
|rule|Evasion Abilities Clause: Evasion abilities are banned
|rule|Sleep Moves Clause: Sleep-inducing moves are banned
|rule|Swagger Clause: Swagger is banned
|rule|Baton Pass Stat Clause: No Baton Passer may have a way to boost its stats
|clearpoke
|poke|p1|Politoed, F|item
|poke|p1|Ferrothorn, F|item
|poke|p1|Thundurus-Therian, M|item
|poke|p1|Latias, F|item
|poke|p1|Starmie|item
|poke|p1|Jirachi|item
|poke|p2|Politoed, F|item
|poke|p2|Tentacruel, M|item
|poke|p2|Thundurus-Therian, M|item
|poke|p2|Toxicroak, F|item
|poke|p2|Landorus-Therian, M|item
|poke|p2|Keldeo|item
|teampreview
|inactive|Battle timer is ON: inactive players will automatically lose when time's up. (requested by cinema staff fan)
|
|t:|1742166903
|start
|switch|p1a: Latias|Latias, F, shiny|100/100
|switch|p2a: Landorus|Landorus-Therian, M|100/100
|-ability|p2a: Landorus|Intimidate|boost
|-unboost|p1a: Latias|atk|1
|turn|1
|
|t:|1742166910
|switch|p1a: Jirachi|Jirachi|100/100
|move|p2a: Landorus|U-turn|p1a: Jirachi
|-damage|p1a: Jirachi|75/100
|
|t:|1742166915
|switch|p2a: Politoed|Politoed, F|100/100|[from] U-turn
|-weather|RainDance|[from] ability: Drizzle|[of] p2a: Politoed
|
|-weather|RainDance|[upkeep]
|upkeep
|turn|2
|
|t:|1742166917
|move|p1a: Jirachi|U-turn|p2a: Politoed
|-damage|p2a: Politoed|68/100
|
|t:|1742166924
|switch|p1a: Ferrothorn|Ferrothorn, F|100/100|[from] U-turn
|move|p2a: Politoed|Scald|p1a: Ferrothorn
|-resisted|p1a: Ferrothorn
|-damage|p1a: Ferrothorn|81/100
|
|-weather|RainDance|[upkeep]
|-heal|p1a: Ferrothorn|87/100|[from] item: Leftovers
|upkeep
|turn|3
|
|t:|1742166928
|move|p2a: Politoed|Scald|p1a: Ferrothorn
|-resisted|p1a: Ferrothorn
|-damage|p1a: Ferrothorn|67/100
|move|p1a: Ferrothorn|Stealth Rock|p2a: Politoed
|-sidestart|p2: cinema staff fan|move: Stealth Rock
|
|-weather|RainDance|[upkeep]
|-heal|p1a: Ferrothorn|73/100|[from] item: Leftovers
|upkeep
|turn|4
|
|t:|1742166932
|move|p2a: Politoed|Scald|p1a: Ferrothorn
|-resisted|p1a: Ferrothorn
|-damage|p1a: Ferrothorn|52/100
|move|p1a: Ferrothorn|Power Whip|p2a: Politoed|[miss]
|-miss|p1a: Ferrothorn|p2a: Politoed
|
|-weather|RainDance|[upkeep]
|-heal|p1a: Ferrothorn|58/100|[from] item: Leftovers
|upkeep
|turn|5
|
|t:|1742166937
|move|p2a: Politoed|Scald|p1a: Ferrothorn
|-resisted|p1a: Ferrothorn
|-damage|p1a: Ferrothorn|39/100
|move|p1a: Ferrothorn|Power Whip|p2a: Politoed
|-supereffective|p2a: Politoed
|-damage|p2a: Politoed|0 fnt
|faint|p2a: Politoed
|
|-weather|RainDance|[upkeep]
|-heal|p1a: Ferrothorn|46/100|[from] item: Leftovers
|upkeep
|inactive|cinema staff fan has 120 seconds left.
|
|t:|1742166974
|switch|p2a: Toxicroak|Toxicroak, F|100/100
|-damage|p2a: Toxicroak|94/100|[from] Stealth Rock
|-item|p2a: Toxicroak|Air Balloon
|turn|6
|
|t:|1742166978
|switch|p1a: Latias|Latias, F, shiny|100/100
|move|p2a: Toxicroak|Swords Dance|p2a: Toxicroak
|-boost|p2a: Toxicroak|atk|2
|
|-weather|RainDance|[upkeep]
|-heal|p2a: Toxicroak|100/100|[from] ability: Dry Skin
|upkeep
|turn|7
|
|t:|1742166994
|switch|p1a: Thundurus|Thundurus-Therian, M|100/100
|move|p2a: Toxicroak|Sucker Punch||[still]
|-fail|p2a: Toxicroak
|
|-weather|RainDance|[upkeep]
|upkeep
|turn|8
|
|t:|1742166999
|move|p2a: Toxicroak|Sucker Punch|p1a: Thundurus
|-damage|p1a: Thundurus|15/100
|move|p1a: Thundurus|Thunder|p2a: Toxicroak
|-damage|p2a: Toxicroak|0 fnt
|-enditem|p2a: Toxicroak|Air Balloon
|faint|p2a: Toxicroak
|
|-weather|RainDance|[upkeep]
|-heal|p1a: Thundurus|21/100|[from] item: Leftovers
|upkeep
|inactive|cinema staff fan has 120 seconds left.
|
|t:|1742167043
|switch|p2a: Keldeo|Keldeo|100/100
|-damage|p2a: Keldeo|94/100|[from] Stealth Rock
|turn|9
|
|t:|1742167047
|switch|p1a: Latias|Latias, F, shiny|100/100
|move|p2a: Keldeo|Substitute|p2a: Keldeo
|-start|p2a: Keldeo|Substitute
|-damage|p2a: Keldeo|70/100
|
|-weather|RainDance|[upkeep]
|-heal|p2a: Keldeo|76/100|[from] item: Leftovers
|upkeep
|turn|10
|
|t:|1742167057
|move|p1a: Latias|Draco Meteor|p2a: Keldeo
|-end|p2a: Keldeo|Substitute
|-unboost|p1a: Latias|spa|2
|move|p2a: Keldeo|Calm Mind|p2a: Keldeo
|-boost|p2a: Keldeo|spa|1
|-boost|p2a: Keldeo|spd|1
|
|-weather|RainDance|[upkeep]
|-heal|p2a: Keldeo|82/100|[from] item: Leftovers
|upkeep
|turn|11
|
|t:|1742167069
|switch|p1a: Politoed|Politoed, F, shiny|100/100
|move|p2a: Keldeo|Substitute|p2a: Keldeo
|-start|p2a: Keldeo|Substitute
|-damage|p2a: Keldeo|57/100
|
|-weather|RainDance|[upkeep]
|-heal|p2a: Keldeo|63/100|[from] item: Leftovers
|upkeep
|turn|12
|
|t:|1742167072
|move|p2a: Keldeo|Calm Mind|p2a: Keldeo
|-boost|p2a: Keldeo|spa|1
|-boost|p2a: Keldeo|spd|1
|move|p1a: Politoed|Encore|p2a: Keldeo
|-start|p2a: Keldeo|Encore
|
|-weather|RainDance|[upkeep]
|-heal|p2a: Keldeo|70/100|[from] item: Leftovers
|upkeep
|turn|13
|
|t:|1742167084
|switch|p1a: Latias|Latias, F, shiny|100/100
|move|p2a: Keldeo|Calm Mind|p2a: Keldeo
|-boost|p2a: Keldeo|spa|1
|-boost|p2a: Keldeo|spd|1
|
|-weather|RainDance|[upkeep]
|-heal|p2a: Keldeo|76/100|[from] item: Leftovers
|upkeep
|turn|14
|
|t:|1742167087
|move|p1a: Latias|Trick||[still]
|-fail|p1a: Latias
|move|p2a: Keldeo|Calm Mind|p2a: Keldeo
|-boost|p2a: Keldeo|spa|1
|-boost|p2a: Keldeo|spd|1
|
|-weather|RainDance|[upkeep]
|-heal|p2a: Keldeo|82/100|[from] item: Leftovers
|upkeep
|turn|15
|c|☆Meatymisc|Uh
|c|☆Meatymisc|oops
|
|t:|1742167104
|switch|p1a: Jirachi|Jirachi|75/100
|move|p2a: Keldeo|Calm Mind|p2a: Keldeo
|-boost|p2a: Keldeo|spa|1
|-boost|p2a: Keldeo|spd|1
|
|-weather|RainDance|[upkeep]
|-heal|p2a: Keldeo|88/100|[from] item: Leftovers
|-end|p2a: Keldeo|Encore
|upkeep
|turn|16
|
|t:|1742167108
|move|p1a: Jirachi|Iron Head|p2a: Keldeo
|-resisted|p2a: Keldeo
|-activate|p2a: Keldeo|Substitute|[damage]
|move|p2a: Keldeo|Scald|p1a: Jirachi
|-damage|p1a: Jirachi|0 fnt
|faint|p1a: Jirachi
|
|-weather|RainDance|[upkeep]
|-heal|p2a: Keldeo|94/100|[from] item: Leftovers
|upkeep
|
|t:|1742167115
|switch|p1a: Starmie|Starmie|100/100
|-item|p1a: Starmie|Air Balloon
|turn|17
|
|t:|1742167119
|move|p1a: Starmie|Thunder|p2a: Keldeo
|-supereffective|p2a: Keldeo
|-end|p2a: Keldeo|Substitute
|move|p2a: Keldeo|Scald|p1a: Starmie
|-resisted|p1a: Starmie
|-damage|p1a: Starmie|0 fnt
|-enditem|p1a: Starmie|Air Balloon
|faint|p1a: Starmie
|
|-weather|RainDance|[upkeep]
|-heal|p2a: Keldeo|100/100|[from] item: Leftovers
|upkeep
|
|t:|1742167120
|switch|p1a: Latias|Latias, F, shiny|100/100
|turn|18
|
|t:|1742167124
|move|p1a: Latias|Trick|p2a: Keldeo
|-activate|p1a: Latias|move: Trick|[of] p2a: Keldeo
|-item|p2a: Keldeo|Choice Specs|[from] move: Trick
|-item|p1a: Latias|Leftovers|[from] move: Trick
|move|p2a: Keldeo|Secret Sword|p1a: Latias
|-resisted|p1a: Latias
|-damage|p1a: Latias|0 fnt
|faint|p1a: Latias
|
|-weather|RainDance|[upkeep]
|upkeep
|c|☆cinema staff fan|1873 special atk
|c|☆cinema staff fan|LOL
|
|t:|1742167142
|switch|p1a: Politoed|Politoed, F, shiny|100/100
|turn|19
|-message|Meatymisc forfeited.
|
|win|cinema staff fan
|raw|Meatymisc's rating: 1452 &rarr; <strong>1427</strong><br />(-25 for losing)
|raw|cinema staff fan's rating: 1368 &rarr; <strong>1393</strong><br />(+25 for winning)
|l|☆Meatymisc
|player|p1|
