|join|Pythagorean Python
|join|iowna360x
|player|p1|Pythagorean Python|266
|player|p2|iowna360x|87
|gametype|singles
|gen|5
|tier|[Gen 5] OU
|rated
|rule|Evasion Abilities Clause: Evasion abilities are banned
|clearpoke
|poke|p1|Skarmory, F
|poke|p1|Blissey, F
|poke|p1|Hippowdon, F
|poke|p1|Alakazam, F
|poke|p1|Terrakion
|poke|p1|Starmie
|poke|p2|Dragonite, M
|poke|p2|Rotom-Wash
|poke|p2|Mamoswine, M
|poke|p2|Ferrothorn, F
|poke|p2|Conkeldurr, M
|poke|p2|Starmie
|rule|Sleep Clause Mod: Limit one foe put to sleep
|rule|Species Clause: Limit one of each Pokemon
|rule|OHKO Clause: OHKO moves are banned
|rule|Moody Clause: Moody is banned
|rule|Evasion Moves Clause: Evasion moves are banned
|rule|Endless Battle Clause: Forcing endless battles is banned.
|rule|HP Percentage Mod: HP is reported as percentages
|teampreview
|
|start
|switch|p1a: Alakazam|Alakazam, F|252/252
|switch|p2a: Rotom-Wash|Rotom-Wash|242/242
|turn|1
|
|move|p1a: Alakazam|Psychic|p2a: Rotom-Wash
|-damage|p2a: Rotom-Wash|31/242
|move|p2a: Rotom-Wash|Thunder Wave|p1a: Alakazam
|-status|p1a: Alakazam|par
|
|-heal|p2a: Rotom-Wash|46/242|[from] item: Leftovers
|turn|2
|
|move|p2a: Rotom-Wash|Hydro Pump|p1a: Alakazam
|-damage|p1a: Alakazam|41/252 par
|move|p1a: Alakazam|Psychic|p2a: Rotom-Wash
|-damage|p2a: Rotom-Wash|0 fnt
|faint|p2a: Rotom-Wash
|
|
|switch|p2a: Ferrothorn|Ferrothorn, F|352/352
|turn|3
|
|cant|p1a: Alakazam|par
|move|p2a: Ferrothorn|Power Whip|p1a: Alakazam
|-damage|p1a: Alakazam|0 fnt
|faint|p1a: Alakazam
|
|
|switch|p1a: Terrakion|Terrakion|324/324
|turn|4
|
|move|p1a: Terrakion|Close Combat|p2a: Ferrothorn
|-supereffective|p2a: Ferrothorn
|-damage|p2a: Ferrothorn|0 fnt
|-damage|p1a: Terrakion|284/324|[from] ability: Iron Barbs|[of] p2a: Ferrothorn
|-unboost|p1a: Terrakion|def|1
|-unboost|p1a: Terrakion|spd|1
|-damage|p1a: Terrakion|252/324|[from] item: Life Orb
|faint|p2a: Ferrothorn
|
|
|switch|p2a: Conkeldurr|Conkeldurr, M|414/414
|turn|5
|
|switch|p1a: Hippowdon|Hippowdon, F|420/420
|-weather|Sandstorm|[from] ability: Sand Stream|[of] p1a: Hippowdon
|move|p2a: Conkeldurr|Mach Punch|p1a: Hippowdon
|-damage|p1a: Hippowdon|323/420
|
|-weather|Sandstorm|[upkeep]
|-damage|p2a: Conkeldurr|389/414|[from] sandstorm
|-heal|p1a: Hippowdon|349/420|[from] item: Leftovers
|turn|6
|
|switch|p2a: Starmie|Starmie|261/261
|move|p1a: Hippowdon|Earthquake|p2a: Starmie
|-crit|p2a: Starmie
|-damage|p2a: Starmie|0 fnt
|faint|p2a: Starmie
|
|-weather|Sandstorm|[upkeep]
|-heal|p1a: Hippowdon|375/420|[from] item: Leftovers
|
|switch|p2a: Mamoswine|Mamoswine, M|361/361
|turn|7
|
|move|p2a: Mamoswine|Icicle Crash|p1a: Hippowdon
|-supereffective|p1a: Hippowdon
|-damage|p1a: Hippowdon|79/420
|move|p1a: Hippowdon|Stealth Rock|p2a: Mamoswine
|-sidestart|p2: iowna360x|move: Stealth Rock
|
|-weather|Sandstorm|[upkeep]
|-heal|p1a: Hippowdon|105/420|[from] item: Leftovers
|turn|8
|
|switch|p1a: Skarmory|Skarmory, F|334/334
|move|p2a: Mamoswine|Icicle Crash|p1a: Skarmory
|-damage|p1a: Skarmory|195/334
|
|-weather|Sandstorm|[upkeep]
|-heal|p1a: Skarmory|215/334|[from] item: Leftovers
|turn|9
|
|move|p2a: Mamoswine|Icicle Crash|p1a: Skarmory
|-damage|p1a: Skarmory|74/334
|move|p1a: Skarmory|Roost|p1a: Skarmory
|-heal|p1a: Skarmory|241/334
|
|-weather|Sandstorm|[upkeep]
|-heal|p1a: Skarmory|261/334|[from] item: Leftovers
|turn|10
|
|move|p2a: Mamoswine|Icicle Crash|p1a: Skarmory
|-damage|p1a: Skarmory|122/334
|move|p1a: Skarmory|Roost|p1a: Skarmory
|-heal|p1a: Skarmory|289/334
|
|-weather|Sandstorm|[upkeep]
|-heal|p1a: Skarmory|309/334|[from] item: Leftovers
|turn|11
|
|move|p2a: Mamoswine|Icicle Crash|p1a: Skarmory
|-damage|p1a: Skarmory|164/334
|move|p1a: Skarmory|Roost|p1a: Skarmory
|-heal|p1a: Skarmory|331/334
|
|-weather|Sandstorm|[upkeep]
|-heal|p1a: Skarmory|334/334|[from] item: Leftovers
|turn|12
|
|move|p2a: Mamoswine|Icicle Crash|p1a: Skarmory
|-damage|p1a: Skarmory|199/334
|move|p1a: Skarmory|Whirlwind|p2a: Mamoswine
|drag|p2a: Conkeldurr|Conkeldurr, M|389/414
|-damage|p2a: Conkeldurr|364/414|[from] Stealth Rock
|
|-weather|Sandstorm|[upkeep]
|-damage|p2a: Conkeldurr|339/414|[from] sandstorm
|-heal|p1a: Skarmory|219/334|[from] item: Leftovers
|turn|13
|
|move|p1a: Skarmory|Roost|p1a: Skarmory
|-heal|p1a: Skarmory|334/334
|move|p2a: Conkeldurr|Drain Punch|p1a: Skarmory
|-supereffective|p1a: Skarmory
|-damage|p1a: Skarmory|14/334
|-heal|p2a: Conkeldurr|414/414|[from] drain|[of] p1a: Skarmory
|
|-weather|Sandstorm|[upkeep]
|-damage|p2a: Conkeldurr|389/414|[from] sandstorm
|-heal|p1a: Skarmory|34/334|[from] item: Leftovers
|turn|14
|
|move|p1a: Skarmory|Drill Peck|p2a: Conkeldurr
|-supereffective|p2a: Conkeldurr
|-damage|p2a: Conkeldurr|225/414
|move|p2a: Conkeldurr|Drain Punch|p1a: Skarmory
|-damage|p1a: Skarmory|0 fnt
|-heal|p2a: Conkeldurr|242/414|[from] drain|[of] p1a: Skarmory
|faint|p1a: Skarmory
|
|-weather|Sandstorm|[upkeep]
|-damage|p2a: Conkeldurr|217/414|[from] sandstorm
|
|switch|p1a: Starmie|Starmie|261/261
|turn|15
|
|switch|p2a: Dragonite|Dragonite, M|324/324
|-damage|p2a: Dragonite|243/324|[from] Stealth Rock
|move|p1a: Starmie|Hydro Pump|p2a: Dragonite
|-resisted|p2a: Dragonite
|-damage|p2a: Dragonite|156/324
|
|-weather|Sandstorm|[upkeep]
|-damage|p1a: Starmie|245/261|[from] sandstorm
|-damage|p2a: Dragonite|136/324|[from] sandstorm
|turn|16
|
|move|p2a: Dragonite|Extreme Speed|p1a: Starmie
|-damage|p1a: Starmie|64/261
|move|p1a: Starmie|Ice Beam|p2a: Dragonite
|-supereffective|p2a: Dragonite
|-damage|p2a: Dragonite|0 fnt
|faint|p2a: Dragonite
|
|-weather|Sandstorm|[upkeep]
|-damage|p1a: Starmie|48/261|[from] sandstorm
|
|switch|p2a: Conkeldurr|Conkeldurr, M|217/414
|-damage|p2a: Conkeldurr|192/414|[from] Stealth Rock
|turn|17
|
|move|p2a: Conkeldurr|Mach Punch|p1a: Starmie
|-resisted|p1a: Starmie
|-damage|p1a: Starmie|0 fnt
|faint|p1a: Starmie
|
|-weather|Sandstorm|[upkeep]
|-damage|p2a: Conkeldurr|167/414|[from] sandstorm
|
|switch|p1a: Terrakion|Terrakion|252/324
|turn|18
|
|move|p2a: Conkeldurr|Mach Punch|p1a: Terrakion
|-supereffective|p1a: Terrakion
|-damage|p1a: Terrakion|0 fnt
|faint|p1a: Terrakion
|
|-weather|Sandstorm|[upkeep]
|-damage|p2a: Conkeldurr|142/414|[from] sandstorm
|
|switch|p1a: Blissey|Blissey, F|714/714
|turn|19
|
|move|p2a: Conkeldurr|Mach Punch|p1a: Blissey
|-supereffective|p1a: Blissey
|-damage|p1a: Blissey|148/714
|move|p1a: Blissey|Seismic Toss|p2a: Conkeldurr
|-damage|p2a: Conkeldurr|42/414
|
|-weather|Sandstorm|[upkeep]
|-damage|p1a: Blissey|104/714|[from] sandstorm
|-damage|p2a: Conkeldurr|17/414|[from] sandstorm
|-heal|p1a: Blissey|148/714|[from] item: Leftovers
|turn|20
|
|move|p2a: Conkeldurr|Mach Punch|p1a: Blissey
|-supereffective|p1a: Blissey
|-damage|p1a: Blissey|0 fnt
|faint|p1a: Blissey
|
|-weather|Sandstorm|[upkeep]
|-damage|p2a: Conkeldurr|0 fnt|[from] sandstorm
|faint|p2a: Conkeldurr
|
|switch|p2a: Mamoswine|Mamoswine, M|361/361
|-damage|p2a: Mamoswine|316/361|[from] Stealth Rock
|switch|p1a: Hippowdon|Hippowdon, F|105/420
|turn|21
|
|move|p2a: Mamoswine|Ice Shard|p1a: Hippowdon
|-supereffective|p1a: Hippowdon
|-damage|p1a: Hippowdon|0 fnt
|faint|p1a: Hippowdon
|
|win|iowna360x
|raw|Ladder updating...
|raw|Pythagorean Python's rating: 1418 &rarr; <strong>1389</strong><br />(-29 for losing)
|raw|iowna360x's rating: 1264 &rarr; <strong>1299</strong><br />(+35 for winning)