|j|☆257m
|j|☆ihymyly
|t:|1724991047
|gametype|singles
|player|p1|257m|juggler|1320
|player|p2|ihymyly|cheryl|1477
|teamsize|p1|6
|teamsize|p2|6
|gen|5
|tier|[Gen 5] OU
|rated|
|rule|Species Clause: Limit one of each Pokémon
|rule|OHKO Clause: OHKO moves are banned
|rule|Moody Clause: Moody is banned
|rule|Evasion Items Clause: Evasion items are banned
|rule|Evasion Moves Clause: Evasion moves are banned
|rule|Endless Battle Clause: Forcing endless battles is banned
|rule|HP Percentage Mod: HP is shown in percentages
|rule|Evasion Abilities Clause: Evasion abilities are banned
|rule|Sleep Moves Clause: Sleep-inducing moves are banned
|rule|Swagger Clause: Swagger is banned
|rule|Baton Pass Stat Clause: No Baton Passer may have a way to boost its stats
|clearpoke
|poke|p1|Amoonguss, F|item
|poke|p1|Mienshao, M|item
|poke|p1|Slowking, M|item
|poke|p1|Tangrowth, M|item
|poke|p1|Ferrothorn, F|item
|poke|p1|Xatu, M|item
|poke|p2|Hydreigon, F|item
|poke|p2|Landorus-Therian, M|item
|poke|p2|Jellicent, F|item
|poke|p2|Tyranitar, M|item
|poke|p2|Skarmory, M|item
|poke|p2|Alakazam, M|item
|teampreview
|inactive|Battle timer is ON: inactive players will automatically lose when time's up. (requested by 257m)
|
|t:|1724991061
|start
|switch|p1a: Mienshao|Mienshao, M|100/100
|switch|p2a: Hydreigon|Hydreigon, F|100/100
|turn|1
|
|t:|1724991072
|switch|p2a: Skarmory|Skarmory, M|100/100
|move|p1a: Mienshao|High Jump Kick|p2a: Skarmory
|-damage|p2a: Skarmory|33/100
|-damage|p1a: Mienshao|91/100|[from] item: Life Orb
|
|upkeep
|turn|2
|
|t:|1724991078
|switch|p2a: Jellicent|Jellicent, F|100/100
|-item|p2a: Jellicent|Air Balloon
|move|p1a: Mienshao|Stone Edge|p2a: Jellicent
|-damage|p2a: Jellicent|60/100
|-enditem|p2a: Jellicent|Air Balloon
|-damage|p1a: Mienshao|81/100|[from] item: Life Orb
|
|upkeep
|turn|3
|
|t:|1724991083
|move|p1a: Mienshao|U-turn|p2a: Jellicent
|-resisted|p2a: Jellicent
|-damage|p2a: Jellicent|48/100
|-damage|p1a: Mienshao|71/100|[from] item: Life Orb
|
|t:|1724991092
|switch|p1a: Ferrothorn|Ferrothorn, F|100/100|[from] U-turn
|move|p2a: Jellicent|Recover|p2a: Jellicent
|-heal|p2a: Jellicent|99/100
|
|upkeep
|turn|4
|
|t:|1724991099
|move|p2a: Jellicent|Will-O-Wisp|p1a: Ferrothorn
|-status|p1a: Ferrothorn|brn
|move|p1a: Ferrothorn|Stealth Rock|p2a: Jellicent
|-sidestart|p2: ihymyly|move: Stealth Rock
|
|-damage|p1a: Ferrothorn|88/100 brn|[from] brn
|upkeep
|turn|5
|
|t:|1724991104
|move|p2a: Jellicent|Taunt|p1a: Ferrothorn
|-start|p1a: Ferrothorn|move: Taunt
|cant|p1a: Ferrothorn|move: Taunt|Leech Seed
|
|-heal|p1a: Ferrothorn|94/100 brn|[from] item: Leftovers
|-damage|p1a: Ferrothorn|82/100 brn|[from] brn
|upkeep
|turn|6
|
|t:|1724991107
|move|p2a: Jellicent|Night Shade|p1a: Ferrothorn
|-damage|p1a: Ferrothorn|53/100 brn
|move|p1a: Ferrothorn|Power Whip|p2a: Jellicent
|-supereffective|p2a: Jellicent
|-damage|p2a: Jellicent|64/100
|
|-heal|p1a: Ferrothorn|60/100 brn|[from] item: Leftovers
|-damage|p1a: Ferrothorn|47/100 brn|[from] brn
|upkeep
|turn|7
|
|t:|1724991127
|switch|p2a: Skarmory|Skarmory, M|33/100
|-damage|p2a: Skarmory|21/100|[from] Stealth Rock
|switch|p1a: Tangrowth|Tangrowth, M|100/100
|
|upkeep
|turn|8
|
|t:|1724991132
|switch|p1a: Xatu|Xatu, M|100/100
|move|p2a: Skarmory|Roost|p2a: Skarmory
|-heal|p2a: Skarmory|71/100
|-singleturn|p2a: Skarmory|move: Roost
|
|upkeep
|turn|9
|
|t:|1724991142
|switch|p2a: Jellicent|Jellicent, F|64/100
|-damage|p2a: Jellicent|51/100|[from] Stealth Rock
|move|p1a: Xatu|Reflect|p1a: Xatu
|-sidestart|p1: 257m|Reflect
|
|upkeep
|turn|10
|
|t:|1724991152
|move|p1a: Xatu|Night Shade|p2a: Jellicent
|-damage|p2a: Jellicent|26/100
|move|p2a: Jellicent|Recover|p2a: Jellicent
|-heal|p2a: Jellicent|77/100
|
|upkeep
|turn|11
|
|t:|1724991160
|move|p1a: Xatu|Night Shade|p2a: Jellicent
|-damage|p2a: Jellicent|52/100
|move|p2a: Jellicent|Night Shade|p1a: Xatu
|-damage|p1a: Xatu|71/100
|
|upkeep
|turn|12
|
|t:|1724991166
|move|p1a: Xatu|Night Shade|p2a: Jellicent
|-damage|p2a: Jellicent|27/100
|move|p2a: Jellicent|Recover|p2a: Jellicent
|-heal|p2a: Jellicent|77/100
|
|upkeep
|turn|13
|
|t:|1724991175
|switch|p2a: Hydreigon|Hydreigon, F|100/100
|-damage|p2a: Hydreigon|88/100|[from] Stealth Rock
|move|p1a: Xatu|Night Shade|p2a: Hydreigon
|-damage|p2a: Hydreigon|58/100
|
|-sideend|p1: 257m|Reflect
|upkeep
|turn|14
|
|t:|1724991184
|switch|p1a: Amoonguss|Amoonguss, F|100/100
|move|p2a: Hydreigon|Dark Pulse|p1a: Amoonguss
|-damage|p1a: Amoonguss|46/100
|-damage|p2a: Hydreigon|48/100|[from] item: Life Orb
|
|-heal|p1a: Amoonguss|53/100|[from] item: Black Sludge
|upkeep
|turn|15
|
|t:|1724991191
|move|p2a: Hydreigon|Flamethrower|p1a: Amoonguss
|-supereffective|p1a: Amoonguss
|-damage|p1a: Amoonguss|0 fnt
|faint|p1a: Amoonguss
|-damage|p2a: Hydreigon|38/100|[from] item: Life Orb
|
|upkeep
|
|t:|1724991194
|switch|p1a: Mienshao|Mienshao, M|100/100
|turn|16
|
|t:|1724991197
|switch|p2a: Jellicent|Jellicent, F|77/100
|-damage|p2a: Jellicent|64/100|[from] Stealth Rock
|move|p1a: Mienshao|U-turn|p2a: Jellicent
|-resisted|p2a: Jellicent
|-damage|p2a: Jellicent|52/100
|-damage|p1a: Mienshao|91/100|[from] item: Life Orb
|
|t:|1724991202
|switch|p1a: Ferrothorn|Ferrothorn, F|47/100 brn|[from] U-turn
|
|-heal|p1a: Ferrothorn|53/100 brn|[from] item: Leftovers
|-damage|p1a: Ferrothorn|41/100 brn|[from] brn
|upkeep
|turn|17
|
|t:|1724991205
|switch|p1a: Xatu|Xatu, M|71/100
|move|p2a: Jellicent|Taunt|p1a: Xatu
|move|p1a: Xatu|Taunt|p2a: Jellicent|[from]ability: Magic Bounce
|-start|p2a: Jellicent|move: Taunt
|
|upkeep
|turn|18
|
|t:|1724991210
|switch|p1a: Ferrothorn|Ferrothorn, F|41/100 brn
|switch|p2a: Hydreigon|Hydreigon, F|38/100
|-damage|p2a: Hydreigon|26/100|[from] Stealth Rock
|
|-heal|p1a: Ferrothorn|47/100 brn|[from] item: Leftovers
|-damage|p1a: Ferrothorn|35/100 brn|[from] brn
|upkeep
|turn|19
|
|t:|1724991221
|switch|p1a: Slowking|Slowking, M|100/100
|move|p2a: Hydreigon|Roost|p2a: Hydreigon
|-heal|p2a: Hydreigon|76/100
|-singleturn|p2a: Hydreigon|move: Roost
|
|upkeep
|turn|20
|
|t:|1724991232
|switch|p2a: Jellicent|Jellicent, F|52/100
|-damage|p2a: Jellicent|40/100|[from] Stealth Rock
|move|p1a: Slowking|Dragon Tail|p2a: Jellicent
|-damage|p2a: Jellicent|31/100
|drag|p2a: Alakazam|Alakazam, M|100/100
|
|upkeep
|turn|21
|
|t:|1724991242
|switch|p2a: Tyranitar|Tyranitar, M|100/100
|-damage|p2a: Tyranitar|88/100|[from] Stealth Rock
|-weather|Sandstorm|[from] ability: Sand Stream|[of] p2a: Tyranitar
|move|p1a: Slowking|Scald|p2a: Tyranitar
|-supereffective|p2a: Tyranitar
|-damage|p2a: Tyranitar|61/100
|-status|p2a: Tyranitar|brn
|
|-weather|Sandstorm|[upkeep]
|-damage|p1a: Slowking|94/100|[from] Sandstorm
|-heal|p1a: Slowking|100/100|[from] item: Leftovers
|-damage|p2a: Tyranitar|48/100 brn|[from] brn
|upkeep
|turn|22
|
|t:|1724991247
|switch|p1a: Tangrowth|Tangrowth, M|100/100
|move|p2a: Tyranitar|Thunder Wave|p1a: Tangrowth
|-status|p1a: Tangrowth|par
|
|-weather|Sandstorm|[upkeep]
|-damage|p1a: Tangrowth|94/100 par|[from] Sandstorm
|-heal|p1a: Tangrowth|100/100 par|[from] item: Leftovers
|-damage|p2a: Tyranitar|36/100 brn|[from] brn
|upkeep
|turn|23
|
|t:|1724991263
|switch|p2a: Landorus|Landorus-Therian, M|100/100
|-damage|p2a: Landorus|88/100|[from] Stealth Rock
|-ability|p2a: Landorus|Intimidate|boost
|-unboost|p1a: Tangrowth|atk|1
|move|p1a: Tangrowth|Giga Drain|p2a: Landorus
|-damage|p2a: Landorus|55/100
|
|-weather|Sandstorm|[upkeep]
|-damage|p1a: Tangrowth|94/100 par|[from] Sandstorm
|-heal|p2a: Landorus|61/100|[from] item: Leftovers
|-heal|p1a: Tangrowth|100/100 par|[from] item: Leftovers
|upkeep
|turn|24
|
|t:|1724991268
|move|p2a: Landorus|Hidden Power|p1a: Tangrowth
|-supereffective|p1a: Tangrowth
|-damage|p1a: Tangrowth|50/100 par
|move|p1a: Tangrowth|Knock Off|p2a: Landorus
|-damage|p2a: Landorus|59/100
|-enditem|p2a: Landorus|Leftovers|[from] move: Knock Off|[of] p1a: Tangrowth
|
|-weather|Sandstorm|[upkeep]
|-damage|p1a: Tangrowth|44/100 par|[from] Sandstorm
|-heal|p1a: Tangrowth|50/100 par|[from] item: Leftovers
|upkeep
|turn|25
|
|t:|1724991277
|switch|p1a: Slowking|Slowking, M|100/100
|move|p2a: Landorus|Stealth Rock|p1a: Slowking
|-sidestart|p1: 257m|move: Stealth Rock
|
|-weather|Sandstorm|[upkeep]
|-damage|p1a: Slowking|94/100|[from] Sandstorm
|-heal|p1a: Slowking|100/100|[from] item: Leftovers
|upkeep
|turn|26
|
|t:|1724991283
|move|p2a: Landorus|U-turn|p1a: Slowking
|-supereffective|p1a: Slowking
|-damage|p1a: Slowking|61/100
|
|t:|1724991286
|switch|p2a: Jellicent|Jellicent, F|31/100|[from] U-turn
|-damage|p2a: Jellicent|18/100|[from] Stealth Rock
|move|p1a: Slowking|Scald|p2a: Jellicent
|-heal|p2a: Jellicent|43/100|[from] ability: Water Absorb|[of] p1a: Slowking
|
|-weather|Sandstorm|[upkeep]
|-damage|p2a: Jellicent|37/100|[from] Sandstorm
|-damage|p1a: Slowking|55/100|[from] Sandstorm
|-heal|p1a: Slowking|61/100|[from] item: Leftovers
|upkeep
|turn|27
|
|t:|1724991298
|switch|p1a: Xatu|Xatu, M|71/100
|-damage|p1a: Xatu|46/100|[from] Stealth Rock
|move|p2a: Jellicent|Recover|p2a: Jellicent
|-heal|p2a: Jellicent|87/100
|
|-weather|Sandstorm|[upkeep]
|-damage|p1a: Xatu|40/100|[from] Sandstorm
|-damage|p2a: Jellicent|81/100|[from] Sandstorm
|upkeep
|turn|28
|
|t:|1724991303
|move|p1a: Xatu|Roost|p1a: Xatu
|-heal|p1a: Xatu|90/100
|-singleturn|p1a: Xatu|move: Roost
|move|p2a: Jellicent|Night Shade|p1a: Xatu
|-damage|p1a: Xatu|60/100
|
|-weather|Sandstorm|[upkeep]
|-damage|p1a: Xatu|54/100|[from] Sandstorm
|-damage|p2a: Jellicent|75/100|[from] Sandstorm
|upkeep
|turn|29
|
|t:|1724991312
|switch|p1a: Tangrowth|Tangrowth, M|84/100 par
|-damage|p1a: Tangrowth|71/100 par|[from] Stealth Rock
|move|p2a: Jellicent|Night Shade|p1a: Tangrowth
|-damage|p1a: Tangrowth|46/100 par
|
|-weather|Sandstorm|[upkeep]
|-damage|p2a: Jellicent|68/100|[from] Sandstorm
|-damage|p1a: Tangrowth|40/100 par|[from] Sandstorm
|-heal|p1a: Tangrowth|46/100 par|[from] item: Leftovers
|upkeep
|turn|30
|
|t:|1724991319
|switch|p2a: Hydreigon|Hydreigon, F|76/100
|-damage|p2a: Hydreigon|63/100|[from] Stealth Rock
|cant|p1a: Tangrowth|par
|
|-weather|Sandstorm|[upkeep]
|-damage|p2a: Hydreigon|57/100|[from] Sandstorm
|-damage|p1a: Tangrowth|40/100 par|[from] Sandstorm
|-heal|p1a: Tangrowth|46/100 par|[from] item: Leftovers
|upkeep
|turn|31
|
|t:|1724991325
|switch|p1a: Slowking|Slowking, M|95/100
|-damage|p1a: Slowking|82/100|[from] Stealth Rock
|move|p2a: Hydreigon|Roost|p2a: Hydreigon
|-heal|p2a: Hydreigon|100/100
|-singleturn|p2a: Hydreigon|move: Roost
|
|-weather|Sandstorm|[upkeep]
|-damage|p2a: Hydreigon|94/100|[from] Sandstorm
|-damage|p1a: Slowking|76/100|[from] Sandstorm
|-heal|p1a: Slowking|82/100|[from] item: Leftovers
|upkeep
|turn|32
|
|t:|1724991335
|switch|p1a: Tangrowth|Tangrowth, M|80/100 par
|-damage|p1a: Tangrowth|67/100 par|[from] Stealth Rock
|move|p2a: Hydreigon|Dark Pulse|p1a: Tangrowth
|-damage|p1a: Tangrowth|0 fnt
|faint|p1a: Tangrowth
|-damage|p2a: Hydreigon|85/100|[from] item: Life Orb
|
|-weather|Sandstorm|[upkeep]
|-damage|p2a: Hydreigon|79/100|[from] Sandstorm
|upkeep
|
|t:|1724991341
|switch|p1a: Mienshao|Mienshao, M|100/100
|-damage|p1a: Mienshao|95/100|[from] Stealth Rock
|turn|33
|
|t:|1724991354
|switch|p2a: Landorus|Landorus-Therian, M|59/100
|-damage|p2a: Landorus|46/100|[from] Stealth Rock
|-ability|p2a: Landorus|Intimidate|boost
|-unboost|p1a: Mienshao|atk|1
|move|p1a: Mienshao|Fake Out|p2a: Landorus
|-damage|p2a: Landorus|35/100
|-damage|p1a: Mienshao|85/100|[from] item: Life Orb
|
|-weather|Sandstorm|[upkeep]
|-damage|p1a: Mienshao|79/100|[from] Sandstorm
|upkeep
|turn|34
|
|t:|1724991363
|switch|p2a: Skarmory|Skarmory, M|71/100
|-damage|p2a: Skarmory|59/100|[from] Stealth Rock
|move|p1a: Mienshao|U-turn|p2a: Skarmory
|-resisted|p2a: Skarmory
|-damage|p2a: Skarmory|55/100
|-damage|p1a: Mienshao|69/100|[from] item: Life Orb
|
|t:|1724991368
|switch|p1a: Ferrothorn|Ferrothorn, F|35/100 brn|[from] U-turn
|-damage|p1a: Ferrothorn|28/100 brn|[from] Stealth Rock
|
|-weather|Sandstorm|[upkeep]
|-heal|p1a: Ferrothorn|35/100 brn|[from] item: Leftovers
|-damage|p1a: Ferrothorn|22/100 brn|[from] brn
|upkeep
|turn|35
|
|t:|1724991372
|move|p2a: Skarmory|Spikes|p1a: Ferrothorn
|-sidestart|p1: 257m|Spikes
|move|p1a: Ferrothorn|Spikes|p2a: Skarmory
|-sidestart|p2: ihymyly|Spikes
|
|-weather|Sandstorm|[upkeep]
|-heal|p1a: Ferrothorn|28/100 brn|[from] item: Leftovers
|-damage|p1a: Ferrothorn|16/100 brn|[from] brn
|upkeep
|turn|36
|
|t:|1724991377
|move|p2a: Skarmory|Roost|p2a: Skarmory
|-heal|p2a: Skarmory|100/100
|-singleturn|p2a: Skarmory|move: Roost
|move|p1a: Ferrothorn|Spikes|p2a: Skarmory
|-sidestart|p2: ihymyly|Spikes
|
|-weather|Sandstorm|[upkeep]
|-heal|p1a: Ferrothorn|22/100 brn|[from] item: Leftovers
|-damage|p1a: Ferrothorn|10/100 brn|[from] brn
|upkeep
|turn|37
|
|t:|1724991381
|move|p2a: Skarmory|Spikes|p1a: Ferrothorn
|-sidestart|p1: 257m|Spikes
|move|p1a: Ferrothorn|Leech Seed|p2a: Skarmory
|-start|p2a: Skarmory|move: Leech Seed
|
|-weather|Sandstorm|[upkeep]
|-heal|p1a: Ferrothorn|16/100 brn|[from] item: Leftovers
|-damage|p2a: Skarmory|88/100|[from] Leech Seed|[of] p1a: Ferrothorn
|-heal|p1a: Ferrothorn|27/100 brn|[silent]
|-damage|p1a: Ferrothorn|15/100 brn|[from] brn
|upkeep
|turn|38
|
|t:|1724991388
|switch|p2a: Hydreigon|Hydreigon, F|79/100
|-damage|p2a: Hydreigon|66/100|[from] Stealth Rock
|move|p1a: Ferrothorn|Spikes|p2a: Hydreigon
|-sidestart|p2: ihymyly|Spikes
|
|-weather|Sandstorm|[upkeep]
|-damage|p2a: Hydreigon|60/100|[from] Sandstorm
|-heal|p1a: Ferrothorn|21/100 brn|[from] item: Leftovers
|-damage|p1a: Ferrothorn|9/100 brn|[from] brn
|upkeep
|turn|39
|
|t:|1724991394
|move|p2a: Hydreigon|Dark Pulse|p1a: Ferrothorn
|-resisted|p1a: Ferrothorn
|-damage|p1a: Ferrothorn|0 fnt
|faint|p1a: Ferrothorn
|-damage|p2a: Hydreigon|50/100|[from] item: Life Orb
|
|-weather|Sandstorm|[upkeep]
|-damage|p2a: Hydreigon|44/100|[from] Sandstorm
|upkeep
|
|t:|1724991396
|switch|p1a: Mienshao|Mienshao, M|100/100
|-damage|p1a: Mienshao|95/100|[from] Stealth Rock
|-damage|p1a: Mienshao|78/100|[from] Spikes
|turn|40
|
|t:|1724991401
|switch|p2a: Tyranitar|Tyranitar, M|36/100 brn
|-damage|p2a: Tyranitar|23/100 brn|[from] Stealth Rock
|-damage|p2a: Tyranitar|0 fnt|[from] Spikes
|faint|p2a: Tyranitar
|move|p1a: Mienshao|High Jump Kick|p2: Tyranitar|[notarget]
|-fail|p1a: Mienshao
|
|-weather|Sandstorm|[upkeep]
|-damage|p1a: Mienshao|72/100|[from] Sandstorm
|upkeep
|
|t:|1724991408
|switch|p2a: Landorus|Landorus-Therian, M|35/100
|-damage|p2a: Landorus|23/100|[from] Stealth Rock
|-ability|p2a: Landorus|Intimidate|boost
|-unboost|p1a: Mienshao|atk|1
|turn|41
|
|t:|1724991415
|switch|p2a: Skarmory|Skarmory, M|88/100
|-damage|p2a: Skarmory|76/100|[from] Stealth Rock
|move|p1a: Mienshao|U-turn|p2a: Skarmory
|-resisted|p2a: Skarmory
|-damage|p2a: Skarmory|72/100
|-damage|p1a: Mienshao|62/100|[from] item: Life Orb
|
|t:|1724991417
|switch|p1a: Xatu|Xatu, M|54/100|[from] U-turn
|-damage|p1a: Xatu|29/100|[from] Stealth Rock
|
|-weather|Sandstorm|[upkeep]
|-damage|p1a: Xatu|23/100|[from] Sandstorm
|upkeep
|turn|42
|
|t:|1724991423
|move|p1a: Xatu|Roost|p1a: Xatu
|-heal|p1a: Xatu|73/100
|-singleturn|p1a: Xatu|move: Roost
|move|p2a: Skarmory|Whirlwind|p1a: Xatu
|move|p1a: Xatu|Whirlwind|p2a: Skarmory|[from]ability: Magic Bounce
|drag|p2a: Jellicent|Jellicent, F|68/100
|-damage|p2a: Jellicent|56/100|[from] Stealth Rock
|-damage|p2a: Jellicent|31/100|[from] Spikes
|
|-weather|Sandstorm|[upkeep]
|-damage|p1a: Xatu|67/100|[from] Sandstorm
|-damage|p2a: Jellicent|25/100|[from] Sandstorm
|upkeep
|turn|43
|
|t:|1724991430
|move|p1a: Xatu|Night Shade|p2a: Jellicent
|-damage|p2a: Jellicent|0 fnt
|faint|p2a: Jellicent
|
|-weather|Sandstorm|[upkeep]
|-damage|p1a: Xatu|61/100|[from] Sandstorm
|upkeep
|
|t:|1724991433
|switch|p2a: Hydreigon|Hydreigon, F|44/100
|-damage|p2a: Hydreigon|32/100|[from] Stealth Rock
|turn|44
|
|t:|1724991444
|move|p2a: Hydreigon|Roost|p2a: Hydreigon
|-heal|p2a: Hydreigon|82/100
|-singleturn|p2a: Hydreigon|move: Roost
|move|p1a: Xatu|U-turn|p2a: Hydreigon
|-supereffective|p2a: Hydreigon
|-damage|p2a: Hydreigon|53/100
|
|t:|1724991446
|switch|p1a: Mienshao|Mienshao, M|95/100|[from] U-turn
|-damage|p1a: Mienshao|89/100|[from] Stealth Rock
|-damage|p1a: Mienshao|73/100|[from] Spikes
|
|-weather|Sandstorm|[upkeep]
|-damage|p1a: Mienshao|67/100|[from] Sandstorm
|-damage|p2a: Hydreigon|47/100|[from] Sandstorm
|upkeep
|turn|45
|
|t:|1724991454
|switch|p2a: Landorus|Landorus-Therian, M|23/100
|-damage|p2a: Landorus|11/100|[from] Stealth Rock
|-ability|p2a: Landorus|Intimidate|boost
|-unboost|p1a: Mienshao|atk|1
|move|p1a: Mienshao|High Jump Kick|p2a: Landorus
|-resisted|p2a: Landorus
|-damage|p2a: Landorus|0 fnt
|faint|p2a: Landorus
|-damage|p1a: Mienshao|57/100|[from] item: Life Orb
|
|-weather|Sandstorm|[upkeep]
|-damage|p1a: Mienshao|51/100|[from] Sandstorm
|upkeep
|
|t:|1724991459
|switch|p2a: Alakazam|Alakazam, M|100/100
|turn|46
|
|t:|1724991461
|switch|p1a: Slowking|Slowking, M|100/100
|-damage|p1a: Slowking|88/100|[from] Stealth Rock
|-damage|p1a: Slowking|72/100|[from] Spikes
|move|p2a: Alakazam|Shadow Ball|p1a: Slowking
|-supereffective|p1a: Slowking
|-damage|p1a: Slowking|38/100
|
|-weather|Sandstorm|[upkeep]
|-damage|p1a: Slowking|31/100|[from] Sandstorm
|-heal|p1a: Slowking|38/100|[from] item: Leftovers
|upkeep
|turn|47
|
|t:|1724991467
|move|p2a: Alakazam|Shadow Ball|p1a: Slowking
|-supereffective|p1a: Slowking
|-damage|p1a: Slowking|5/100
|-unboost|p1a: Slowking|spd|1
|move|p1a: Slowking|Slack Off|p1a: Slowking
|-heal|p1a: Slowking|55/100
|
|-weather|Sandstorm|[upkeep]
|-damage|p1a: Slowking|48/100|[from] Sandstorm
|-heal|p1a: Slowking|55/100|[from] item: Leftovers
|upkeep
|turn|48
|
|t:|1724991472
|switch|p1a: Xatu|Xatu, M|61/100
|-damage|p1a: Xatu|36/100|[from] Stealth Rock
|move|p2a: Alakazam|Shadow Ball|p1a: Xatu
|-supereffective|p1a: Xatu
|-damage|p1a: Xatu|0 fnt
|faint|p1a: Xatu
|
|-weather|Sandstorm|[upkeep]
|upkeep
|
|t:|1724991476
|switch|p1a: Slowking|Slowking, M|88/100
|-damage|p1a: Slowking|75/100|[from] Stealth Rock
|-damage|p1a: Slowking|59/100|[from] Spikes
|turn|49
|
|t:|1724991479
|move|p2a: Alakazam|Shadow Ball|p1a: Slowking
|-supereffective|p1a: Slowking
|-damage|p1a: Slowking|26/100
|move|p1a: Slowking|Slack Off|p1a: Slowking
|-heal|p1a: Slowking|76/100
|
|-weather|Sandstorm|[upkeep]
|-damage|p1a: Slowking|70/100|[from] Sandstorm
|-heal|p1a: Slowking|76/100|[from] item: Leftovers
|upkeep
|turn|50
|
|t:|1724991482
|move|p2a: Alakazam|Encore|p1a: Slowking
|-start|p1a: Slowking|Encore
|move|p1a: Slowking|Slack Off|p1a: Slowking
|-heal|p1a: Slowking|100/100
|
|-weather|Sandstorm|[upkeep]
|-damage|p1a: Slowking|94/100|[from] Sandstorm
|-heal|p1a: Slowking|100/100|[from] item: Leftovers
|upkeep
|turn|51
|
|t:|1724991487
|move|p2a: Alakazam|Psychic|p1a: Slowking
|-resisted|p1a: Slowking
|-damage|p1a: Slowking|87/100
|move|p1a: Slowking|Slack Off|p1a: Slowking
|-heal|p1a: Slowking|100/100
|
|-weather|Sandstorm|[upkeep]
|-damage|p1a: Slowking|94/100|[from] Sandstorm
|-heal|p1a: Slowking|100/100|[from] item: Leftovers
|upkeep
|turn|52
|
|t:|1724991490
|move|p2a: Alakazam|Shadow Ball|p1a: Slowking
|-supereffective|p1a: Slowking
|-damage|p1a: Slowking|67/100
|move|p1a: Slowking|Slack Off|p1a: Slowking
|-heal|p1a: Slowking|100/100
|
|-weather|Sandstorm|[upkeep]
|-damage|p1a: Slowking|94/100|[from] Sandstorm
|-heal|p1a: Slowking|100/100|[from] item: Leftovers
|-end|p1a: Slowking|Encore
|upkeep
|turn|53
|
|t:|1724991497
|switch|p1a: Mienshao|Mienshao, M|84/100
|-damage|p1a: Mienshao|78/100|[from] Stealth Rock
|-damage|p1a: Mienshao|62/100|[from] Spikes
|move|p2a: Alakazam|Encore||[still]
|-fail|p2a: Alakazam
|
|-weather|Sandstorm|[upkeep]
|-damage|p1a: Mienshao|56/100|[from] Sandstorm
|upkeep
|turn|54
|
|t:|1724991500
|switch|p2a: Skarmory|Skarmory, M|72/100
|-damage|p2a: Skarmory|60/100|[from] Stealth Rock
|move|p1a: Mienshao|Fake Out|p2a: Skarmory
|-resisted|p2a: Skarmory
|-damage|p2a: Skarmory|53/100
|-damage|p1a: Mienshao|46/100|[from] item: Life Orb
|
|-weather|Sandstorm|[upkeep]
|-damage|p1a: Mienshao|40/100|[from] Sandstorm
|upkeep
|turn|55
|
|t:|1724991503
|move|p1a: Mienshao|High Jump Kick|p2a: Skarmory
|-damage|p2a: Skarmory|0 fnt
|faint|p2a: Skarmory
|-damage|p1a: Mienshao|30/100|[from] item: Life Orb
|
|-weather|Sandstorm|[upkeep]
|-damage|p1a: Mienshao|24/100|[from] Sandstorm
|upkeep
|
|t:|1724991507
|switch|p2a: Alakazam|Alakazam, M|100/100
|turn|56
|
|t:|1724991510
|switch|p1a: Slowking|Slowking, M|100/100
|-damage|p1a: Slowking|88/100|[from] Stealth Rock
|-damage|p1a: Slowking|72/100|[from] Spikes
|move|p2a: Alakazam|Shadow Ball|p1a: Slowking
|-supereffective|p1a: Slowking
|-damage|p1a: Slowking|37/100
|
|-weather|Sandstorm|[upkeep]
|-damage|p1a: Slowking|31/100|[from] Sandstorm
|-heal|p1a: Slowking|37/100|[from] item: Leftovers
|upkeep
|turn|57
|
|t:|1724991518
|switch|p2a: Hydreigon|Hydreigon, F|47/100
|-damage|p2a: Hydreigon|35/100|[from] Stealth Rock
|move|p1a: Slowking|Scald|p2a: Hydreigon
|-resisted|p2a: Hydreigon
|-crit|p2a: Hydreigon
|-damage|p2a: Hydreigon|1/100
|-status|p2a: Hydreigon|brn
|
|-weather|Sandstorm|[upkeep]
|-damage|p2a: Hydreigon|0 fnt|[from] Sandstorm
|-damage|p1a: Slowking|31/100|[from] Sandstorm
|faint|p2a: Hydreigon
|-heal|p1a: Slowking|37/100|[from] item: Leftovers
|upkeep
|
|t:|1724991521
|switch|p2a: Alakazam|Alakazam, M|100/100
|turn|58
|c|☆257m|gg
|
|t:|1724991529
|move|p2a: Alakazam|Shadow Ball|p1a: Slowking
|-supereffective|p1a: Slowking
|-damage|p1a: Slowking|2/100
|move|p1a: Slowking|Scald|p2a: Alakazam
|-damage|p2a: Alakazam|57/100
|
|-weather|Sandstorm|[upkeep]
|-damage|p1a: Slowking|0 fnt|[from] Sandstorm
|faint|p1a: Slowking
|upkeep
|
|t:|1724991533
|switch|p1a: Mienshao|Mienshao, M|57/100
|-damage|p1a: Mienshao|51/100|[from] Stealth Rock
|-damage|p1a: Mienshao|35/100|[from] Spikes
|turn|59
|
|t:|1724991536
|move|p1a: Mienshao|Fake Out|p2a: Alakazam
|-crit|p2a: Alakazam
|-damage|p2a: Alakazam|0 fnt
|faint|p2a: Alakazam
|-damage|p1a: Mienshao|25/100|[from] item: Life Orb
|
|win|257m
|raw|257m's rating: 1320 &rarr; <strong>1348</strong><br />(+28 for winning)
|raw|ihymyly's rating: 1477 &rarr; <strong>1449</strong><br />(-28 for losing)
|l|☆ihymyly
|player|p2|
