|j|peakyblinded
|j|shadowist
|player|p1|peakyblinded|23
|player|p2|shadowist|269
|gametype|singles
|gen|5
|tier|[Gen 5] OU
|rated
|seed|
|rule|Evasion Abilities Clause: Evasion abilities are banned
|rule|Baton Pass Clause: Limit one Baton Passer, can't pass Spe and other stats simultaneously
|rule|Swagger Clause: Swagger is banned
|clearpoke
|poke|p1|Excadrill, M|item
|poke|p1|Tentacruel, M|item
|poke|p1|Ferrothorn, F|item
|poke|p1|Latias, F|item
|poke|p1|Politoed, M|item
|poke|p1|Volcarona, F|item
|poke|p2|Politoed, M|item
|poke|p2|Gastrodon, F|item
|poke|p2|Starmie|item
|poke|p2|Volcarona, F|item
|poke|p2|Toxicroak, M, shiny|item
|poke|p2|Ferrothorn, M|item
|rule|Sleep Clause Mod: Limit one foe put to sleep
|rule|Species Clause: Limit one of each Pokémon
|rule|OHKO Clause: OHKO moves are banned
|rule|Moody Clause: Moody is banned
|rule|Evasion Moves Clause: Evasion moves are banned
|rule|Endless Battle Clause: Forcing endless battles is banned
|rule|HP Percentage Mod: HP is shown in percentages
|teampreview
|choice||
|
|start
|switch|p1a: Ferrothorn|Ferrothorn, F|100/100
|switch|p2a: Ferrothorn|Ferrothorn, M|100/100
|turn|1
|choice||
|
|move|p2a: Ferrothorn|Stealth Rock|p1a: Ferrothorn
|-sidestart|p1: peakyblinded|move: Stealth Rock
|move|p1a: Ferrothorn|Stealth Rock|p2a: Ferrothorn
|-sidestart|p2: shadowist|move: Stealth Rock
|
|turn|2
|choice||
|
|switch|p2a: Politoed|Politoed, M|100/100
|-damage|p2a: Politoed|88/100|[from] Stealth Rock
|-weather|RainDance|[from] ability: Drizzle|[of] p2a: Politoed
|switch|p1a: Tentacruel|Tentacruel, M|100/100
|-damage|p1a: Tentacruel|88/100|[from] Stealth Rock
|
|-weather|RainDance|[upkeep]
|-heal|p1a: Tentacruel|94/100|[from] ability: Rain Dish
|-heal|p1a: Tentacruel|100/100|[from] item: Black Sludge
|turn|3
|choice||
|
|switch|p2a: Starmie|Starmie|100/100
|-damage|p2a: Starmie|88/100|[from] Stealth Rock
|move|p1a: Tentacruel|Rapid Spin|p2a: Starmie
|-damage|p2a: Starmie|84/100
|-sideend|p1: peakyblinded|Stealth Rock|[from] move: Rapid Spin|[of] p1a: Tentacruel
|
|-weather|RainDance|[upkeep]
|-heal|p2a: Starmie|91/100|[from] item: Leftovers
|turn|4
|choice||
|
|switch|p1a: Ferrothorn|Ferrothorn, F|100/100
|move|p2a: Starmie|Rapid Spin|p1a: Ferrothorn
|-resisted|p1a: Ferrothorn
|-damage|p1a: Ferrothorn|99/100
|-damage|p2a: Starmie|78/100|[from] ability: Iron Barbs|[of] p1a: Ferrothorn
|-sideend|p2: shadowist|Stealth Rock|[from] move: Rapid Spin|[of] p2a: Starmie
|
|-weather|RainDance|[upkeep]
|-heal|p2a: Starmie|84/100|[from] item: Leftovers
|-heal|p1a: Ferrothorn|100/100|[from] item: Leftovers
|turn|5
|choice||
|
|switch|p2a: Volcarona|Volcarona, F|100/100
|move|p1a: Ferrothorn|Stealth Rock|p2a: Volcarona
|-sidestart|p2: shadowist|move: Stealth Rock
|
|-weather|RainDance|[upkeep]
|turn|6
|choice||
|
|switch|p1a: Politoed|Politoed, M|100/100
|move|p2a: Volcarona|Quiver Dance|p2a: Volcarona
|-boost|p2a: Volcarona|spa|1
|-boost|p2a: Volcarona|spd|1
|-boost|p2a: Volcarona|spe|1
|
|-weather|RainDance|[upkeep]
|turn|7
|choice||
|
|switch|p2a: Ferrothorn|Ferrothorn, M|100/100
|-damage|p2a: Ferrothorn|94/100|[from] Stealth Rock
|move|p1a: Politoed|Encore|p2a: Ferrothorn
|-fail|p2a: Ferrothorn
|
|-weather|RainDance|[upkeep]
|-heal|p2a: Ferrothorn|100/100|[from] item: Leftovers
|turn|8
|choice||
|
|switch|p1a: Volcarona|Volcarona, F|100/100
|move|p2a: Ferrothorn|Stealth Rock|p1a: Volcarona
|-sidestart|p1: peakyblinded|move: Stealth Rock
|
|-weather|RainDance|[upkeep]
|turn|9
|choice||
|
|switch|p2a: Politoed|Politoed, M|88/100
|-damage|p2a: Politoed|75/100|[from] Stealth Rock
|move|p1a: Volcarona|Substitute|p1a: Volcarona
|-start|p1a: Volcarona|Substitute
|-damage|p1a: Volcarona|76/100
|
|-weather|RainDance|[upkeep]
|-heal|p1a: Volcarona|82/100|[from] item: Leftovers
|turn|10
|choice||
|
|move|p1a: Volcarona|Bug Buzz|p2a: Politoed
|-damage|p2a: Politoed|31/100
|move|p2a: Politoed|Hydro Pump|p1a: Volcarona
|-supereffective|p1a: Volcarona
|-end|p1a: Volcarona|Substitute
|
|-weather|RainDance|[upkeep]
|-heal|p1a: Volcarona|88/100|[from] item: Leftovers
|turn|11
|choice||
|
|move|p1a: Volcarona|Bug Buzz|p2a: Politoed
|-crit|p2a: Politoed
|-damage|p2a: Politoed|0 fnt
|faint|p2a: Politoed
|
|-weather|RainDance|[upkeep]
|-heal|p1a: Volcarona|94/100|[from] item: Leftovers
|choice||
|
|switch|p2a: Starmie|Starmie|84/100
|-damage|p2a: Starmie|72/100|[from] Stealth Rock
|turn|12
|choice||
|
|switch|p1a: Ferrothorn|Ferrothorn, F|100/100
|-damage|p1a: Ferrothorn|94/100|[from] Stealth Rock
|move|p2a: Starmie|Rapid Spin|p1a: Ferrothorn
|-resisted|p1a: Ferrothorn
|-damage|p1a: Ferrothorn|93/100
|-damage|p2a: Starmie|60/100|[from] ability: Iron Barbs|[of] p1a: Ferrothorn
|-sideend|p2: shadowist|Stealth Rock|[from] move: Rapid Spin|[of] p2a: Starmie
|
|-weather|RainDance|[upkeep]
|-heal|p2a: Starmie|66/100|[from] item: Leftovers
|-heal|p1a: Ferrothorn|99/100|[from] item: Leftovers
|turn|13
|choice||
|
|switch|p2a: Volcarona|Volcarona, F|100/100
|move|p1a: Ferrothorn|Stealth Rock|p2a: Volcarona
|-sidestart|p2: shadowist|move: Stealth Rock
|
|-weather|RainDance|[upkeep]
|-heal|p1a: Ferrothorn|100/100|[from] item: Leftovers
|turn|14
|choice||
|
|switch|p1a: Politoed|Politoed, M|100/100
|-damage|p1a: Politoed|88/100|[from] Stealth Rock
|move|p2a: Volcarona|Quiver Dance|p2a: Volcarona
|-boost|p2a: Volcarona|spa|1
|-boost|p2a: Volcarona|spd|1
|-boost|p2a: Volcarona|spe|1
|
|-weather|RainDance|[upkeep]
|-heal|p1a: Politoed|94/100|[from] item: Leftovers
|turn|15
|choice||
|
|move|p2a: Volcarona|Bug Buzz|p1a: Politoed
|-damage|p1a: Politoed|30/100
|move|p1a: Politoed|Toxic|p2a: Volcarona
|-status|p2a: Volcarona|tox
|
|-weather|RainDance|[upkeep]
|-heal|p1a: Politoed|36/100|[from] item: Leftovers
|-damage|p2a: Volcarona|94/100 tox|[from] psn
|turn|16
|choice||
|
|move|p1a: Politoed|Protect|p1a: Politoed
|-singleturn|p1a: Politoed|Protect
|move|p2a: Volcarona|Quiver Dance|p2a: Volcarona
|-boost|p2a: Volcarona|spa|1
|-boost|p2a: Volcarona|spd|1
|-boost|p2a: Volcarona|spe|1
|
|-weather|RainDance|[upkeep]
|-heal|p2a: Volcarona|100/100 tox|[from] item: Leftovers
|-heal|p1a: Politoed|42/100|[from] item: Leftovers
|-damage|p2a: Volcarona|88/100 tox|[from] psn
|turn|17
|choice||
|
|move|p1a: Politoed|Protect|p1a: Politoed
|-singleturn|p1a: Politoed|Protect
|move|p2a: Volcarona|Bug Buzz|p1a: Politoed
|-activate|p1a: Politoed|move: Protect
|
|-weather|RainDance|[upkeep]
|-heal|p2a: Volcarona|94/100 tox|[from] item: Leftovers
|-heal|p1a: Politoed|49/100|[from] item: Leftovers
|-damage|p2a: Volcarona|76/100 tox|[from] psn
|turn|18
|choice||
|
|move|p2a: Volcarona|Bug Buzz|p1a: Politoed
|-damage|p1a: Politoed|0 fnt
|faint|p1a: Politoed
|
|-weather|RainDance|[upkeep]
|-heal|p2a: Volcarona|82/100 tox|[from] item: Leftovers
|-damage|p2a: Volcarona|58/100 tox|[from] psn
|choice||
|
|switch|p1a: Tentacruel|Tentacruel, M|100/100
|-damage|p1a: Tentacruel|88/100|[from] Stealth Rock
|turn|19
|choice||
|
|move|p2a: Volcarona|Hurricane|p1a: Tentacruel
|-damage|p1a: Tentacruel|10/100
|-start|p1a: Tentacruel|confusion
|-activate|p1a: Tentacruel|confusion
|-damage|p1a: Tentacruel|4/100|[from] confusion
|
|-weather|RainDance|[upkeep]
|-heal|p1a: Tentacruel|10/100|[from] ability: Rain Dish
|-heal|p2a: Volcarona|64/100 tox|[from] item: Leftovers
|-heal|p1a: Tentacruel|16/100|[from] item: Black Sludge
|-damage|p2a: Volcarona|33/100 tox|[from] psn
|turn|20
|choice||
|
|move|p2a: Volcarona|Hurricane|p1a: Tentacruel
|-crit|p1a: Tentacruel
|-damage|p1a: Tentacruel|0 fnt
|faint|p1a: Tentacruel
|
|-weather|RainDance|[upkeep]
|-heal|p2a: Volcarona|39/100 tox|[from] item: Leftovers
|-damage|p2a: Volcarona|3/100 tox|[from] psn
|choice||
|
|switch|p1a: Volcarona|Volcarona, F|94/100
|-damage|p1a: Volcarona|44/100|[from] Stealth Rock
|turn|21
|choice||
|
|move|p2a: Volcarona|Hurricane|p1a: Volcarona
|-supereffective|p1a: Volcarona
|-damage|p1a: Volcarona|0 fnt
|faint|p1a: Volcarona
|
|-weather|RainDance|[upkeep]
|-heal|p2a: Volcarona|9/100 tox|[from] item: Leftovers
|-damage|p2a: Volcarona|0 fnt|[from] psn
|faint|p2a: Volcarona
|choice||
|
|switch|p2a: Starmie|Starmie|66/100
|switch|p1a: Latias|Latias, F|100/100
|-damage|p2a: Starmie|54/100|[from] Stealth Rock
|-damage|p1a: Latias|88/100|[from] Stealth Rock
|turn|22
|choice||
|
|move|p2a: Starmie|Ice Beam|p1a: Latias
|-supereffective|p1a: Latias
|-damage|p1a: Latias|46/100
|move|p1a: Latias|Substitute|p1a: Latias
|-start|p1a: Latias|Substitute
|-damage|p1a: Latias|21/100
|
|-weather|RainDance|[upkeep]
|-heal|p2a: Starmie|60/100|[from] item: Leftovers
|-heal|p1a: Latias|27/100|[from] item: Leftovers
|turn|23
|choice||
|
|move|p2a: Starmie|Ice Beam|p1a: Latias
|-supereffective|p1a: Latias
|-end|p1a: Latias|Substitute
|move|p1a: Latias|Calm Mind|p1a: Latias
|-boost|p1a: Latias|spa|1
|-boost|p1a: Latias|spd|1
|
|-weather|RainDance|[upkeep]
|-heal|p2a: Starmie|66/100|[from] item: Leftovers
|-heal|p1a: Latias|33/100|[from] item: Leftovers
|turn|24
|choice||
|
|move|p2a: Starmie|Ice Beam|p1a: Latias
|-supereffective|p1a: Latias
|-damage|p1a: Latias|6/100
|move|p1a: Latias|Roost|p1a: Latias
|-heal|p1a: Latias|56/100
|
|-weather|RainDance|[upkeep]
|-heal|p2a: Starmie|72/100|[from] item: Leftovers
|-heal|p1a: Latias|62/100|[from] item: Leftovers
|turn|25
|choice||
|
|move|p2a: Starmie|Ice Beam|p1a: Latias
|-supereffective|p1a: Latias
|-damage|p1a: Latias|33/100
|move|p1a: Latias|Roost|p1a: Latias
|-heal|p1a: Latias|83/100
|
|-weather|RainDance|[upkeep]
|-heal|p2a: Starmie|78/100|[from] item: Leftovers
|-heal|p1a: Latias|89/100|[from] item: Leftovers
|turn|26
|choice||
|
|move|p2a: Starmie|Ice Beam|p1a: Latias
|-supereffective|p1a: Latias
|-damage|p1a: Latias|60/100
|move|p1a: Latias|Calm Mind|p1a: Latias
|-boost|p1a: Latias|spa|1
|-boost|p1a: Latias|spd|1
|
|-weather|RainDance|[upkeep]
|-heal|p2a: Starmie|84/100|[from] item: Leftovers
|-heal|p1a: Latias|66/100|[from] item: Leftovers
|turn|27
|choice||
|
|move|p2a: Starmie|Ice Beam|p1a: Latias
|-supereffective|p1a: Latias
|-damage|p1a: Latias|44/100
|move|p1a: Latias|Substitute|p1a: Latias
|-start|p1a: Latias|Substitute
|-damage|p1a: Latias|19/100
|
|-weather|RainDance|[upkeep]
|-heal|p2a: Starmie|91/100|[from] item: Leftovers
|-heal|p1a: Latias|25/100|[from] item: Leftovers
|turn|28
|choice||
|
|move|p2a: Starmie|Ice Beam|p1a: Latias
|-supereffective|p1a: Latias
|-activate|p1a: Latias|Substitute|[damage]
|move|p1a: Latias|Roost|p1a: Latias
|-heal|p1a: Latias|75/100
|
|-weather|RainDance|[upkeep]
|-heal|p2a: Starmie|97/100|[from] item: Leftovers
|-heal|p1a: Latias|82/100|[from] item: Leftovers
|turn|29
|choice||
|
|move|p2a: Starmie|Ice Beam|p1a: Latias
|-supereffective|p1a: Latias
|-end|p1a: Latias|Substitute
|move|p1a: Latias|Substitute|p1a: Latias
|-start|p1a: Latias|Substitute
|-damage|p1a: Latias|57/100
|
|-weather|RainDance|[upkeep]
|-heal|p2a: Starmie|100/100|[from] item: Leftovers
|-heal|p1a: Latias|63/100|[from] item: Leftovers
|turn|30
|choice||
|
|move|p2a: Starmie|Ice Beam|p1a: Latias
|-supereffective|p1a: Latias
|-activate|p1a: Latias|Substitute|[damage]
|move|p1a: Latias|Dragon Pulse|p2a: Starmie
|-damage|p2a: Starmie|5/100
|
|-weather|RainDance|[upkeep]
|-heal|p2a: Starmie|11/100|[from] item: Leftovers
|-heal|p1a: Latias|69/100|[from] item: Leftovers
|turn|31
|choice||
|
|move|p2a: Starmie|Ice Beam|p1a: Latias
|-supereffective|p1a: Latias
|-end|p1a: Latias|Substitute
|move|p1a: Latias|Dragon Pulse|p2a: Starmie
|-crit|p2a: Starmie
|-damage|p2a: Starmie|0 fnt
|faint|p2a: Starmie
|
|-weather|RainDance|[upkeep]
|-heal|p1a: Latias|75/100|[from] item: Leftovers
|choice||
|
|switch|p2a: Toxicroak|Toxicroak, M, shiny|100/100
|-damage|p2a: Toxicroak|94/100|[from] Stealth Rock
|turn|32
|choice||
|
|move|p1a: Latias|Dragon Pulse|p2a: Toxicroak
|-damage|p2a: Toxicroak|0 fnt
|faint|p2a: Toxicroak
|
|-weather|RainDance|[upkeep]
|-heal|p1a: Latias|81/100|[from] item: Leftovers
|choice||
|
|switch|p2a: Gastrodon|Gastrodon, F|100/100
|-damage|p2a: Gastrodon|94/100|[from] Stealth Rock
|turn|33
|choice||
|
|move|p1a: Latias|Substitute|p1a: Latias
|-start|p1a: Latias|Substitute
|-damage|p1a: Latias|56/100
|move|p2a: Gastrodon|Scald|p1a: Latias
|-resisted|p1a: Latias
|-activate|p1a: Latias|Substitute|[damage]
|
|-weather|RainDance|[upkeep]
|-heal|p1a: Latias|62/100|[from] item: Leftovers
|-heal|p2a: Gastrodon|100/100|[from] item: Leftovers
|turn|34
|-message|shadowist forfeited.
|
|win|peakyblinded
|player|p1
|player|p2
|l|shadowist
|raw|peakyblinded's rating: 1480 &rarr; <strong>1497</strong><br />(+17 for winning)
|raw|shadowist's rating: 1420 &rarr; <strong>1404</strong><br />(-16 for losing)