|j|☆HydreigonSpammer
|j|☆authentise_is_shit
|t:|1734211689
|gametype|singles
|player|p1|HydreigonSpammer|veteranf|1364
|player|p2|authentise_is_shit|2|1311
|teamsize|p1|6
|teamsize|p2|6
|gen|5
|tier|[Gen 5] OU
|rated|
|rule|Species Clause: Limit one of each Pokémon
|rule|OHKO Clause: OHKO moves are banned
|rule|Moody Clause: Moody is banned
|rule|Evasion Items Clause: Evasion items are banned
|rule|Evasion Moves Clause: Evasion moves are banned
|rule|Endless Battle Clause: Forcing endless battles is banned
|rule|HP Percentage Mod: HP is shown in percentages
|rule|Evasion Abilities Clause: Evasion abilities are banned
|rule|Sleep Moves Clause: Sleep-inducing moves are banned
|rule|Swagger Clause: Swagger is banned
|rule|Baton Pass Stat Clause: No Baton Passer may have a way to boost its stats
|clearpoke
|poke|p1|Garchomp, F|item
|poke|p1|Magnezone|item
|poke|p1|Tentacruel, M|item
|poke|p1|Salamence, M|item
|poke|p1|Dragonite, M|item
|poke|p1|Kyurem-Black|item
|poke|p2|Ferrothorn, M|item
|poke|p2|Moltres|item
|poke|p2|Politoed, M|item
|poke|p2|Sableye, M|item
|poke|p2|Tentacruel, M|item
|poke|p2|Latias, F|item
|teampreview
|
|t:|1734211698
|start
|switch|p1a: Garchomp|Garchomp, F|100/100
|switch|p2a: Sableye|Sableye, M|100/100
|turn|1
|
|t:|1734211705
|switch|p1a: Tentacruel|Tentacruel, M|100/100
|move|p2a: Sableye|Taunt|p1a: Tentacruel
|-start|p1a: Tentacruel|move: Taunt
|
|upkeep
|turn|2
|
|t:|1734211707
|move|p2a: Sableye|Will-O-Wisp|p1a: Tentacruel
|-status|p1a: Tentacruel|brn
|move|p1a: Tentacruel|Scald|p2a: Sableye
|-damage|p2a: Sableye|63/100
|-status|p2a: Sableye|brn
|
|-heal|p2a: Sableye|69/100 brn|[from] item: Leftovers
|-damage|p1a: Tentacruel|88/100 brn|[from] brn
|-damage|p2a: Sableye|56/100 brn|[from] brn
|upkeep
|turn|3
|inactive|Battle timer is ON: inactive players will automatically lose when time's up. (requested by authentise_is_shit)
|
|t:|1734211715
|switch|p1a: Magnezone|Magnezone|100/100
|-item|p1a: Magnezone|Air Balloon
|switch|p2a: Politoed|Politoed, M|100/100
|-weather|RainDance|[from] ability: Drizzle|[of] p2a: Politoed
|
|-weather|RainDance|[upkeep]
|upkeep
|turn|4
|
|t:|1734211736
|move|p1a: Magnezone|Sunny Day|p1a: Magnezone
|-weather|SunnyDay
|move|p2a: Politoed|Scald|p1a: Magnezone
|-crit|p1a: Magnezone
|-damage|p1a: Magnezone|66/100
|-status|p1a: Magnezone|brn
|-enditem|p1a: Magnezone|Air Balloon
|
|-weather|SunnyDay|[upkeep]
|-damage|p1a: Magnezone|54/100 brn|[from] brn
|upkeep
|turn|5
|
|t:|1734211747
|move|p2a: Politoed|Protect|p2a: Politoed
|-singleturn|p2a: Politoed|Protect
|move|p1a: Magnezone|Thunderbolt|p2a: Politoed
|-activate|p2a: Politoed|move: Protect
|
|-weather|SunnyDay|[upkeep]
|-damage|p1a: Magnezone|41/100 brn|[from] brn
|upkeep
|turn|6
|
|t:|1734211756
|switch|p1a: Garchomp|Garchomp, F|100/100
|switch|p2a: Latias|Latias, F|100/100
|
|-weather|SunnyDay|[upkeep]
|upkeep
|turn|7
|
|t:|1734211762
|move|p2a: Latias|Dragon Pulse|p1a: Garchomp
|-supereffective|p1a: Garchomp
|-damage|p1a: Garchomp|22/100
|move|p1a: Garchomp|Stealth Rock|p2a: Latias
|-sidestart|p2: authentise_is_shit|move: Stealth Rock
|
|-weather|SunnyDay|[upkeep]
|upkeep
|turn|8
|
|t:|1734211768
|move|p2a: Latias|Dragon Pulse|p1a: Garchomp
|-supereffective|p1a: Garchomp
|-damage|p1a: Garchomp|0 fnt
|faint|p1a: Garchomp
|
|-weather|none
|upkeep
|
|t:|1734211785
|switch|p1a: Dragonite|Dragonite, M|100/100
|turn|9
|
|t:|1734211791
|switch|p2a: Politoed|Politoed, M|100/100
|-damage|p2a: Politoed|88/100|[from] Stealth Rock
|-weather|RainDance|[from] ability: Drizzle|[of] p2a: Politoed
|move|p1a: Dragonite|Outrage|p2a: Politoed
|-damage|p2a: Politoed|36/100
|
|-weather|RainDance|[upkeep]
|-heal|p2a: Politoed|42/100|[from] item: Leftovers
|upkeep
|turn|10
|
|t:|1734211798
|move|p2a: Politoed|Protect|p2a: Politoed
|-singleturn|p2a: Politoed|Protect
|move|p1a: Dragonite|Outrage|p2a: Politoed|[from]lockedmove
|-activate|p2a: Politoed|move: Protect
|
|-weather|RainDance|[upkeep]
|-heal|p2a: Politoed|49/100|[from] item: Leftovers
|upkeep
|turn|11
|
|t:|1734211805
|switch|p2a: Ferrothorn|Ferrothorn, M|100/100
|-damage|p2a: Ferrothorn|94/100|[from] Stealth Rock
|move|p1a: Dragonite|Dragon Dance|p1a: Dragonite
|-boost|p1a: Dragonite|atk|1
|-boost|p1a: Dragonite|spe|1
|
|-weather|RainDance|[upkeep]
|upkeep
|turn|12
|
|t:|1734211814
|switch|p1a: Magnezone|Magnezone|41/100 brn
|move|p2a: Ferrothorn|Gyro Ball|p1a: Magnezone
|-resisted|p1a: Magnezone
|-damage|p1a: Magnezone|25/100 brn
|
|-weather|RainDance|[upkeep]
|-damage|p1a: Magnezone|13/100 brn|[from] brn
|upkeep
|turn|13
|
|t:|1734211828
|move|p1a: Magnezone|Sunny Day|p1a: Magnezone
|-weather|SunnyDay
|move|p2a: Ferrothorn|Gyro Ball|p1a: Magnezone
|-resisted|p1a: Magnezone
|-damage|p1a: Magnezone|0 fnt
|faint|p1a: Magnezone
|
|-weather|SunnyDay|[upkeep]
|upkeep
|
|t:|1734211834
|switch|p1a: Salamence|Salamence, M|100/100
|turn|14
|
|t:|1734211841
|move|p1a: Salamence|Flamethrower|p2a: Ferrothorn
|-supereffective|p2a: Ferrothorn
|-damage|p2a: Ferrothorn|0 fnt
|faint|p2a: Ferrothorn
|-ability|p1a: Salamence|Moxie|boost
|-boost|p1a: Salamence|atk|1
|
|-weather|SunnyDay|[upkeep]
|upkeep
|
|t:|1734211843
|switch|p2a: Politoed|Politoed, M|49/100
|-damage|p2a: Politoed|36/100|[from] Stealth Rock
|-weather|RainDance|[from] ability: Drizzle|[of] p2a: Politoed
|turn|15
|
|t:|1734211849
|switch|p1a: Tentacruel|Tentacruel, M|88/100 brn
|move|p2a: Politoed|Scald|p1a: Tentacruel
|-resisted|p1a: Tentacruel
|-damage|p1a: Tentacruel|72/100 brn
|
|-weather|RainDance|[upkeep]
|-heal|p1a: Tentacruel|79/100 brn|[from] ability: Rain Dish
|-heal|p1a: Tentacruel|85/100 brn|[from] item: Black Sludge
|-heal|p2a: Politoed|42/100|[from] item: Leftovers
|-damage|p1a: Tentacruel|72/100 brn|[from] brn
|upkeep
|turn|16
|
|t:|1734211860
|switch|p1a: Kyurem|Kyurem-Black|100/100
|-ability|p1a: Kyurem|Teravolt
|move|p2a: Politoed|Encore||[still]
|-fail|p2a: Politoed
|
|-weather|RainDance|[upkeep]
|-heal|p2a: Politoed|49/100|[from] item: Leftovers
|upkeep
|turn|17
|
|t:|1734211865
|move|p1a: Kyurem|Substitute|p1a: Kyurem
|-start|p1a: Kyurem|Substitute
|-damage|p1a: Kyurem|76/100
|move|p2a: Politoed|Encore|p1a: Kyurem
|-start|p1a: Kyurem|Encore
|
|-weather|RainDance|[upkeep]
|-heal|p1a: Kyurem|82/100|[from] item: Leftovers
|-heal|p2a: Politoed|55/100|[from] item: Leftovers
|upkeep
|turn|18
|
|t:|1734211874
|switch|p2a: Latias|Latias, F|100/100
|-damage|p2a: Latias|88/100|[from] Stealth Rock
|move|p1a: Kyurem|Substitute|p1a: Kyurem
|-fail|p1a: Kyurem|move: Substitute
|
|-weather|RainDance|[upkeep]
|-heal|p2a: Latias|94/100|[from] item: Leftovers
|-heal|p1a: Kyurem|88/100|[from] item: Leftovers
|upkeep
|turn|19
|
|t:|1734211879
|switch|p1a: Tentacruel|Tentacruel, M|72/100 brn
|move|p2a: Latias|Dragon Pulse|p1a: Tentacruel
|-damage|p1a: Tentacruel|47/100 brn
|
|-weather|RainDance|[upkeep]
|-heal|p1a: Tentacruel|53/100 brn|[from] ability: Rain Dish
|-heal|p2a: Latias|99/100|[from] item: Leftovers
|-heal|p1a: Tentacruel|59/100 brn|[from] item: Black Sludge
|-damage|p1a: Tentacruel|47/100 brn|[from] brn
|upkeep
|turn|20
|
|t:|1734211893
|switch|p2a: Tentacruel|Tentacruel, M|100/100
|-damage|p2a: Tentacruel|88/100|[from] Stealth Rock
|move|p1a: Tentacruel|Scald|p2a: Tentacruel
|-resisted|p2a: Tentacruel
|-damage|p2a: Tentacruel|74/100
|-status|p2a: Tentacruel|brn
|
|-weather|RainDance|[upkeep]
|-heal|p1a: Tentacruel|53/100 brn|[from] ability: Rain Dish
|-heal|p2a: Tentacruel|80/100 brn|[from] ability: Rain Dish
|-heal|p2a: Tentacruel|86/100 brn|[from] item: Black Sludge
|-heal|p1a: Tentacruel|59/100 brn|[from] item: Black Sludge
|-damage|p2a: Tentacruel|74/100 brn|[from] brn
|-damage|p1a: Tentacruel|47/100 brn|[from] brn
|upkeep
|turn|21
|
|t:|1734211899
|switch|p1a: Kyurem|Kyurem-Black|88/100
|-ability|p1a: Kyurem|Teravolt
|move|p2a: Tentacruel|Rapid Spin|p1a: Kyurem
|-damage|p1a: Kyurem|86/100
|-sideend|p2: authentise_is_shit|Stealth Rock|[from] move: Rapid Spin|[of] p2a: Tentacruel
|
|-weather|RainDance|[upkeep]
|-heal|p2a: Tentacruel|80/100 brn|[from] ability: Rain Dish
|-heal|p2a: Tentacruel|86/100 brn|[from] item: Black Sludge
|-heal|p1a: Kyurem|93/100|[from] item: Leftovers
|-damage|p2a: Tentacruel|73/100 brn|[from] brn
|upkeep
|turn|22
|
|t:|1734211906
|switch|p2a: Sableye|Sableye, M|56/100 brn
|move|p1a: Kyurem|Substitute|p1a: Kyurem
|-start|p1a: Kyurem|Substitute
|-damage|p1a: Kyurem|68/100
|
|-weather|RainDance|[upkeep]
|-heal|p1a: Kyurem|74/100|[from] item: Leftovers
|-heal|p2a: Sableye|63/100 brn|[from] item: Leftovers
|-damage|p2a: Sableye|50/100 brn|[from] brn
|upkeep
|turn|23
|
|t:|1734211911
|move|p1a: Kyurem|Ice Beam|p2a: Sableye
|-damage|p2a: Sableye|0 fnt
|faint|p2a: Sableye
|
|-weather|RainDance|[upkeep]
|-heal|p1a: Kyurem|80/100|[from] item: Leftovers
|upkeep
|
|t:|1734211914
|switch|p2a: Latias|Latias, F|99/100
|turn|24
|
|t:|1734211919
|move|p2a: Latias|Dragon Pulse|p1a: Kyurem
|-supereffective|p1a: Kyurem
|-end|p1a: Kyurem|Substitute
|move|p1a: Kyurem|Ice Beam|p2a: Latias
|-supereffective|p2a: Latias
|-damage|p2a: Latias|29/100
|
|-weather|RainDance|[upkeep]
|-heal|p2a: Latias|35/100|[from] item: Leftovers
|-heal|p1a: Kyurem|86/100|[from] item: Leftovers
|upkeep
|turn|25
|
|t:|1734211928
|switch|p1a: Tentacruel|Tentacruel, M|47/100 brn
|move|p2a: Latias|Dragon Pulse|p1a: Tentacruel
|-damage|p1a: Tentacruel|20/100 brn
|
|-weather|RainDance|[upkeep]
|-heal|p1a: Tentacruel|26/100 brn|[from] ability: Rain Dish
|-heal|p2a: Latias|41/100|[from] item: Leftovers
|-heal|p1a: Tentacruel|32/100 brn|[from] item: Black Sludge
|-damage|p1a: Tentacruel|20/100 brn|[from] brn
|upkeep
|turn|26
|
|t:|1734211937
|move|p2a: Latias|Dragon Pulse|p1a: Tentacruel
|-damage|p1a: Tentacruel|0 fnt
|faint|p1a: Tentacruel
|
|-weather|RainDance|[upkeep]
|-heal|p2a: Latias|47/100|[from] item: Leftovers
|upkeep
|
|t:|1734211949
|switch|p1a: Salamence|Salamence, M|100/100
|turn|27
|
|t:|1734211959
|switch|p2a: Tentacruel|Tentacruel, M|73/100 brn
|move|p1a: Salamence|Outrage|p2a: Tentacruel
|-damage|p2a: Tentacruel|0 fnt
|faint|p2a: Tentacruel
|-ability|p1a: Salamence|Moxie|boost
|-boost|p1a: Salamence|atk|1
|
|-weather|RainDance|[upkeep]
|upkeep
|
|t:|1734211964
|switch|p2a: Moltres|Moltres|100/100
|-ability|p2a: Moltres|Pressure
|turn|28
|
|t:|1734211969
|move|p1a: Salamence|Outrage|p2a: Moltres|[from]lockedmove
|-damage|p2a: Moltres|15/100
|move|p2a: Moltres|Hurricane|p1a: Salamence
|-damage|p1a: Salamence|37/100
|
|-weather|RainDance|[upkeep]
|-heal|p2a: Moltres|21/100|[from] item: Leftovers
|upkeep
|turn|29
|
|t:|1734211983
|move|p1a: Salamence|Outrage|p2a: Moltres|[from]lockedmove
|-damage|p2a: Moltres|0 fnt
|faint|p2a: Moltres
|-ability|p1a: Salamence|Moxie|boost
|-boost|p1a: Salamence|atk|1
|-start|p1a: Salamence|confusion|[fatigue]
|
|-weather|RainDance|[upkeep]
|upkeep
|
|t:|1734211991
|switch|p2a: Latias|Latias, F|47/100
|turn|30
|
|t:|1734212000
|switch|p1a: Kyurem|Kyurem-Black|86/100
|-ability|p1a: Kyurem|Teravolt
|move|p2a: Latias|Dragon Pulse|p1a: Kyurem
|-supereffective|p1a: Kyurem
|-damage|p1a: Kyurem|29/100
|
|-weather|RainDance|[upkeep]
|-heal|p2a: Latias|53/100|[from] item: Leftovers
|-heal|p1a: Kyurem|36/100|[from] item: Leftovers
|upkeep
|turn|31
|
|t:|1734212007
|move|p2a: Latias|Dragon Pulse|p1a: Kyurem
|-supereffective|p1a: Kyurem
|-damage|p1a: Kyurem|0 fnt
|faint|p1a: Kyurem
|
|-weather|RainDance|[upkeep]
|-heal|p2a: Latias|59/100|[from] item: Leftovers
|upkeep
|
|t:|1734212010
|switch|p1a: Salamence|Salamence, M|37/100
|turn|32
|
|t:|1734212013
|move|p1a: Salamence|Outrage|p2a: Latias
|-supereffective|p2a: Latias
|-damage|p2a: Latias|0 fnt
|faint|p2a: Latias
|-ability|p1a: Salamence|Moxie|boost
|-boost|p1a: Salamence|atk|1
|
|-weather|RainDance|[upkeep]
|upkeep
|
|t:|1734212015
|switch|p2a: Politoed|Politoed, M|55/100
|turn|33
|
|t:|1734212017
|move|p2a: Politoed|Protect|p2a: Politoed
|-singleturn|p2a: Politoed|Protect
|move|p1a: Salamence|Outrage|p2a: Politoed|[from]lockedmove
|-activate|p2a: Politoed|move: Protect
|
|-weather|RainDance|[upkeep]
|-heal|p2a: Politoed|61/100|[from] item: Leftovers
|upkeep
|turn|34
|
|t:|1734212021
|move|p1a: Salamence|Outrage|p2a: Politoed
|-damage|p2a: Politoed|0 fnt
|faint|p2a: Politoed
|-ability|p1a: Salamence|Moxie|boost
|-boost|p1a: Salamence|atk|1
|
|win|HydreigonSpammer
|raw|HydreigonSpammer's rating: 1364 &rarr; <strong>1381</strong><br />(+17 for winning)
|raw|authentise_is_shit's rating: 1311 &rarr; <strong>1294</strong><br />(-17 for losing)
|l|☆authentise_is_shit
|player|p2|
