|j|jhktvcuyktgf
|j|Meloriver ヽ
|player|p1|jhktvcuyktgf|1
|player|p2|Meloriver ヽ|124
|gametype|singles
|gen|5
|tier|[Gen 5] OU
|rated
|seed|
|rule|Evasion Abilities Clause: Evasion abilities are banned
|rule|Baton Pass Clause: Limit one Baton Passer, can't pass Spe and other stats simultaneously
|rule|Swagger Clause: Swagger is banned
|clearpoke
|poke|p1|Celebi|item
|poke|p1|Politoed, F|item
|poke|p1|Excadrill, M|item
|poke|p1|Volcarona, F|item
|poke|p1|Starmie|item
|poke|p1|Ferrothorn, M|item
|poke|p2|Azelf|item
|poke|p2|Breloom, F|item
|poke|p2|Scizor, F|item
|poke|p2|Dragonite, M|item
|poke|p2|Salamence, M|item
|poke|p2|Garchomp, M|item
|rule|Sleep Clause Mod: Limit one foe put to sleep
|rule|Species Clause: Limit one of each Pokémon
|rule|OHKO Clause: OHKO moves are banned
|rule|Moody Clause: Moody is banned
|rule|Evasion Moves Clause: Evasion moves are banned
|rule|Endless Battle Clause: Forcing endless battles is banned
|rule|HP Percentage Mod: HP is shown in percentages
|teampreview
|choice||
|
|start
|switch|p1a: Politoed|Politoed, F|100/100
|switch|p2a: Breloom|Breloom, F|100/100
|-weather|RainDance|[from] ability: Drizzle|[of] p1a: Politoed
|turn|1
|choice||
|
|switch|p1a: Volcarona|Volcarona, F|100/100
|move|p2a: Breloom|Spore|p1a: Volcarona
|-status|p1a: Volcarona|slp
|
|-weather|RainDance|[upkeep]
|turn|2
|choice||
|
|-singleturn|p2a: Breloom|move: Focus Punch
|switch|p1a: Celebi|Celebi|100/100
|move|p2a: Breloom|Focus Punch|p1a: Celebi
|-enditem|p2a: Breloom|Fighting Gem|[from] gem|[move] Focus Punch
|-resisted|p1a: Celebi
|-damage|p1a: Celebi|47/100
|
|-weather|RainDance|[upkeep]
|-heal|p1a: Celebi|53/100|[from] item: Leftovers
|turn|3
|choice||
|
|switch|p2a: Azelf|Azelf|100/100
|move|p1a: Celebi|Recover|p1a: Celebi
|-heal|p1a: Celebi|100/100
|
|-weather|RainDance|[upkeep]
|turn|4
|choice||
|
|move|p2a: Azelf|Stealth Rock|p1a: Celebi
|-sidestart|p1: jhktvcuyktgf|move: Stealth Rock
|move|p1a: Celebi|Psychic|p2a: Azelf
|-resisted|p2a: Azelf
|-damage|p2a: Azelf|72/100
|
|-weather|RainDance|[upkeep]
|turn|5
|choice||
|
|move|p2a: Azelf|Hidden Power|p1a: Celebi
|-supereffective|p1a: Celebi
|-damage|p1a: Celebi|72/100
|move|p1a: Celebi|Recover|p1a: Celebi
|-heal|p1a: Celebi|100/100
|
|-weather|RainDance|[upkeep]
|turn|6
|choice||
|
|switch|p1a: Ferrothorn|Ferrothorn, M|100/100
|-damage|p1a: Ferrothorn|94/100|[from] Stealth Rock
|move|p2a: Azelf|Fire Blast|p1a: Ferrothorn
|-supereffective|p1a: Ferrothorn
|-damage|p1a: Ferrothorn|29/100
|
|-weather|RainDance|[upkeep]
|-heal|p1a: Ferrothorn|36/100|[from] item: Leftovers
|turn|7
|choice||
|
|switch|p1a: Politoed|Politoed, F|100/100
|-damage|p1a: Politoed|88/100|[from] Stealth Rock
|move|p2a: Azelf|Fire Blast|p1a: Politoed
|-resisted|p1a: Politoed
|-damage|p1a: Politoed|78/100
|
|-weather|RainDance|[upkeep]
|turn|8
|choice||
|
|move|p1a: Politoed|Scald|p2a: Azelf
|-crit|p2a: Azelf
|-damage|p2a: Azelf|0 fnt
|faint|p2a: Azelf
|
|-weather|RainDance|[upkeep]
|choice||
|
|switch|p2a: Breloom|Breloom, F|100/100
|turn|9
|choice||
|
|-singleturn|p2a: Breloom|move: Focus Punch
|switch|p1a: Celebi|Celebi|100/100
|-damage|p1a: Celebi|88/100|[from] Stealth Rock
|move|p2a: Breloom|Focus Punch|p1a: Celebi
|-resisted|p1a: Celebi
|-damage|p1a: Celebi|51/100
|
|-weather|RainDance|[upkeep]
|-heal|p1a: Celebi|57/100|[from] item: Leftovers
|turn|10
|choice||
|
|switch|p2a: Scizor|Scizor, F|100/100
|move|p1a: Celebi|Psychic|p2a: Scizor
|-resisted|p2a: Scizor
|-damage|p2a: Scizor|80/100
|
|-weather|RainDance|[upkeep]
|-heal|p1a: Celebi|64/100|[from] item: Leftovers
|turn|11
|choice||
|
|move|p1a: Celebi|Baton Pass|p1a: Celebi
|choice||
|
|switch|p1a: Ferrothorn|Ferrothorn, M|36/100
|-damage|p1a: Ferrothorn|29/100|[from] Stealth Rock
|move|p2a: Scizor|Swords Dance|p2a: Scizor
|-boost|p2a: Scizor|atk|2
|
|-weather|RainDance|[upkeep]
|-heal|p1a: Ferrothorn|36/100|[from] item: Leftovers
|turn|12
|choice||
|
|move|p2a: Scizor|Acrobatics|p1a: Ferrothorn
|-enditem|p2a: Scizor|Flying Gem|[from] gem|[move] Acrobatics
|-damage|p1a: Ferrothorn|0 fnt
|-damage|p2a: Scizor|67/100|[from] ability: Iron Barbs|[of] p1a: Ferrothorn
|faint|p1a: Ferrothorn
|
|-weather|RainDance|[upkeep]
|choice||
|
|switch|p1a: Politoed|Politoed, F|78/100
|-damage|p1a: Politoed|66/100|[from] Stealth Rock
|turn|13
|choice||
|
|switch|p2a: Breloom|Breloom, F|100/100
|move|p1a: Politoed|Scald|p2a: Breloom
|-resisted|p2a: Breloom
|-damage|p2a: Breloom|56/100
|
|-weather|RainDance|[upkeep]
|turn|14
|choice||
|
|switch|p1a: Celebi|Celebi|64/100
|-damage|p1a: Celebi|51/100|[from] Stealth Rock
|move|p2a: Breloom|Bullet Seed|p1a: Celebi
|-resisted|p1a: Celebi
|-damage|p1a: Celebi|42/100
|-resisted|p1a: Celebi
|-damage|p1a: Celebi|32/100
|-hitcount|p1a: Celebi|2
|
|-weather|RainDance|[upkeep]
|-heal|p1a: Celebi|38/100|[from] item: Leftovers
|turn|15
|choice||
|
|switch|p2a: Garchomp|Garchomp, M|100/100
|move|p1a: Celebi|Recover|p1a: Celebi
|-heal|p1a: Celebi|88/100
|
|-weather|RainDance|[upkeep]
|-heal|p1a: Celebi|95/100|[from] item: Leftovers
|turn|16
|choice||
|
|move|p2a: Garchomp|Substitute|p2a: Garchomp
|-start|p2a: Garchomp|Substitute
|-damage|p2a: Garchomp|76/100
|move|p1a: Celebi|Baton Pass|p1a: Celebi
|choice||
|
|switch|p1a: Politoed|Politoed, F|66/100
|-damage|p1a: Politoed|53/100|[from] Stealth Rock
|
|-weather|RainDance|[upkeep]
|turn|17
|choice||
|
|switch|p2a: Breloom|Breloom, F|56/100
|move|p1a: Politoed|Encore|p2a: Breloom
|-fail|p2a: Breloom
|
|-weather|RainDance|[upkeep]
|turn|18
|choice||
|
|switch|p1a: Celebi|Celebi|95/100
|-damage|p1a: Celebi|82/100|[from] Stealth Rock
|switch|p2a: Scizor|Scizor, F|67/100
|
|-weather|RainDance|[upkeep]
|-heal|p1a: Celebi|88/100|[from] item: Leftovers
|turn|19
|choice||
|
|move|p1a: Celebi|Baton Pass|p1a: Celebi
|choice||
|
|switch|p1a: Volcarona|Volcarona, F|100/100 slp
|-damage|p1a: Volcarona|51/100 slp|[from] Stealth Rock
|move|p2a: Scizor|Acrobatics|p1a: Volcarona
|-supereffective|p1a: Volcarona
|-damage|p1a: Volcarona|0 fnt
|faint|p1a: Volcarona
|
|-weather|RainDance|[upkeep]
|choice||
|
|switch|p1a: Starmie|Starmie|100/100
|-damage|p1a: Starmie|88/100|[from] Stealth Rock
|turn|20
|choice||
|
|switch|p2a: Breloom|Breloom, F|56/100
|move|p1a: Starmie|Hydro Pump|p2a: Breloom
|-resisted|p2a: Breloom
|-damage|p2a: Breloom|0 fnt
|-damage|p1a: Starmie|78/100|[from] item: Life Orb
|faint|p2a: Breloom
|
|-weather|RainDance|[upkeep]
|choice||
|
|switch|p2a: Dragonite|Dragonite, M|100/100
|turn|21
|choice||
|
|move|p1a: Starmie|Ice Beam|p2a: Dragonite
|-supereffective|p2a: Dragonite
|-damage|p2a: Dragonite|23/100
|-damage|p1a: Starmie|69/100|[from] item: Life Orb
|move|p2a: Dragonite|Dragon Dance|p2a: Dragonite
|-boost|p2a: Dragonite|atk|1
|-boost|p2a: Dragonite|spe|1
|
|-weather|RainDance|[upkeep]
|turn|22
|choice||
|
|switch|p1a: Celebi|Celebi|88/100
|-damage|p1a: Celebi|76/100|[from] Stealth Rock
|move|p2a: Dragonite|Extreme Speed|p1a: Celebi
|-damage|p1a: Celebi|37/100
|
|-weather|RainDance|[upkeep]
|-heal|p1a: Celebi|43/100|[from] item: Leftovers
|turn|23
|choice||
|
|move|p2a: Dragonite|Outrage|p1a: Celebi
|-damage|p1a: Celebi|0 fnt
|faint|p1a: Celebi
|
|-weather|RainDance|[upkeep]
|choice||
|
|switch|p1a: Politoed|Politoed, F|53/100
|-damage|p1a: Politoed|41/100|[from] Stealth Rock
|turn|24
|choice||
|
|move|p1a: Politoed|Scald|p2a: Dragonite
|-resisted|p2a: Dragonite
|-damage|p2a: Dragonite|0 fnt
|faint|p2a: Dragonite
|
|-weather|RainDance|[upkeep]
|choice||
|
|switch|p2a: Garchomp|Garchomp, M|76/100
|turn|25
|j|REDMD
|c| REDMD|i hate this gen
|choice||
|
|move|p1a: Politoed|Scald|p2a: Garchomp
|-damage|p2a: Garchomp|20/100
|move|p2a: Garchomp|Earthquake|p1a: Politoed
|-damage|p1a: Politoed|0 fnt
|faint|p1a: Politoed
|
|-weather|RainDance|[upkeep]
|c| REDMD|perm weather is cancer
|c|★Meloriver ヽ|nah, bw > oras
|l|REDMD
|choice||
|
|switch|p1a: Starmie|Starmie|69/100
|-damage|p1a: Starmie|56/100|[from] Stealth Rock
|turn|26
|choice||
|
|move|p1a: Starmie|Ice Beam|p2a: Garchomp
|-supereffective|p2a: Garchomp
|-damage|p2a: Garchomp|0 fnt
|-damage|p1a: Starmie|47/100|[from] item: Life Orb
|faint|p2a: Garchomp
|
|-weather|RainDance|[upkeep]
|choice||
|
|switch|p2a: Salamence|Salamence, M|100/100
|turn|27
|choice||
|
|switch|p2a: Scizor|Scizor, F|67/100
|switch|p1a: Excadrill|Excadrill, M|100/100
|-damage|p1a: Excadrill|97/100|[from] Stealth Rock
|-item|p1a: Excadrill|Air Balloon
|
|-weather|RainDance|[upkeep]
|turn|28
|choice||
|
|move|p2a: Scizor|Bullet Punch|p1a: Excadrill
|-resisted|p1a: Excadrill
|-damage|p1a: Excadrill|72/100
|-enditem|p1a: Excadrill|Air Balloon
|move|p1a: Excadrill|Earthquake|p2a: Scizor
|-damage|p2a: Scizor|8/100
|
|-weather|RainDance|[upkeep]
|turn|29
|choice||
|
|move|p1a: Excadrill|Iron Head|p2a: Scizor
|-resisted|p2a: Scizor
|-damage|p2a: Scizor|0 fnt
|faint|p2a: Scizor
|
|-weather|RainDance|[upkeep]
|choice||
|
|switch|p2a: Salamence|Salamence, M|100/100
|turn|30
|choice||
|
|move|p2a: Salamence|Earthquake|p1a: Excadrill
|-supereffective|p1a: Excadrill
|-damage|p1a: Excadrill|0 fnt
|faint|p1a: Excadrill
|-ability|p2a: Salamence|Moxie|boost
|-boost|p2a: Salamence|atk|1
|
|-weather|RainDance|[upkeep]
|choice||
|
|switch|p1a: Starmie|Starmie|47/100
|-damage|p1a: Starmie|34/100|[from] Stealth Rock
|turn|31
|c|★Meloriver ヽ|g_g
|c|★jhktvcuyktgf|gg
|choice||
|
|move|p2a: Salamence|Earthquake|p1a: Starmie
|-damage|p1a: Starmie|0 fnt
|faint|p1a: Starmie
|-ability|p2a: Salamence|Moxie|boost
|-boost|p2a: Salamence|atk|1
|
|win|Meloriver ヽ
|player|p1
|player|p2
|raw|jhktvcuyktgf's rating: 1316 &rarr; <strong>1301</strong><br />(-15 for losing)
|raw|Meloriver ヽ's rating: 1406 &rarr; <strong>1421</strong><br />(+15 for winning)
|l|jhktvcuyktgf
|l|Meloriver ヽ