|j|☆baixiaohen
|j|‽Blossummm
|t:|1743267428
|gametype|singles
|player|p1|baixiaohen|red|1410
|player|p2|Blossummm|jasmine-gen2|1345
|teamsize|p1|6
|teamsize|p2|6
|gen|5
|tier|[Gen 5] OU
|rated|
|rule|Species Clause: Limit one of each Pokémon
|rule|OHKO Clause: OHKO moves are banned
|rule|Moody Clause: Moody is banned
|rule|Evasion Items Clause: Evasion items are banned
|rule|Evasion Moves Clause: Evasion moves are banned
|rule|Endless Battle Clause: Forcing endless battles is banned
|rule|HP Percentage Mod: HP is shown in percentages
|rule|Evasion Abilities Clause: Evasion abilities are banned
|rule|Sleep Moves Clause: Sleep-inducing moves are banned
|rule|Swagger Clause: Swagger is banned
|rule|Baton Pass Stat Clause: No Baton Passer may have a way to boost its stats
|clearpoke
|poke|p1|Garchomp, M|item
|poke|p1|Mamoswine, F|item
|poke|p1|Ferrothorn, F|item
|poke|p1|Jellicent, M|item
|poke|p1|Tyranitar, F|item
|poke|p1|Excadrill, M|item
|poke|p2|Skarmory, F|item
|poke|p2|Jellicent, M|item
|poke|p2|Scizor, F|item
|poke|p2|Garchomp, M|item
|poke|p2|Latios, M|item
|poke|p2|Jirachi|item
|teampreview
|inactive|Battle timer is ON: inactive players will automatically lose when time's up. (requested by baixiaohen)
|
|t:|1743267443
|start
|switch|p1a: Tyranitar|Tyranitar, F|100/100
|switch|p2a: Skarmory|Skarmory, F|100/100
|-weather|Sandstorm|[from] ability: Sand Stream|[of] p1a: Tyranitar
|turn|1
|
|t:|1743267449
|move|p2a: Skarmory|Stealth Rock|p1a: Tyranitar
|-sidestart|p1: baixiaohen|move: Stealth Rock
|move|p1a: Tyranitar|Fire Blast|p2a: Skarmory
|-supereffective|p2a: Skarmory
|-damage|p2a: Skarmory|18/100
|
|-weather|Sandstorm|[upkeep]
|upkeep
|turn|2
|-enditem|p2a: Skarmory|Custap Berry|[eat]
|-activate|p2a: Skarmory|item: Custap Berry|[consumed]
|
|t:|1743267459
|move|p2a: Skarmory|Spikes|p1a: Tyranitar
|-sidestart|p1: baixiaohen|Spikes
|move|p1a: Tyranitar|Fire Blast|p2a: Skarmory
|-supereffective|p2a: Skarmory
|-damage|p2a: Skarmory|0 fnt
|faint|p2a: Skarmory
|
|-weather|Sandstorm|[upkeep]
|upkeep
|
|t:|1743267481
|switch|p2a: Garchomp|Garchomp, M|100/100
|turn|3
|
|t:|1743267485
|move|p2a: Garchomp|Earthquake|p1a: Tyranitar
|-supereffective|p1a: Tyranitar
|-enditem|p1a: Tyranitar|Shuca Berry|[eat]
|-enditem|p1a: Tyranitar|Shuca Berry|[weaken]
|-damage|p1a: Tyranitar|63/100
|move|p1a: Tyranitar|Ice Beam|p2a: Garchomp
|-supereffective|p2a: Garchomp
|-damage|p2a: Garchomp|10/100
|
|-weather|Sandstorm|[upkeep]
|upkeep
|turn|4
|
|t:|1743267497
|switch|p1a: Ferrothorn|Ferrothorn, F|100/100
|-damage|p1a: Ferrothorn|94/100|[from] Stealth Rock
|-damage|p1a: Ferrothorn|82/100|[from] Spikes
|move|p2a: Garchomp|Earthquake|p1a: Ferrothorn
|-damage|p1a: Ferrothorn|52/100
|
|-weather|Sandstorm|[upkeep]
|-heal|p1a: Ferrothorn|58/100|[from] item: Leftovers
|upkeep
|turn|5
|
|t:|1743267506
|move|p2a: Garchomp|Earthquake|p1a: Ferrothorn
|-damage|p1a: Ferrothorn|30/100
|move|p1a: Ferrothorn|Gyro Ball|p2a: Garchomp
|-damage|p2a: Garchomp|0 fnt
|-damage|p1a: Ferrothorn|17/100|[from] ability: Rough Skin|[of] p2a: Garchomp
|faint|p2a: Garchomp
|
|-weather|Sandstorm|[upkeep]
|-heal|p1a: Ferrothorn|24/100|[from] item: Leftovers
|upkeep
|
|t:|1743267523
|switch|p2a: Jirachi|Jirachi|100/100
|turn|6
|
|t:|1743267530
|move|p2a: Jirachi|Fire Punch|p1a: Ferrothorn
|-supereffective|p1a: Ferrothorn
|-damage|p1a: Ferrothorn|0 fnt
|-damage|p2a: Jirachi|88/100|[from] ability: Iron Barbs|[of] p1a: Ferrothorn
|faint|p1a: Ferrothorn
|
|-weather|Sandstorm|[upkeep]
|upkeep
|
|t:|1743267535
|switch|p1a: Excadrill|Excadrill, M|100/100
|-damage|p1a: Excadrill|97/100|[from] Stealth Rock
|-damage|p1a: Excadrill|85/100|[from] Spikes
|-ability|p1a: Excadrill|Mold Breaker
|turn|7
|
|t:|1743267558
|switch|p2a: Jellicent|Jellicent, M|100/100
|move|p1a: Excadrill|Rapid Spin|p2a: Jellicent
|-immune|p2a: Jellicent
|
|-weather|Sandstorm|[upkeep]
|-damage|p2a: Jellicent|94/100|[from] Sandstorm
|-heal|p1a: Excadrill|91/100|[from] item: Leftovers
|upkeep
|turn|8
|
|t:|1743267567
|move|p1a: Excadrill|Earthquake|p2a: Jellicent
|-damage|p2a: Jellicent|51/100
|move|p2a: Jellicent|Will-O-Wisp|p1a: Excadrill
|-status|p1a: Excadrill|brn
|
|-weather|Sandstorm|[upkeep]
|-damage|p2a: Jellicent|45/100|[from] Sandstorm
|-heal|p1a: Excadrill|97/100 brn|[from] item: Leftovers
|-damage|p1a: Excadrill|85/100 brn|[from] brn
|upkeep
|-enditem|p2a: Jellicent|Sitrus Berry|[eat]
|-heal|p2a: Jellicent|70/100|[from] item: Sitrus Berry
|turn|9
|
|t:|1743267581
|switch|p2a: Scizor|Scizor, F|100/100
|move|p1a: Excadrill|Swords Dance|p1a: Excadrill
|-boost|p1a: Excadrill|atk|2
|
|-weather|Sandstorm|[upkeep]
|-heal|p1a: Excadrill|91/100 brn|[from] item: Leftovers
|-damage|p1a: Excadrill|78/100 brn|[from] brn
|upkeep
|turn|10
|
|t:|1743267588
|switch|p2a: Jellicent|Jellicent, M|70/100
|move|p1a: Excadrill|Rapid Spin|p2a: Jellicent
|-immune|p2a: Jellicent
|
|-weather|Sandstorm|[upkeep]
|-damage|p2a: Jellicent|64/100|[from] Sandstorm
|-heal|p1a: Excadrill|84/100 brn|[from] item: Leftovers
|-damage|p1a: Excadrill|72/100 brn|[from] brn
|upkeep
|turn|11
|
|t:|1743267598
|move|p1a: Excadrill|Earthquake|p2a: Jellicent
|-damage|p2a: Jellicent|19/100
|move|p2a: Jellicent|Shadow Ball|p1a: Excadrill
|-resisted|p1a: Excadrill
|-damage|p1a: Excadrill|56/100 brn
|
|-weather|Sandstorm|[upkeep]
|-damage|p2a: Jellicent|13/100|[from] Sandstorm
|-heal|p1a: Excadrill|63/100 brn|[from] item: Leftovers
|-damage|p1a: Excadrill|50/100 brn|[from] brn
|upkeep
|turn|12
|c|☆baixiaohen|你这畜生
|
|t:|1743267618
|move|p1a: Excadrill|Iron Head|p2a: Jellicent
|-resisted|p2a: Jellicent
|-damage|p2a: Jellicent|0 fnt
|faint|p2a: Jellicent
|
|-weather|Sandstorm|[upkeep]
|-heal|p1a: Excadrill|56/100 brn|[from] item: Leftovers
|-damage|p1a: Excadrill|44/100 brn|[from] brn
|upkeep
|
|t:|1743267630
|switch|p2a: Jirachi|Jirachi|88/100
|turn|13
|
|t:|1743267633
|move|p2a: Jirachi|Fire Punch|p1a: Excadrill
|-supereffective|p1a: Excadrill
|-damage|p1a: Excadrill|0 fnt
|faint|p1a: Excadrill
|
|-weather|Sandstorm|[upkeep]
|upkeep
|
|t:|1743267639
|switch|p1a: Tyranitar|Tyranitar, F|63/100
|-damage|p1a: Tyranitar|50/100|[from] Stealth Rock
|-damage|p1a: Tyranitar|38/100|[from] Spikes
|turn|14
|
|t:|1743267646
|move|p2a: Jirachi|Iron Head|p1a: Tyranitar
|-supereffective|p1a: Tyranitar
|-damage|p1a: Tyranitar|0 fnt
|faint|p1a: Tyranitar
|
|-weather|Sandstorm|[upkeep]
|upkeep
|
|t:|1743267653
|switch|p1a: Garchomp|Garchomp, M|100/100
|-damage|p1a: Garchomp|94/100|[from] Stealth Rock
|-damage|p1a: Garchomp|82/100|[from] Spikes
|turn|15
|
|t:|1743267658
|move|p1a: Garchomp|Draco Meteor|p2a: Jirachi
|-resisted|p2a: Jirachi
|-damage|p2a: Jirachi|53/100
|-unboost|p1a: Garchomp|spa|2
|-damage|p1a: Garchomp|72/100|[from] item: Life Orb
|move|p2a: Jirachi|Hidden Power|p1a: Garchomp
|-supereffective|p1a: Garchomp
|-damage|p1a: Garchomp|0 fnt
|faint|p1a: Garchomp
|
|-weather|Sandstorm|[upkeep]
|upkeep
|
|t:|1743267664
|switch|p1a: Jellicent|Jellicent, M|100/100
|-damage|p1a: Jellicent|88/100|[from] Stealth Rock
|-damage|p1a: Jellicent|76/100|[from] Spikes
|turn|16
|
|t:|1743267667
|move|p2a: Jirachi|Energy Ball|p1a: Jellicent
|-supereffective|p1a: Jellicent
|-damage|p1a: Jellicent|45/100
|-unboost|p1a: Jellicent|spd|1
|move|p1a: Jellicent|Will-O-Wisp|p2a: Jirachi|[miss]
|-miss|p1a: Jellicent|p2a: Jirachi
|
|-weather|Sandstorm|[upkeep]
|-damage|p1a: Jellicent|39/100|[from] Sandstorm
|-heal|p1a: Jellicent|45/100|[from] item: Leftovers
|upkeep
|turn|17
|
|t:|1743267673
|move|p2a: Jirachi|Energy Ball|p1a: Jellicent
|-supereffective|p1a: Jellicent
|-damage|p1a: Jellicent|0 fnt
|faint|p1a: Jellicent
|
|-weather|Sandstorm|[upkeep]
|upkeep
|
|t:|1743267675
|switch|p1a: Mamoswine|Mamoswine, F|100/100
|-damage|p1a: Mamoswine|88/100|[from] Stealth Rock
|-damage|p1a: Mamoswine|76/100|[from] Spikes
|turn|18
|
|t:|1743267679
|move|p1a: Mamoswine|Earthquake|p2a: Jirachi
|-supereffective|p2a: Jirachi
|-damage|p2a: Jirachi|0 fnt
|faint|p2a: Jirachi
|
|-weather|Sandstorm|[upkeep]
|upkeep
|
|t:|1743267683
|switch|p2a: Latios|Latios, M|100/100
|turn|19
|-message|baixiaohen forfeited.
|
|win|Blossummm
|raw|baixiaohen's rating: 1410 &rarr; <strong>1386</strong><br />(-24 for losing)
|raw|Blossummm's rating: 1345 &rarr; <strong>1369</strong><br />(+24 for winning)
|l|☆baixiaohen
|player|p1|
