|j|☆The Lost Art
|j|☆refsunpersons
|player|p1|The Lost Art|165
|player|p2|refsunpersons|15
|teamsize|p1|6
|teamsize|p2|6
|gametype|singles
|gen|5
|tier|[Gen 5] OU
|rated|
|rule|Sleep Clause Mod: Limit one foe put to sleep
|rule|Species Clause: Limit one of each Pokémon
|rule|OHKO Clause: OHKO moves are banned
|rule|Moody Clause: Moody is banned
|rule|Evasion Moves Clause: Evasion moves are banned
|rule|Endless Battle Clause: Forcing endless battles is banned
|rule|HP Percentage Mod: HP is shown in percentages
|rule|Evasion Abilities Clause: Evasion abilities are banned
|rule|Baton Pass Clause: Limit one Baton Passer, can't pass Spe and other stats simultaneously
|rule|Swagger Clause: Swagger is banned
|clearpoke
|poke|p1|Politoed, M|item
|poke|p1|Tentacruel, M|item
|poke|p1|Ferrothorn, M|item
|poke|p1|Celebi|item
|poke|p1|Landorus-Therian, M|item
|poke|p1|Terrakion|item
|poke|p2|Politoed, F|item
|poke|p2|Ferrothorn, M|item
|poke|p2|Xatu, F|item
|poke|p2|Diglett, F|item
|poke|p2|Latias, F|item
|poke|p2|Toxicroak, F|item
|teampreview
|c|☆refsunpersons|gl hf
|
|start
|switch|p1a: Terrakion|Terrakion|100/100
|switch|p2a: big zam|Ferrothorn, M|100/100
|turn|1
|j| Weekend Wars
|
|switch|p2a: zeong|Toxicroak, F|100/100
|move|p1a: Terrakion|Close Combat|p2a: zeong
|-resisted|p2a: zeong
|-damage|p2a: zeong|27/100
|-unboost|p1a: Terrakion|def|1
|-unboost|p1a: Terrakion|spd|1
|
|upkeep
|turn|2
|c| Weekend Wars|go waldir
|
|switch|p1a: Landorus|Landorus-Therian, M|100/100
|-ability|p1a: Landorus|Intimidate|boost
|-unboost|p2a: zeong|atk|1
|switch|p2a: zaku|Xatu, F|100/100
|
|upkeep
|turn|3
|c|☆refsunpersons|what he said
|
|move|p1a: Landorus|U-turn|p2a: zaku
|-damage|p2a: zaku|74/100
|-damage|p1a: Landorus|84/100|[from] item: Rocky Helmet|[of] p2a: zaku
|
|switch|p1a: Ferrothorn|Ferrothorn, M|100/100
|move|p2a: zaku|Toxic|p1a: Ferrothorn|[miss]
|-miss|p2a: zaku|p1a: Ferrothorn
|
|upkeep
|turn|4
|
|move|p2a: zaku|Night Shade|p1a: Ferrothorn
|-damage|p1a: Ferrothorn|72/100
|move|p1a: Ferrothorn|Gyro Ball|p2a: zaku
|-damage|p2a: zaku|30/100
|-damage|p1a: Ferrothorn|56/100|[from] item: Rocky Helmet|[of] p2a: zaku
|
|-heal|p1a: Ferrothorn|62/100|[from] item: Leftovers
|upkeep
|turn|5
|
|move|p2a: zaku|Roost|p2a: zaku
|-heal|p2a: zaku|81/100
|move|p1a: Ferrothorn|Gyro Ball|p2a: zaku
|-damage|p2a: zaku|33/100
|-damage|p1a: Ferrothorn|45/100|[from] item: Rocky Helmet|[of] p2a: zaku
|
|-heal|p1a: Ferrothorn|52/100|[from] item: Leftovers
|upkeep
|turn|6
|
|move|p1a: Ferrothorn|Protect|p1a: Ferrothorn
|-singleturn|p1a: Ferrothorn|Protect
|move|p2a: zaku|Roost|p2a: zaku
|-heal|p2a: zaku|83/100
|
|-heal|p1a: Ferrothorn|58/100|[from] item: Leftovers
|upkeep
|turn|7
|
|switch|p1a: Politoed|Politoed, M|100/100
|-weather|RainDance|[from] ability: Drizzle|[of] p1a: Politoed
|move|p2a: zaku|U-turn|p1a: Politoed
|-damage|p1a: Politoed|91/100
|
|switch|p2a: big zam|Ferrothorn, M|100/100
|
|-weather|RainDance|[upkeep]
|-heal|p1a: Politoed|98/100|[from] item: Leftovers
|upkeep
|turn|8
|
|switch|p1a: Celebi|Celebi|100/100
|move|p2a: big zam|Spikes|p1a: Celebi
|-sidestart|p1: The Lost Art|Spikes
|
|-weather|RainDance|[upkeep]
|upkeep
|turn|9
|
|switch|p2a: zaku|Xatu, F|83/100
|move|p1a: Celebi|Hidden Power|p2a: zaku
|-supereffective|p2a: zaku
|-damage|p2a: zaku|35/100
|
|-weather|RainDance|[upkeep]
|upkeep
|turn|10
|c| Weekend Wars|poxa waldir
|
|switch|p1a: Tentacruel|Tentacruel, M|100/100
|-damage|p1a: Tentacruel|88/100|[from] Spikes
|switch|p2a: hygogg|Politoed, F|100/100
|
|-weather|RainDance|[upkeep]
|-heal|p1a: Tentacruel|94/100|[from] ability: Rain Dish
|-heal|p1a: Tentacruel|99/100|[from] item: Black Sludge
|upkeep
|turn|11
|c| Weekend Wars|ops, doke
|
|move|p2a: hygogg|Psychic|p1a: Tentacruel
|-supereffective|p1a: Tentacruel
|-damage|p1a: Tentacruel|63/100
|move|p1a: Tentacruel|Rapid Spin|p2a: hygogg
|-damage|p2a: hygogg|97/100
|-sideend|p1: The Lost Art|Spikes|[from] move: Rapid Spin|[of] p1a: Tentacruel
|
|-weather|RainDance|[upkeep]
|-heal|p1a: Tentacruel|69/100|[from] ability: Rain Dish
|-heal|p1a: Tentacruel|75/100|[from] item: Black Sludge
|upkeep
|turn|12
|
|switch|p2a: zeong|Toxicroak, F|27/100
|move|p1a: Tentacruel|Protect|p1a: Tentacruel
|-fail|p1a: Tentacruel
|
|-weather|RainDance|[upkeep]
|-heal|p2a: zeong|39/100|[from] ability: Dry Skin
|-heal|p1a: Tentacruel|81/100|[from] ability: Rain Dish
|-heal|p1a: Tentacruel|87/100|[from] item: Black Sludge
|upkeep
|turn|13
|
|switch|p1a: Landorus|Landorus-Therian, M|84/100
|-ability|p1a: Landorus|Intimidate|boost
|-unboost|p2a: zeong|atk|1
|move|p2a: zeong|Ice Punch|p1a: Landorus
|-supereffective|p1a: Landorus
|-damage|p1a: Landorus|0 fnt
|-damage|p2a: zeong|29/100|[from] item: Life Orb
|faint|p1a: Landorus
|
|-weather|RainDance|[upkeep]
|-heal|p2a: zeong|42/100|[from] ability: Dry Skin
|upkeep
|
|switch|p1a: Terrakion|Terrakion|100/100
|turn|14
|
|switch|p2a: zaku|Xatu, F|35/100
|move|p1a: Terrakion|Stone Edge|p2a: zaku|[miss]
|-miss|p1a: Terrakion|p2a: zaku
|
|-weather|RainDance|[upkeep]
|upkeep
|turn|15
|
|move|p1a: Terrakion|Stone Edge|p2a: zaku
|-supereffective|p2a: zaku
|-damage|p2a: zaku|0 fnt
|faint|p2a: zaku
|
|-weather|RainDance|[upkeep]
|upkeep
|
|switch|p2a: acguy|Diglett, F|100/100
|turn|16
|c|☆refsunpersons|man tkion gotta go
|
|move|p1a: Terrakion|Stone Edge|p2a: acguy|[miss]
|-miss|p1a: Terrakion|p2a: acguy
|move|p2a: acguy|Reversal|p1a: Terrakion
|-supereffective|p1a: Terrakion
|-damage|p1a: Terrakion|91/100
|
|-weather|RainDance|[upkeep]
|upkeep
|turn|17
|c| Weekend Wars|no
|
|move|p1a: Terrakion|Stone Edge|p2a: acguy
|-resisted|p2a: acguy
|-enditem|p2a: acguy|Focus Sash
|-damage|p2a: acguy|1/100
|move|p2a: acguy|Reversal|p1a: Terrakion
|-supereffective|p1a: Terrakion
|-damage|p1a: Terrakion|0 fnt
|faint|p1a: Terrakion
|
|-weather|RainDance|[upkeep]
|upkeep
|c| Weekend Wars|:(
|
|switch|p1a: Celebi|Celebi|100/100
|turn|18
|c|☆refsunpersons|he's gonna kill my whole team with that beast
|
|switch|p2a: hygogg|Politoed, F|97/100
|move|p1a: Celebi|Stealth Rock|p2a: hygogg
|-sidestart|p2: refsunpersons|move: Stealth Rock
|
|-weather|RainDance|[upkeep]
|upkeep
|turn|19
|
|move|p2a: hygogg|Encore|p1a: Celebi
|-start|p1a: Celebi|Encore
|move|p1a: Celebi|Stealth Rock|p2a: hygogg
|-fail|p1a: Celebi
|
|-weather|RainDance|[upkeep]
|upkeep
|turn|20
|
|switch|p2a: zeong|Toxicroak, F|42/100
|-damage|p2a: zeong|36/100|[from] Stealth Rock
|switch|p1a: Ferrothorn|Ferrothorn, M|58/100
|
|-weather|RainDance|[upkeep]
|-heal|p2a: zeong|48/100|[from] ability: Dry Skin
|-heal|p1a: Ferrothorn|64/100|[from] item: Leftovers
|upkeep
|turn|21
|
|move|p2a: zeong|Drain Punch|p1a: Ferrothorn
|-supereffective|p1a: Ferrothorn
|-damage|p1a: Ferrothorn|2/100
|-heal|p2a: zeong|83/100|[from] drain|[of] p1a: Ferrothorn
|-damage|p2a: zeong|70/100|[from] ability: Iron Barbs|[of] p1a: Ferrothorn
|-damage|p2a: zeong|61/100|[from] item: Life Orb
|move|p1a: Ferrothorn|Gyro Ball|p2a: zeong
|-damage|p2a: zeong|0 fnt
|faint|p2a: zeong
|
|-weather|RainDance|[upkeep]
|-heal|p1a: Ferrothorn|8/100|[from] item: Leftovers
|upkeep
|
|switch|p2a: hygogg|Politoed, F|97/100
|-damage|p2a: hygogg|85/100|[from] Stealth Rock
|turn|22
|
|move|p1a: Ferrothorn|Protect|p1a: Ferrothorn
|-singleturn|p1a: Ferrothorn|Protect
|move|p2a: hygogg|Ice Beam|p1a: Ferrothorn
|-activate|p1a: Ferrothorn|move: Protect
|
|-weather|RainDance|[upkeep]
|-heal|p1a: Ferrothorn|15/100|[from] item: Leftovers
|upkeep
|turn|23
|
|switch|p1a: Tentacruel|Tentacruel, M|87/100
|move|p2a: hygogg|Ice Beam|p1a: Tentacruel
|-resisted|p1a: Tentacruel
|-damage|p1a: Tentacruel|77/100
|-status|p1a: Tentacruel|frz
|
|-weather|RainDance|[upkeep]
|-heal|p1a: Tentacruel|83/100 frz|[from] ability: Rain Dish
|-heal|p1a: Tentacruel|90/100 frz|[from] item: Black Sludge
|upkeep
|turn|24
|c|☆refsunpersons|sorry
|c| Weekend Wars|np
|
|switch|p2a: acguy|Diglett, F|1/100
|-damage|p2a: acguy|0 fnt|[from] Stealth Rock
|faint|p2a: acguy
|switch|p1a: Politoed|Politoed, M|98/100
|
|-weather|RainDance|[upkeep]
|-heal|p1a: Politoed|100/100|[from] item: Leftovers
|upkeep
|
|switch|p2a: big zam|Ferrothorn, M|100/100
|-damage|p2a: big zam|94/100|[from] Stealth Rock
|turn|25
|
|move|p1a: Politoed|Scald|p2a: big zam
|-resisted|p2a: big zam
|-damage|p2a: big zam|80/100
|-status|p2a: big zam|brn
|move|p2a: big zam|Spikes|p1a: Politoed
|-sidestart|p1: The Lost Art|Spikes
|
|-weather|RainDance|[upkeep]
|-heal|p2a: big zam|86/100 brn|[from] item: Leftovers
|-damage|p2a: big zam|74/100 brn|[from] brn
|upkeep
|turn|26
|
|switch|p1a: Ferrothorn|Ferrothorn, M|15/100
|-damage|p1a: Ferrothorn|2/100|[from] Spikes
|move|p2a: big zam|Spikes|p1a: Ferrothorn
|-sidestart|p1: The Lost Art|Spikes
|
|-weather|RainDance|[upkeep]
|-heal|p2a: big zam|80/100 brn|[from] item: Leftovers
|-heal|p1a: Ferrothorn|8/100|[from] item: Leftovers
|-damage|p2a: big zam|67/100 brn|[from] brn
|upkeep
|turn|27
|
|switch|p2a: hygogg|Politoed, F|85/100
|-damage|p2a: hygogg|72/100|[from] Stealth Rock
|move|p1a: Ferrothorn|Leech Seed|p2a: hygogg
|-start|p2a: hygogg|move: Leech Seed
|
|-weather|RainDance|[upkeep]
|-heal|p1a: Ferrothorn|15/100|[from] item: Leftovers
|-damage|p2a: hygogg|60/100|[from] Leech Seed|[of] p1a: Ferrothorn
|-heal|p1a: Ferrothorn|26/100|[silent]
|upkeep
|turn|28
|
|switch|p2a: big zam|Ferrothorn, M|67/100 brn
|-damage|p2a: big zam|61/100 brn|[from] Stealth Rock
|move|p1a: Ferrothorn|Protect|p1a: Ferrothorn
|-fail|p1a: Ferrothorn
|
|-weather|RainDance|[upkeep]
|-heal|p2a: big zam|67/100 brn|[from] item: Leftovers
|-heal|p1a: Ferrothorn|32/100|[from] item: Leftovers
|-damage|p2a: big zam|55/100 brn|[from] brn
|upkeep
|turn|29
|
|move|p1a: Ferrothorn|Spikes|p2a: big zam
|-sidestart|p2: refsunpersons|Spikes
|move|p2a: big zam|Spikes|p1a: Ferrothorn
|-sidestart|p1: The Lost Art|Spikes
|
|-weather|RainDance|[upkeep]
|-heal|p2a: big zam|61/100 brn|[from] item: Leftovers
|-heal|p1a: Ferrothorn|39/100|[from] item: Leftovers
|-damage|p2a: big zam|49/100 brn|[from] brn
|upkeep
|turn|30
|
|move|p2a: big zam|Gyro Ball|p1a: Ferrothorn
|-resisted|p1a: Ferrothorn
|-damage|p1a: Ferrothorn|37/100
|-damage|p2a: big zam|36/100 brn|[from] ability: Iron Barbs|[of] p1a: Ferrothorn
|move|p1a: Ferrothorn|Spikes|p2a: big zam
|-sidestart|p2: refsunpersons|Spikes
|
|-weather|RainDance|[upkeep]
|-heal|p2a: big zam|42/100 brn|[from] item: Leftovers
|-heal|p1a: Ferrothorn|43/100|[from] item: Leftovers
|-damage|p2a: big zam|30/100 brn|[from] brn
|upkeep
|turn|31
|c|☆refsunpersons|lol
|
|move|p1a: Ferrothorn|Protect|p1a: Ferrothorn
|-singleturn|p1a: Ferrothorn|Protect
|move|p2a: big zam|Power Whip|p1a: Ferrothorn
|-activate|p1a: Ferrothorn|move: Protect
|
|-weather|RainDance|[upkeep]
|-heal|p1a: Ferrothorn|50/100|[from] item: Leftovers
|-heal|p2a: big zam|36/100 brn|[from] item: Leftovers
|-damage|p2a: big zam|24/100 brn|[from] brn
|upkeep
|turn|32
|
|move|p2a: big zam|Power Whip|p1a: Ferrothorn
|-resisted|p1a: Ferrothorn
|-damage|p1a: Ferrothorn|47/100
|-damage|p2a: big zam|11/100 brn|[from] ability: Iron Barbs|[of] p1a: Ferrothorn
|move|p1a: Ferrothorn|Spikes|p2a: big zam
|-sidestart|p2: refsunpersons|Spikes
|
|-weather|RainDance|[upkeep]
|-heal|p1a: Ferrothorn|53/100|[from] item: Leftovers
|-heal|p2a: big zam|17/100 brn|[from] item: Leftovers
|-damage|p2a: big zam|5/100 brn|[from] brn
|upkeep
|turn|33
|
|move|p1a: Ferrothorn|Protect|p1a: Ferrothorn
|-singleturn|p1a: Ferrothorn|Protect
|move|p2a: big zam|Power Whip|p1a: Ferrothorn
|-activate|p1a: Ferrothorn|move: Protect
|
|-weather|RainDance|[upkeep]
|-heal|p1a: Ferrothorn|59/100|[from] item: Leftovers
|-heal|p2a: big zam|11/100 brn|[from] item: Leftovers
|-damage|p2a: big zam|0 fnt|[from] brn
|upkeep
|faint|p2a: big zam
|
|switch|p2a: hygogg|Politoed, F|60/100
|-damage|p2a: hygogg|35/100|[from] Spikes
|-damage|p2a: hygogg|23/100|[from] Stealth Rock
|turn|34
|
|move|p2a: hygogg|Encore|p1a: Ferrothorn
|-start|p1a: Ferrothorn|Encore
|move|p1a: Ferrothorn|Protect|p1a: Ferrothorn
|-fail|p1a: Ferrothorn
|
|-weather|RainDance|[upkeep]
|-heal|p1a: Ferrothorn|65/100|[from] item: Leftovers
|upkeep
|turn|35
|
|switch|p2a: rx-78-2|Latias, F|100/100
|-damage|p2a: rx-78-2|88/100|[from] Stealth Rock
|switch|p1a: Politoed|Politoed, M|100/100
|-damage|p1a: Politoed|75/100|[from] Spikes
|
|-weather|RainDance|[upkeep]
|-heal|p2a: rx-78-2|94/100|[from] item: Leftovers
|-heal|p1a: Politoed|82/100|[from] item: Leftovers
|upkeep
|turn|36
|
|move|p2a: rx-78-2|Substitute|p2a: rx-78-2
|-start|p2a: rx-78-2|Substitute
|-damage|p2a: rx-78-2|69/100
|move|p1a: Politoed|Ice Beam|p2a: rx-78-2
|-supereffective|p2a: rx-78-2
|-end|p2a: rx-78-2|Substitute
|
|-weather|RainDance|[upkeep]
|-heal|p2a: rx-78-2|75/100|[from] item: Leftovers
|-heal|p1a: Politoed|88/100|[from] item: Leftovers
|upkeep
|turn|37
|
|move|p2a: rx-78-2|Substitute|p2a: rx-78-2
|-start|p2a: rx-78-2|Substitute
|-damage|p2a: rx-78-2|50/100
|move|p1a: Politoed|Toxic|p2a: rx-78-2
|-fail|p2a: rx-78-2
|
|-weather|RainDance|[upkeep]
|-heal|p2a: rx-78-2|56/100|[from] item: Leftovers
|-heal|p1a: Politoed|94/100|[from] item: Leftovers
|upkeep
|turn|38
|
|switch|p1a: Ferrothorn|Ferrothorn, M|65/100
|-damage|p1a: Ferrothorn|40/100|[from] Spikes
|move|p2a: rx-78-2|Calm Mind|p2a: rx-78-2
|-boost|p2a: rx-78-2|spa|1
|-boost|p2a: rx-78-2|spd|1
|
|-weather|RainDance|[upkeep]
|-heal|p2a: rx-78-2|62/100|[from] item: Leftovers
|-heal|p1a: Ferrothorn|47/100|[from] item: Leftovers
|upkeep
|turn|39
|
|move|p2a: rx-78-2|Calm Mind|p2a: rx-78-2
|-boost|p2a: rx-78-2|spa|1
|-boost|p2a: rx-78-2|spd|1
|move|p1a: Ferrothorn|Gyro Ball|p2a: rx-78-2
|-end|p2a: rx-78-2|Substitute
|
|-weather|RainDance|[upkeep]
|-heal|p2a: rx-78-2|68/100|[from] item: Leftovers
|-heal|p1a: Ferrothorn|53/100|[from] item: Leftovers
|upkeep
|turn|40
|c| Weekend Wars|so early the toxic
|
|move|p2a: rx-78-2|Roost|p2a: rx-78-2
|-heal|p2a: rx-78-2|100/100
|move|p1a: Ferrothorn|Leech Seed|p2a: rx-78-2
|-start|p2a: rx-78-2|move: Leech Seed
|
|-weather|RainDance|[upkeep]
|-heal|p1a: Ferrothorn|59/100|[from] item: Leftovers
|-damage|p2a: rx-78-2|88/100|[from] Leech Seed|[of] p1a: Ferrothorn
|-heal|p1a: Ferrothorn|72/100|[silent]
|upkeep
|turn|41
|
|move|p2a: rx-78-2|Substitute|p2a: rx-78-2
|-start|p2a: rx-78-2|Substitute
|-damage|p2a: rx-78-2|63/100
|move|p1a: Ferrothorn|Gyro Ball|p2a: rx-78-2
|-crit|p2a: rx-78-2
|-end|p2a: rx-78-2|Substitute
|
|-weather|RainDance|[upkeep]
|-heal|p2a: rx-78-2|69/100|[from] item: Leftovers
|-heal|p1a: Ferrothorn|78/100|[from] item: Leftovers
|-damage|p2a: rx-78-2|57/100|[from] Leech Seed|[of] p1a: Ferrothorn
|-heal|p1a: Ferrothorn|91/100|[silent]
|upkeep
|turn|42
|c|☆refsunpersons|he's an aggressive player
|
|switch|p1a: Politoed|Politoed, M|94/100
|-damage|p1a: Politoed|69/100|[from] Spikes
|move|p2a: rx-78-2|Roost|p2a: rx-78-2
|-heal|p2a: rx-78-2|100/100
|
|-weather|RainDance|[upkeep]
|-heal|p1a: Politoed|75/100|[from] item: Leftovers
|-damage|p2a: rx-78-2|88/100|[from] Leech Seed|[of] p1a: Politoed
|-heal|p1a: Politoed|87/100|[silent]
|upkeep
|turn|43
|
|move|p2a: rx-78-2|Substitute|p2a: rx-78-2
|-start|p2a: rx-78-2|Substitute
|-damage|p2a: rx-78-2|63/100
|move|p1a: Politoed|Ice Beam|p2a: rx-78-2
|-supereffective|p2a: rx-78-2
|-activate|p2a: rx-78-2|Substitute|[damage]
|
|-weather|RainDance|[upkeep]
|-heal|p2a: rx-78-2|69/100|[from] item: Leftovers
|-heal|p1a: Politoed|93/100|[from] item: Leftovers
|-damage|p2a: rx-78-2|57/100|[from] Leech Seed|[of] p1a: Politoed
|-heal|p1a: Politoed|100/100|[silent]
|upkeep
|turn|44
|
|move|p2a: rx-78-2|Dragon Pulse|p1a: Politoed
|-damage|p1a: Politoed|40/100
|move|p1a: Politoed|Ice Beam|p2a: rx-78-2
|-supereffective|p2a: rx-78-2
|-end|p2a: rx-78-2|Substitute
|
|-weather|RainDance|[upkeep]
|-heal|p2a: rx-78-2|63/100|[from] item: Leftovers
|-heal|p1a: Politoed|46/100|[from] item: Leftovers
|-damage|p2a: rx-78-2|50/100|[from] Leech Seed|[of] p1a: Politoed
|-heal|p1a: Politoed|58/100|[silent]
|upkeep
|turn|45
|
|move|p1a: Politoed|Protect|p1a: Politoed
|-singleturn|p1a: Politoed|Protect
|move|p2a: rx-78-2|Dragon Pulse|p1a: Politoed
|-activate|p1a: Politoed|move: Protect
|
|-weather|RainDance|[upkeep]
|-heal|p2a: rx-78-2|57/100|[from] item: Leftovers
|-heal|p1a: Politoed|64/100|[from] item: Leftovers
|-damage|p2a: rx-78-2|44/100|[from] Leech Seed|[of] p1a: Politoed
|-heal|p1a: Politoed|75/100|[silent]
|upkeep
|turn|46
|
|move|p2a: rx-78-2|Substitute|p2a: rx-78-2
|-start|p2a: rx-78-2|Substitute
|-damage|p2a: rx-78-2|19/100
|move|p1a: Politoed|Ice Beam|p2a: rx-78-2
|-supereffective|p2a: rx-78-2
|-activate|p2a: rx-78-2|Substitute|[damage]
|
|-weather|RainDance|[upkeep]
|-heal|p2a: rx-78-2|25/100|[from] item: Leftovers
|-heal|p1a: Politoed|82/100|[from] item: Leftovers
|-damage|p2a: rx-78-2|13/100|[from] Leech Seed|[of] p1a: Politoed
|-heal|p1a: Politoed|93/100|[silent]
|upkeep
|turn|47
|
|move|p2a: rx-78-2|Roost|p2a: rx-78-2
|-heal|p2a: rx-78-2|63/100
|move|p1a: Politoed|Ice Beam|p2a: rx-78-2
|-supereffective|p2a: rx-78-2
|-end|p2a: rx-78-2|Substitute
|
|-weather|RainDance|[upkeep]
|-heal|p2a: rx-78-2|69/100|[from] item: Leftovers
|-heal|p1a: Politoed|99/100|[from] item: Leftovers
|-damage|p2a: rx-78-2|57/100|[from] Leech Seed|[of] p1a: Politoed
|-heal|p1a: Politoed|100/100|[silent]
|upkeep
|turn|48
|
|move|p2a: rx-78-2|Substitute|p2a: rx-78-2
|-start|p2a: rx-78-2|Substitute
|-damage|p2a: rx-78-2|32/100
|move|p1a: Politoed|Ice Beam|p2a: rx-78-2
|-supereffective|p2a: rx-78-2
|-activate|p2a: rx-78-2|Substitute|[damage]
|
|-weather|RainDance|[upkeep]
|-heal|p2a: rx-78-2|38/100|[from] item: Leftovers
|-damage|p2a: rx-78-2|25/100|[from] Leech Seed|[of] p1a: Politoed
|upkeep
|turn|49
|
|move|p2a: rx-78-2|Roost|p2a: rx-78-2
|-heal|p2a: rx-78-2|75/100
|move|p1a: Politoed|Ice Beam|p2a: rx-78-2
|-supereffective|p2a: rx-78-2
|-end|p2a: rx-78-2|Substitute
|
|-weather|RainDance|[upkeep]
|-heal|p2a: rx-78-2|81/100|[from] item: Leftovers
|-damage|p2a: rx-78-2|69/100|[from] Leech Seed|[of] p1a: Politoed
|upkeep
|turn|50
|
|move|p2a: rx-78-2|Substitute|p2a: rx-78-2
|-start|p2a: rx-78-2|Substitute
|-damage|p2a: rx-78-2|44/100
|move|p1a: Politoed|Ice Beam|p2a: rx-78-2
|-supereffective|p2a: rx-78-2
|-activate|p2a: rx-78-2|Substitute|[damage]
|
|-weather|RainDance|[upkeep]
|-heal|p2a: rx-78-2|50/100|[from] item: Leftovers
|-damage|p2a: rx-78-2|38/100|[from] Leech Seed|[of] p1a: Politoed
|upkeep
|turn|51
|
|move|p2a: rx-78-2|Roost|p2a: rx-78-2
|-heal|p2a: rx-78-2|88/100
|move|p1a: Politoed|Ice Beam|p2a: rx-78-2
|-supereffective|p2a: rx-78-2
|-end|p2a: rx-78-2|Substitute
|
|-weather|RainDance|[upkeep]
|-heal|p2a: rx-78-2|94/100|[from] item: Leftovers
|-damage|p2a: rx-78-2|81/100|[from] Leech Seed|[of] p1a: Politoed
|upkeep
|turn|52
|
|move|p2a: rx-78-2|Substitute|p2a: rx-78-2
|-start|p2a: rx-78-2|Substitute
|-damage|p2a: rx-78-2|56/100
|move|p1a: Politoed|Scald|p2a: rx-78-2
|-resisted|p2a: rx-78-2
|-activate|p2a: rx-78-2|Substitute|[damage]
|
|-weather|RainDance|[upkeep]
|-heal|p2a: rx-78-2|62/100|[from] item: Leftovers
|-damage|p2a: rx-78-2|50/100|[from] Leech Seed|[of] p1a: Politoed
|upkeep
|turn|53
|
|move|p2a: rx-78-2|Calm Mind|p2a: rx-78-2
|-boost|p2a: rx-78-2|spa|1
|-boost|p2a: rx-78-2|spd|1
|move|p1a: Politoed|Ice Beam|p2a: rx-78-2
|-supereffective|p2a: rx-78-2
|-activate|p2a: rx-78-2|Substitute|[damage]
|
|-weather|RainDance|[upkeep]
|-heal|p2a: rx-78-2|56/100|[from] item: Leftovers
|-damage|p2a: rx-78-2|44/100|[from] Leech Seed|[of] p1a: Politoed
|upkeep
|turn|54
|
|move|p2a: rx-78-2|Roost|p2a: rx-78-2
|-heal|p2a: rx-78-2|94/100
|move|p1a: Politoed|Scald|p2a: rx-78-2
|-resisted|p2a: rx-78-2
|-end|p2a: rx-78-2|Substitute
|
|-weather|RainDance|[upkeep]
|-heal|p2a: rx-78-2|99/100|[from] item: Leftovers
|-damage|p2a: rx-78-2|87/100|[from] Leech Seed|[of] p1a: Politoed
|upkeep
|turn|55
|
|switch|p1a: Celebi|Celebi|100/100
|-damage|p1a: Celebi|75/100|[from] Spikes
|move|p2a: rx-78-2|Substitute|p2a: rx-78-2
|-start|p2a: rx-78-2|Substitute
|-damage|p2a: rx-78-2|62/100
|
|-weather|RainDance|[upkeep]
|-heal|p2a: rx-78-2|68/100|[from] item: Leftovers
|-heal|p1a: Celebi|82/100|[from] item: Leftovers
|-damage|p2a: rx-78-2|56/100|[from] Leech Seed|[of] p1a: Celebi
|-heal|p1a: Celebi|93/100|[silent]
|upkeep
|turn|56
|
|move|p2a: rx-78-2|Calm Mind|p2a: rx-78-2
|-boost|p2a: rx-78-2|spa|1
|-boost|p2a: rx-78-2|spd|1
|move|p1a: Celebi|Hidden Power|p2a: rx-78-2
|-supereffective|p2a: rx-78-2
|-activate|p2a: rx-78-2|Substitute|[damage]
|
|-weather|RainDance|[upkeep]
|-heal|p2a: rx-78-2|62/100|[from] item: Leftovers
|-heal|p1a: Celebi|99/100|[from] item: Leftovers
|-damage|p2a: rx-78-2|50/100|[from] Leech Seed|[of] p1a: Celebi
|-heal|p1a: Celebi|100/100|[silent]
|upkeep
|turn|57
|
|move|p2a: rx-78-2|Roost|p2a: rx-78-2
|-heal|p2a: rx-78-2|99/100
|move|p1a: Celebi|Hidden Power|p2a: rx-78-2
|-supereffective|p2a: rx-78-2
|-activate|p2a: rx-78-2|Substitute|[damage]
|
|-weather|RainDance|[upkeep]
|-heal|p2a: rx-78-2|100/100|[from] item: Leftovers
|-damage|p2a: rx-78-2|88/100|[from] Leech Seed|[of] p1a: Celebi
|upkeep
|turn|58
|
|move|p2a: rx-78-2|Dragon Pulse|p1a: Celebi
|-damage|p1a: Celebi|34/100
|move|p1a: Celebi|Psychic|p2a: rx-78-2
|-resisted|p2a: rx-78-2
|-crit|p2a: rx-78-2
|-end|p2a: rx-78-2|Substitute
|
|-weather|RainDance|[upkeep]
|-heal|p2a: rx-78-2|94/100|[from] item: Leftovers
|-heal|p1a: Celebi|40/100|[from] item: Leftovers
|-damage|p2a: rx-78-2|82/100|[from] Leech Seed|[of] p1a: Celebi
|-heal|p1a: Celebi|51/100|[silent]
|upkeep
|turn|59
|
|switch|p1a: Ferrothorn|Ferrothorn, M|91/100
|-damage|p1a: Ferrothorn|66/100|[from] Spikes
|move|p2a: rx-78-2|Substitute|p2a: rx-78-2
|-start|p2a: rx-78-2|Substitute
|-damage|p2a: rx-78-2|57/100
|
|-weather|RainDance|[upkeep]
|-heal|p2a: rx-78-2|63/100|[from] item: Leftovers
|-heal|p1a: Ferrothorn|72/100|[from] item: Leftovers
|-damage|p2a: rx-78-2|50/100|[from] Leech Seed|[of] p1a: Ferrothorn
|-heal|p1a: Ferrothorn|85/100|[silent]
|upkeep
|turn|60
|j| ImSoFuckingAwesome
|
|move|p1a: Ferrothorn|Protect|p1a: Ferrothorn
|-singleturn|p1a: Ferrothorn|Protect
|move|p2a: rx-78-2|Roost|p2a: rx-78-2
|-heal|p2a: rx-78-2|100/100
|
|-weather|RainDance|[upkeep]
|-heal|p1a: Ferrothorn|91/100|[from] item: Leftovers
|-damage|p2a: rx-78-2|88/100|[from] Leech Seed|[of] p1a: Ferrothorn
|-heal|p1a: Ferrothorn|100/100|[silent]
|upkeep
|turn|61
|l| ImSoFuckingAwesome
|
|move|p2a: rx-78-2|Calm Mind|p2a: rx-78-2
|-boost|p2a: rx-78-2|spa|1
|-boost|p2a: rx-78-2|spd|1
|move|p1a: Ferrothorn|Gyro Ball|p2a: rx-78-2
|-end|p2a: rx-78-2|Substitute
|
|-weather|RainDance|[upkeep]
|-heal|p2a: rx-78-2|94/100|[from] item: Leftovers
|-damage|p2a: rx-78-2|82/100|[from] Leech Seed|[of] p1a: Ferrothorn
|upkeep
|turn|62
|inactive|Battle timer is ON: inactive players will automatically lose when time's up. (requested by The Lost Art)
|
|move|p2a: rx-78-2|Substitute|p2a: rx-78-2
|-start|p2a: rx-78-2|Substitute
|-damage|p2a: rx-78-2|57/100
|move|p1a: Ferrothorn|Spikes|p2a: rx-78-2
|-fail|p1a: Ferrothorn
|
|-weather|RainDance|[upkeep]
|-heal|p2a: rx-78-2|63/100|[from] item: Leftovers
|-damage|p2a: rx-78-2|50/100|[from] Leech Seed|[of] p1a: Ferrothorn
|upkeep
|turn|63
|
|move|p2a: rx-78-2|Roost|p2a: rx-78-2
|-heal|p2a: rx-78-2|100/100
|move|p1a: Ferrothorn|Spikes|p2a: rx-78-2
|-fail|p1a: Ferrothorn
|
|-weather|RainDance|[upkeep]
|-damage|p2a: rx-78-2|88/100|[from] Leech Seed|[of] p1a: Ferrothorn
|upkeep
|turn|64
|
|move|p2a: rx-78-2|Calm Mind|p2a: rx-78-2
|-boost|p2a: rx-78-2|spa|1
|-boost|p2a: rx-78-2|spd|1
|move|p1a: Ferrothorn|Spikes|p2a: rx-78-2
|-fail|p1a: Ferrothorn
|
|-weather|RainDance|[upkeep]
|-heal|p2a: rx-78-2|94/100|[from] item: Leftovers
|-damage|p2a: rx-78-2|82/100|[from] Leech Seed|[of] p1a: Ferrothorn
|upkeep
|turn|65
|
|move|p1a: Ferrothorn|Protect|p1a: Ferrothorn
|-singleturn|p1a: Ferrothorn|Protect
|move|p2a: rx-78-2|Dragon Pulse|p1a: Ferrothorn
|-activate|p1a: Ferrothorn|move: Protect
|
|-weather|RainDance|[upkeep]
|-heal|p2a: rx-78-2|88/100|[from] item: Leftovers
|-damage|p2a: rx-78-2|75/100|[from] Leech Seed|[of] p1a: Ferrothorn
|upkeep
|turn|66
|
|move|p2a: rx-78-2|Dragon Pulse|p1a: Ferrothorn
|-resisted|p1a: Ferrothorn
|-damage|p1a: Ferrothorn|54/100
|move|p1a: Ferrothorn|Spikes|p2a: rx-78-2
|-fail|p1a: Ferrothorn
|
|-weather|RainDance|[upkeep]
|-heal|p2a: rx-78-2|82/100|[from] item: Leftovers
|-heal|p1a: Ferrothorn|60/100|[from] item: Leftovers
|-damage|p2a: rx-78-2|69/100|[from] Leech Seed|[of] p1a: Ferrothorn
|-heal|p1a: Ferrothorn|73/100|[silent]
|upkeep
|turn|67
|
|move|p1a: Ferrothorn|Protect|p1a: Ferrothorn
|-singleturn|p1a: Ferrothorn|Protect
|move|p2a: rx-78-2|Roost|p2a: rx-78-2
|-heal|p2a: rx-78-2|100/100
|
|-weather|RainDance|[upkeep]
|-heal|p1a: Ferrothorn|79/100|[from] item: Leftovers
|-damage|p2a: rx-78-2|88/100|[from] Leech Seed|[of] p1a: Ferrothorn
|-heal|p1a: Ferrothorn|92/100|[silent]
|upkeep
|turn|68
|
|move|p2a: rx-78-2|Dragon Pulse|p1a: Ferrothorn
|-resisted|p1a: Ferrothorn
|-damage|p1a: Ferrothorn|41/100
|move|p1a: Ferrothorn|Spikes|p2a: rx-78-2
|-fail|p1a: Ferrothorn
|
|-weather|RainDance|[upkeep]
|-heal|p2a: rx-78-2|94/100|[from] item: Leftovers
|-heal|p1a: Ferrothorn|47/100|[from] item: Leftovers
|-damage|p2a: rx-78-2|82/100|[from] Leech Seed|[of] p1a: Ferrothorn
|-heal|p1a: Ferrothorn|60/100|[silent]
|upkeep
|turn|69
|j| Shamy uwu
|
|move|p2a: rx-78-2|Dragon Pulse|p1a: Ferrothorn
|-resisted|p1a: Ferrothorn
|-damage|p1a: Ferrothorn|8/100
|move|p1a: Ferrothorn|Spikes|p2a: rx-78-2
|-fail|p1a: Ferrothorn
|
|-weather|RainDance|[upkeep]
|-heal|p2a: rx-78-2|88/100|[from] item: Leftovers
|-heal|p1a: Ferrothorn|14/100|[from] item: Leftovers
|-damage|p2a: rx-78-2|75/100|[from] Leech Seed|[of] p1a: Ferrothorn
|-heal|p1a: Ferrothorn|27/100|[silent]
|upkeep
|turn|70
|
|move|p1a: Ferrothorn|Protect|p1a: Ferrothorn
|-singleturn|p1a: Ferrothorn|Protect
|move|p2a: rx-78-2|Dragon Pulse|p1a: Ferrothorn
|-activate|p1a: Ferrothorn|move: Protect
|
|-weather|RainDance|[upkeep]
|-heal|p2a: rx-78-2|82/100|[from] item: Leftovers
|-heal|p1a: Ferrothorn|33/100|[from] item: Leftovers
|-damage|p2a: rx-78-2|69/100|[from] Leech Seed|[of] p1a: Ferrothorn
|-heal|p1a: Ferrothorn|46/100|[silent]
|upkeep
|turn|71
|
|move|p2a: rx-78-2|Dragon Pulse|p1a: Ferrothorn
|-resisted|p1a: Ferrothorn
|-damage|p1a: Ferrothorn|0 fnt
|faint|p1a: Ferrothorn
|
|-weather|RainDance|[upkeep]
|-heal|p2a: rx-78-2|75/100|[from] item: Leftovers
|upkeep
|
|switch|p1a: Tentacruel|Tentacruel, M|90/100 frz
|-damage|p1a: Tentacruel|65/100 frz|[from] Spikes
|turn|72
|
|cant|p1a: Tentacruel|frz
|move|p2a: rx-78-2|Dragon Pulse|p1a: Tentacruel
|-damage|p1a: Tentacruel|0 fnt
|faint|p1a: Tentacruel
|
|-weather|RainDance|[upkeep]
|-heal|p2a: rx-78-2|81/100|[from] item: Leftovers
|upkeep
|c| Weekend Wars|sdds scald antes
|
|switch|p1a: Politoed|Politoed, M|100/100
|-damage|p1a: Politoed|75/100|[from] Spikes
|turn|73
|c|☆refsunpersons|gg wp
|
|move|p1a: Politoed|Protect|p1a: Politoed
|-singleturn|p1a: Politoed|Protect
|move|p2a: rx-78-2|Dragon Pulse|p1a: Politoed
|-activate|p1a: Politoed|move: Protect
|
|-weather|RainDance|[upkeep]
|-heal|p2a: rx-78-2|87/100|[from] item: Leftovers
|-heal|p1a: Politoed|82/100|[from] item: Leftovers
|-damage|p2a: rx-78-2|75/100|[from] Leech Seed|[of] p1a: Politoed
|-heal|p1a: Politoed|93/100|[silent]
|upkeep
|turn|74
|
|move|p2a: rx-78-2|Dragon Pulse|p1a: Politoed
|-damage|p1a: Politoed|0 fnt
|faint|p1a: Politoed
|
|-weather|RainDance|[upkeep]
|-heal|p2a: rx-78-2|81/100|[from] item: Leftovers
|upkeep
|l| Weekend Wars
|j| Weekend Wars
|l| Weekend Wars
|
|switch|p1a: Celebi|Celebi|51/100
|-damage|p1a: Celebi|26/100|[from] Spikes
|turn|75
|
|move|p2a: rx-78-2|Dragon Pulse|p1a: Celebi
|-damage|p1a: Celebi|0 fnt
|faint|p1a: Celebi
|
|win|refsunpersons
|raw|The Lost Art's rating: 1476 &rarr; <strong>1447</strong><br />(-29 for losing)
|raw|refsunpersons's rating: 1304 &rarr; <strong>1334</strong><br />(+30 for winning)
