|j|☆Coorpp
|j|☆araquanium
|player|p1|Coorpp|25
|player|p2|araquanium|279
|teamsize|p1|6
|teamsize|p2|6
|gametype|singles
|gen|5
|tier|[Gen 5] OU
|rated|
|rule|Sleep Clause Mod: Limit one foe put to sleep
|rule|Species Clause: Limit one of each Pokémon
|rule|OHKO Clause: OHKO moves are banned
|rule|Moody Clause: Moody is banned
|rule|Evasion Moves Clause: Evasion moves are banned
|rule|Endless Battle Clause: Forcing endless battles is banned
|rule|HP Percentage Mod: HP is shown in percentages
|rule|Evasion Abilities Clause: Evasion abilities are banned
|rule|Baton Pass Clause: Limit one Baton Passer, can't pass Spe and other stats simultaneously
|rule|Swagger Clause: Swagger is banned
|clearpoke
|poke|p1|Gallade, M|item
|poke|p1|Jirachi|item
|poke|p1|Jolteon, F|item
|poke|p1|Blastoise, M|item
|poke|p1|Salamence, F|item
|poke|p1|Dragonite, M|item
|poke|p2|Reuniclus, F|item
|poke|p2|Tyranitar, M|item
|poke|p2|Excadrill, F|item
|poke|p2|Amoonguss, F|item
|poke|p2|Rotom-Wash|item
|poke|p2|Latias, F|item
|teampreview
|
|start
|switch|p1a: Gallade|Gallade, M|100/100
|switch|p2a: Amoonguss|Amoonguss, F|100/100
|turn|1
|
|move|p1a: Gallade|Ice Punch|p2a: Amoonguss
|-supereffective|p2a: Amoonguss
|-damage|p2a: Amoonguss|18/100
|move|p2a: Amoonguss|Spore|p1a: Gallade
|-status|p1a: Gallade|slp
|
|-heal|p2a: Amoonguss|24/100|[from] item: Black Sludge
|upkeep
|turn|2
|
|switch|p1a: Jolteon|Jolteon, F|100/100
|switch|p2a: Excadrill|Excadrill, F, shiny|100/100
|
|upkeep
|turn|3
|
|switch|p1a: Blastoise|Blastoise, M|100/100
|move|p2a: Excadrill|Iron Head|p1a: Blastoise
|-resisted|p1a: Blastoise
|-damage|p1a: Blastoise|80/100
|
|-heal|p1a: Blastoise|86/100|[from] item: Leftovers
|upkeep
|turn|4
|
|switch|p2a: Rotom|Rotom-Wash|100/100
|switch|p1a: Jolteon|Jolteon, F|100/100
|
|upkeep
|turn|5
|
|switch|p2a: Tyranitar|Tyranitar, M|100/100
|-weather|Sandstorm|[from] ability: Sand Stream|[of] p2a: Tyranitar
|move|p1a: Jolteon|Sunny Day|p1a: Jolteon
|-weather|SunnyDay
|
|-weather|SunnyDay|[upkeep]
|upkeep
|turn|6
|
|switch|p2a: Amoonguss|Amoonguss, F|58/100
|move|p1a: Jolteon|Heal Bell|p1a: Jolteon
|-activate|p1a: Jolteon|move: Heal Bell
|-curestatus|p1: Gallade|slp|[msg]
|
|-weather|SunnyDay|[upkeep]
|-heal|p2a: Amoonguss|64/100|[from] item: Black Sludge
|upkeep
|turn|7
|
|switch|p2a: Tyranitar|Tyranitar, M|100/100
|-weather|Sandstorm|[from] ability: Sand Stream|[of] p2a: Tyranitar
|move|p1a: Jolteon|Volt Switch|p2a: Tyranitar
|-damage|p2a: Tyranitar|85/100
|
|switch|p1a: Gallade|Gallade, M|100/100
|
|-weather|Sandstorm|[upkeep]
|-damage|p1a: Gallade|94/100|[from] Sandstorm
|upkeep
|turn|8
|
|switch|p2a: Reuniclus|Reuniclus, F, shiny|100/100
|move|p1a: Gallade|Ice Punch|p2a: Reuniclus
|-damage|p2a: Reuniclus|73/100
|
|-weather|Sandstorm|[upkeep]
|-damage|p1a: Gallade|88/100|[from] Sandstorm
|-heal|p2a: Reuniclus|80/100|[from] item: Leftovers
|upkeep
|turn|9
|
|switch|p1a: Jirachi|Jirachi|100/100
|switch|p2a: Excadrill|Excadrill, F, shiny|100/100
|
|-weather|Sandstorm|[upkeep]
|upkeep
|turn|10
|
|switch|p1a: Salamence|Salamence, F|100/100
|-ability|p1a: Salamence|Intimidate|boost
|-unboost|p2a: Excadrill|atk|1
|move|p2a: Excadrill|Earthquake|p1a: Salamence
|-immune|p1a: Salamence
|
|-weather|Sandstorm|[upkeep]
|-damage|p1a: Salamence|94/100|[from] Sandstorm
|upkeep
|turn|11
|
|switch|p2a: Rotom|Rotom-Wash|100/100
|move|p1a: Salamence|Draco Meteor|p2a: Rotom
|-damage|p2a: Rotom|0 fnt
|-unboost|p1a: Salamence|spa|2
|faint|p2a: Rotom
|
|-weather|Sandstorm|[upkeep]
|-damage|p1a: Salamence|88/100|[from] Sandstorm
|upkeep
|
|switch|p2a: Excadrill|Excadrill, F, shiny|100/100
|turn|12
|
|switch|p1a: Blastoise|Blastoise, M|86/100
|move|p2a: Excadrill|Earthquake|p1a: Blastoise
|-damage|p1a: Blastoise|15/100
|
|-weather|Sandstorm|[upkeep]
|-damage|p1a: Blastoise|9/100|[from] Sandstorm
|-heal|p1a: Blastoise|15/100|[from] item: Leftovers
|upkeep
|turn|13
|
|switch|p2a: Tyranitar|Tyranitar, M|85/100
|switch|p1a: Salamence|Salamence, F|88/100
|-ability|p1a: Salamence|Intimidate|boost
|-unboost|p2a: Tyranitar|atk|1
|
|-weather|Sandstorm|[upkeep]
|-damage|p1a: Salamence|82/100|[from] Sandstorm
|upkeep
|turn|14
|
|switch|p1a: Gallade|Gallade, M|88/100
|move|p2a: Tyranitar|Stealth Rock|p1a: Gallade
|-sidestart|p1: Coorpp|move: Stealth Rock
|
|-weather|Sandstorm|[upkeep]
|-damage|p1a: Gallade|82/100|[from] Sandstorm
|upkeep
|turn|15
|
|switch|p2a: Amoonguss|Amoonguss, F|97/100
|move|p1a: Gallade|Trick|p2a: Amoonguss
|-activate|p1a: Gallade|move: Trick|[of] p2a: Amoonguss
|-item|p2a: Amoonguss|Choice Band|[from] move: Trick
|-item|p1a: Gallade|Black Sludge|[from] move: Trick
|
|-weather|Sandstorm|[upkeep]
|-damage|p1a: Gallade|76/100|[from] Sandstorm
|-damage|p2a: Amoonguss|91/100|[from] Sandstorm
|-damage|p1a: Gallade|63/100|[from] item: Black Sludge
|upkeep
|turn|16
|
|move|p1a: Gallade|Ice Punch|p2a: Amoonguss
|-supereffective|p2a: Amoonguss
|-damage|p2a: Amoonguss|36/100
|move|p2a: Amoonguss|Giga Drain|p1a: Gallade
|-damage|p1a: Gallade|41/100
|-heal|p2a: Amoonguss|44/100|[from] drain|[of] p1a: Gallade
|
|-weather|Sandstorm|[upkeep]
|-damage|p1a: Gallade|35/100|[from] Sandstorm
|-damage|p2a: Amoonguss|38/100|[from] Sandstorm
|-damage|p1a: Gallade|23/100|[from] item: Black Sludge
|upkeep
|turn|17
|
|switch|p1a: Jirachi|Jirachi|100/100
|-damage|p1a: Jirachi|94/100|[from] Stealth Rock
|switch|p2a: Reuniclus|Reuniclus, F, shiny|80/100
|
|-weather|Sandstorm|[upkeep]
|-heal|p1a: Jirachi|100/100|[from] item: Leftovers
|-heal|p2a: Reuniclus|86/100|[from] item: Leftovers
|upkeep
|turn|18
|
|switch|p2a: Amoonguss|Amoonguss, F|72/100
|move|p1a: Jirachi|Wish|p1a: Jirachi
|
|-weather|Sandstorm|[upkeep]
|-damage|p2a: Amoonguss|65/100|[from] Sandstorm
|upkeep
|turn|19
|
|switch|p2a: Excadrill|Excadrill, F, shiny|100/100
|move|p1a: Jirachi|U-turn|p2a: Excadrill
|-resisted|p2a: Excadrill
|-damage|p2a: Excadrill|89/100
|
|switch|p1a: Blastoise|Blastoise, M|15/100
|-damage|p1a: Blastoise|3/100|[from] Stealth Rock
|
|-weather|Sandstorm|[upkeep]
|-damage|p1a: Blastoise|0 fnt|[from] Sandstorm
|faint|p1a: Blastoise
|upkeep
|
|switch|p1a: Salamence|Salamence, F|82/100
|-damage|p1a: Salamence|58/100|[from] Stealth Rock
|-ability|p1a: Salamence|Intimidate|boost
|-unboost|p2a: Excadrill|atk|1
|turn|20
|
|switch|p1a: Jirachi|Jirachi|100/100
|-damage|p1a: Jirachi|94/100|[from] Stealth Rock
|switch|p2a: Amoonguss|Amoonguss, F|99/100
|
|-weather|Sandstorm|[upkeep]
|-damage|p2a: Amoonguss|92/100|[from] Sandstorm
|-heal|p1a: Jirachi|100/100|[from] item: Leftovers
|upkeep
|turn|21
|
|move|p1a: Jirachi|Stealth Rock|p2a: Amoonguss
|-sidestart|p2: araquanium|move: Stealth Rock
|move|p2a: Amoonguss|Spore|p1a: Jirachi
|-status|p1a: Jirachi|slp
|
|-weather|Sandstorm|[upkeep]
|-damage|p2a: Amoonguss|86/100|[from] Sandstorm
|upkeep
|turn|22
|
|switch|p2a: Excadrill|Excadrill, F, shiny|89/100
|-damage|p2a: Excadrill|86/100|[from] Stealth Rock
|cant|p1a: Jirachi|slp
|
|-weather|Sandstorm|[upkeep]
|upkeep
|turn|23
|
|switch|p1a: Gallade|Gallade, M|23/100
|-damage|p1a: Gallade|16/100|[from] Stealth Rock
|move|p2a: Excadrill|Earthquake|p1a: Gallade
|-damage|p1a: Gallade|0 fnt
|faint|p1a: Gallade
|
|-weather|Sandstorm|[upkeep]
|upkeep
|
|switch|p1a: Dragonite|Dragonite, M|100/100
|-damage|p1a: Dragonite|76/100|[from] Stealth Rock
|turn|24
|
|switch|p2a: Reuniclus|Reuniclus, F, shiny|86/100
|move|p1a: Dragonite|Dragon Dance|p1a: Dragonite
|-boost|p1a: Dragonite|atk|1
|-boost|p1a: Dragonite|spe|1
|
|-weather|Sandstorm|[upkeep]
|-damage|p1a: Dragonite|70/100|[from] Sandstorm
|-heal|p2a: Reuniclus|92/100|[from] item: Leftovers
|upkeep
|turn|25
|
|move|p1a: Dragonite|Outrage|p2a: Reuniclus
|-damage|p2a: Reuniclus|20/100
|move|p2a: Reuniclus|Hidden Power|p1a: Dragonite
|-supereffective|p1a: Dragonite
|-damage|p1a: Dragonite|0 fnt
|faint|p1a: Dragonite
|
|-weather|Sandstorm|[upkeep]
|-heal|p2a: Reuniclus|26/100|[from] item: Leftovers
|upkeep
|
|switch|p1a: Jolteon|Jolteon, F|100/100
|-damage|p1a: Jolteon|88/100|[from] Stealth Rock
|turn|26
|
|switch|p2a: Amoonguss|Amoonguss, F|100/100
|-damage|p2a: Amoonguss|88/100|[from] Stealth Rock
|move|p1a: Jolteon|Heal Bell|p1a: Jolteon
|-activate|p1a: Jolteon|move: Heal Bell
|-curestatus|p1: Jirachi|slp|[msg]
|
|-weather|Sandstorm|[upkeep]
|-damage|p1a: Jolteon|82/100|[from] Sandstorm
|-damage|p2a: Amoonguss|82/100|[from] Sandstorm
|-heal|p1a: Jolteon|88/100|[from] item: Leftovers
|upkeep
|turn|27
|
|move|p1a: Jolteon|Sunny Day|p1a: Jolteon
|-weather|SunnyDay
|move|p2a: Amoonguss|Spore|p1a: Jolteon
|-status|p1a: Jolteon|slp
|
|-weather|SunnyDay|[upkeep]
|-heal|p1a: Jolteon|94/100 slp|[from] item: Leftovers
|upkeep
|turn|28
|
|switch|p1a: Jirachi|Jirachi|100/100
|-damage|p1a: Jirachi|94/100|[from] Stealth Rock
|switch|p2a: Tyranitar|Tyranitar, M|85/100
|-damage|p2a: Tyranitar|73/100|[from] Stealth Rock
|-weather|Sandstorm|[from] ability: Sand Stream|[of] p2a: Tyranitar
|
|-weather|Sandstorm|[upkeep]
|-heal|p1a: Jirachi|100/100|[from] item: Leftovers
|upkeep
|turn|29
|
|switch|p2a: Excadrill|Excadrill, F, shiny|86/100
|-damage|p2a: Excadrill|83/100|[from] Stealth Rock
|move|p1a: Jirachi|Wish|p1a: Jirachi
|
|-weather|Sandstorm|[upkeep]
|upkeep
|turn|30
|
|move|p2a: Excadrill|Iron Head|p1a: Jirachi
|-resisted|p1a: Jirachi
|-damage|p1a: Jirachi|65/100
|move|p1a: Jirachi|U-turn|p2a: Excadrill
|-resisted|p2a: Excadrill
|-damage|p2a: Excadrill|71/100
|
|switch|p1a: Salamence|Salamence, F|58/100
|-damage|p1a: Salamence|33/100|[from] Stealth Rock
|-ability|p1a: Salamence|Intimidate|boost
|-unboost|p2a: Excadrill|atk|1
|
|-weather|Sandstorm|[upkeep]
|-damage|p1a: Salamence|27/100|[from] Sandstorm
|-heal|p1a: Salamence|87/100|[from] move: Wish|[wisher] Jirachi
|upkeep
|turn|31
|
|switch|p2a: Reuniclus|Reuniclus, F, shiny|26/100
|move|p1a: Salamence|Hydro Pump|p2a: Reuniclus
|-damage|p2a: Reuniclus|0 fnt
|faint|p2a: Reuniclus
|
|-weather|Sandstorm|[upkeep]
|-damage|p1a: Salamence|81/100|[from] Sandstorm
|upkeep
|
|switch|p2a: Latias|Latias, F|100/100
|-damage|p2a: Latias|88/100|[from] Stealth Rock
|turn|32
|
|switch|p2a: Excadrill|Excadrill, F, shiny|71/100
|-damage|p2a: Excadrill|68/100|[from] Stealth Rock
|switch|p1a: Jirachi|Jirachi|65/100
|-damage|p1a: Jirachi|59/100|[from] Stealth Rock
|
|-weather|Sandstorm|[upkeep]
|-heal|p1a: Jirachi|65/100|[from] item: Leftovers
|upkeep
|turn|33
|
|switch|p1a: Salamence|Salamence, F|81/100
|-damage|p1a: Salamence|56/100|[from] Stealth Rock
|-ability|p1a: Salamence|Intimidate|boost
|-unboost|p2a: Excadrill|atk|1
|move|p2a: Excadrill|Iron Head|p1a: Salamence
|-damage|p1a: Salamence|0 fnt
|faint|p1a: Salamence
|
|-weather|Sandstorm|[upkeep]
|upkeep
|
|switch|p1a: Jirachi|Jirachi|65/100
|-damage|p1a: Jirachi|59/100|[from] Stealth Rock
|turn|34
|-message|Coorpp forfeited.
|
|win|araquanium
|l|☆Coorpp
|c|☆araquanium|gg
|raw|Coorpp's rating: 1468 &rarr; <strong>1441</strong><br />(-27 for losing)
|raw|araquanium's rating: 1325 &rarr; <strong>1353</strong><br />(+28 for winning)
