|j|☆Grovyleflys
|j|☆Simplexous
|t:|1741324158
|gametype|singles
|player|p1|Grovyleflys|iris|1343
|player|p2|Simplexous|colress|1369
|teamsize|p1|6
|teamsize|p2|6
|gen|5
|tier|[Gen 5] OU
|rated|
|rule|Species Clause: Limit one of each Pokémon
|rule|OHKO Clause: OHKO moves are banned
|rule|Moody Clause: Moody is banned
|rule|Evasion Items Clause: Evasion items are banned
|rule|Evasion Moves Clause: Evasion moves are banned
|rule|Endless Battle Clause: Forcing endless battles is banned
|rule|HP Percentage Mod: HP is shown in percentages
|rule|Evasion Abilities Clause: Evasion abilities are banned
|rule|Sleep Moves Clause: Sleep-inducing moves are banned
|rule|Swagger Clause: Swagger is banned
|rule|Baton Pass Stat Clause: No Baton Passer may have a way to boost its stats
|clearpoke
|poke|p1|Latios, M|item
|poke|p1|Keldeo|item
|poke|p1|Starmie|item
|poke|p1|Landorus-Therian, M|item
|poke|p1|Tyranitar, F|item
|poke|p1|Magnezone|item
|poke|p2|Abomasnow, F|item
|poke|p2|Gliscor, F|item
|poke|p2|Forretress, F|item
|poke|p2|Blissey, F|item
|poke|p2|Latias, F|item
|poke|p2|Reuniclus, F|item
|teampreview
|
|t:|1741324198
|start
|switch|p1a: Umustquit|Keldeo|100/100
|switch|p2a: MERRY CHRISTMAS|Abomasnow, F|100/100
|-weather|Hail|[from] ability: Snow Warning|[of] p2a: MERRY CHRISTMAS
|turn|1
|
|t:|1741324243
|move|p1a: Umustquit|Secret Sword|p2a: MERRY CHRISTMAS
|-supereffective|p2a: MERRY CHRISTMAS
|-damage|p2a: MERRY CHRISTMAS|15/100
|move|p2a: MERRY CHRISTMAS|Giga Drain|p1a: Umustquit
|-supereffective|p1a: Umustquit
|-damage|p1a: Umustquit|34/100
|-heal|p2a: MERRY CHRISTMAS|44/100|[from] drain|[of] p1a: Umustquit
|
|-weather|Hail|[upkeep]
|-damage|p1a: Umustquit|27/100|[from] Hail
|-heal|p2a: MERRY CHRISTMAS|50/100|[from] item: Leftovers
|upkeep
|turn|2
|
|t:|1741324257
|switch|p1a: Toxic player|Landorus-Therian, M|100/100
|-ability|p1a: Toxic player|Intimidate|boost
|-unboost|p2a: MERRY CHRISTMAS|atk|1
|move|p2a: MERRY CHRISTMAS|Protect||[still]
|-fail|p2a: MERRY CHRISTMAS
|
|-weather|Hail|[upkeep]
|-damage|p1a: Toxic player|95/100|[from] Hail
|-heal|p2a: MERRY CHRISTMAS|56/100|[from] item: Leftovers
|upkeep
|turn|3
|
|t:|1741324265
|move|p2a: MERRY CHRISTMAS|Protect|p2a: MERRY CHRISTMAS
|-singleturn|p2a: MERRY CHRISTMAS|Protect
|move|p1a: Toxic player|Stone Edge|p2a: MERRY CHRISTMAS
|-activate|p2a: MERRY CHRISTMAS|move: Protect
|
|-weather|Hail|[upkeep]
|-damage|p1a: Toxic player|89/100|[from] Hail
|-heal|p2a: MERRY CHRISTMAS|62/100|[from] item: Leftovers
|upkeep
|turn|4
|
|t:|1741324276
|switch|p1a: Mosttoxicplaya|Latios, M|100/100
|switch|p2a: Dreidel|Forretress, F|100/100
|
|-weather|Hail|[upkeep]
|-damage|p1a: Mosttoxicplaya|95/100|[from] Hail
|upkeep
|turn|5
|
|t:|1741324281
|switch|p1a: Thinkabouturlife|Magnezone|100/100
|switch|p2a: Eggnog|Blissey, F, shiny|100/100
|
|-weather|Hail|[upkeep]
|-damage|p1a: Thinkabouturlife|94/100|[from] Hail
|-damage|p2a: Eggnog|94/100|[from] Hail
|-heal|p1a: Thinkabouturlife|100/100|[from] item: Leftovers
|-heal|p2a: Eggnog|100/100|[from] item: Leftovers
|upkeep
|turn|6
|
|t:|1741324284
|move|p1a: Thinkabouturlife|Substitute|p1a: Thinkabouturlife
|-start|p1a: Thinkabouturlife|Substitute
|-damage|p1a: Thinkabouturlife|75/100
|move|p2a: Eggnog|Thunder Wave||[still]
|-fail|p2a: Eggnog
|
|-weather|Hail|[upkeep]
|-damage|p1a: Thinkabouturlife|69/100|[from] Hail
|-damage|p2a: Eggnog|94/100|[from] Hail
|-heal|p1a: Thinkabouturlife|75/100|[from] item: Leftovers
|-heal|p2a: Eggnog|100/100|[from] item: Leftovers
|upkeep
|turn|7
|
|t:|1741324287
|move|p1a: Thinkabouturlife|Charge Beam|p2a: Eggnog
|-damage|p2a: Eggnog|93/100
|move|p2a: Eggnog|Seismic Toss|p1a: Thinkabouturlife
|-end|p1a: Thinkabouturlife|Substitute
|
|-weather|Hail|[upkeep]
|-damage|p1a: Thinkabouturlife|69/100|[from] Hail
|-damage|p2a: Eggnog|87/100|[from] Hail
|-heal|p1a: Thinkabouturlife|75/100|[from] item: Leftovers
|-heal|p2a: Eggnog|93/100|[from] item: Leftovers
|upkeep
|turn|8
|
|t:|1741324293
|switch|p1a: Mosttoxicplaya|Latios, M|95/100
|move|p2a: Eggnog|Seismic Toss|p1a: Mosttoxicplaya
|-damage|p1a: Mosttoxicplaya|61/100
|
|-weather|Hail|[upkeep]
|-damage|p1a: Mosttoxicplaya|55/100|[from] Hail
|-damage|p2a: Eggnog|87/100|[from] Hail
|-heal|p2a: Eggnog|93/100|[from] item: Leftovers
|upkeep
|turn|9
|
|t:|1741324296
|move|p1a: Mosttoxicplaya|Psyshock|p2a: Eggnog
|-damage|p2a: Eggnog|36/100
|move|p2a: Eggnog|Thunder Wave|p1a: Mosttoxicplaya
|-status|p1a: Mosttoxicplaya|par
|
|-weather|Hail|[upkeep]
|-damage|p2a: Eggnog|30/100|[from] Hail
|-damage|p1a: Mosttoxicplaya|49/100 par|[from] Hail
|-heal|p2a: Eggnog|36/100|[from] item: Leftovers
|upkeep
|turn|10
|
|t:|1741324304
|switch|p1a: Wait|Tyranitar, F|100/100
|-weather|Sandstorm|[from] ability: Sand Stream|[of] p1a: Wait
|move|p2a: Eggnog|Soft-Boiled|p2a: Eggnog
|-heal|p2a: Eggnog|86/100
|
|-weather|Sandstorm|[upkeep]
|-damage|p2a: Eggnog|80/100|[from] Sandstorm
|-heal|p2a: Eggnog|86/100|[from] item: Leftovers
|upkeep
|turn|11
|
|t:|1741324317
|switch|p1a: Mosttoxicplaya|Latios, M|49/100 par
|switch|p2a: Racist Uncle|Gliscor, F|100/100
|
|-weather|Sandstorm|[upkeep]
|-damage|p1a: Mosttoxicplaya|43/100 par|[from] Sandstorm
|-status|p2a: Racist Uncle|tox|[from] item: Toxic Orb
|upkeep
|turn|12
|
|t:|1741324326
|move|p2a: Racist Uncle|Knock Off|p1a: Mosttoxicplaya
|-supereffective|p1a: Mosttoxicplaya
|-damage|p1a: Mosttoxicplaya|31/100 par
|-enditem|p1a: Mosttoxicplaya|Choice Specs|[from] move: Knock Off|[of] p2a: Racist Uncle
|move|p1a: Mosttoxicplaya|Trick|p2a: Racist Uncle
|-activate|p1a: Mosttoxicplaya|move: Trick|[of] p2a: Racist Uncle
|-enditem|p2a: Racist Uncle|Toxic Orb|[silent]|[from] move: Trick
|-item|p1a: Mosttoxicplaya|Toxic Orb|[from] move: Trick
|
|-weather|Sandstorm|[upkeep]
|-damage|p1a: Mosttoxicplaya|25/100 par|[from] Sandstorm
|upkeep
|turn|13
|
|t:|1741324339
|switch|p1a: Wait|Tyranitar, F|100/100
|move|p2a: Racist Uncle|Stealth Rock|p1a: Wait
|-sidestart|p1: Grovyleflys|move: Stealth Rock
|
|-weather|Sandstorm|[upkeep]
|upkeep
|turn|14
|
|t:|1741324349
|switch|p2a: Dreidel|Forretress, F|100/100
|move|p1a: Wait|Ice Beam|p2a: Dreidel
|-resisted|p2a: Dreidel
|-damage|p2a: Dreidel|83/100
|
|-weather|Sandstorm|[upkeep]
|-heal|p2a: Dreidel|89/100|[from] item: Leftovers
|upkeep
|turn|15
|
|t:|1741324361
|switch|p1a: Thinkabouturlife|Magnezone|75/100
|-damage|p1a: Thinkabouturlife|69/100|[from] Stealth Rock
|move|p2a: Dreidel|Gyro Ball|p1a: Thinkabouturlife
|-resisted|p1a: Thinkabouturlife
|-damage|p1a: Thinkabouturlife|66/100
|
|-weather|Sandstorm|[upkeep]
|-heal|p1a: Thinkabouturlife|72/100|[from] item: Leftovers
|-heal|p2a: Dreidel|95/100|[from] item: Leftovers
|upkeep
|turn|16
|
|t:|1741324369
|move|p1a: Thinkabouturlife|Substitute|p1a: Thinkabouturlife
|-start|p1a: Thinkabouturlife|Substitute
|-damage|p1a: Thinkabouturlife|47/100
|move|p2a: Dreidel|Earthquake|p1a: Thinkabouturlife
|-supereffective|p1a: Thinkabouturlife
|-crit|p1a: Thinkabouturlife
|-end|p1a: Thinkabouturlife|Substitute
|
|-weather|Sandstorm|[upkeep]
|-heal|p1a: Thinkabouturlife|53/100|[from] item: Leftovers
|-heal|p2a: Dreidel|100/100|[from] item: Leftovers
|upkeep
|turn|17
|
|t:|1741324374
|switch|p1a: FFLOSINGISOK|Starmie|100/100
|-damage|p1a: FFLOSINGISOK|88/100|[from] Stealth Rock
|move|p2a: Dreidel|Earthquake|p1a: FFLOSINGISOK
|-damage|p1a: FFLOSINGISOK|57/100
|
|-weather|Sandstorm|[upkeep]
|-damage|p1a: FFLOSINGISOK|51/100|[from] Sandstorm
|upkeep
|turn|18
|
|t:|1741324378
|move|p1a: FFLOSINGISOK|Rapid Spin|p2a: Dreidel
|-resisted|p2a: Dreidel
|-damage|p2a: Dreidel|99/100
|-sideend|p1: Grovyleflys|Stealth Rock|[from] move: Rapid Spin|[of] p1a: FFLOSINGISOK
|-damage|p1a: FFLOSINGISOK|41/100|[from] item: Life Orb
|move|p2a: Dreidel|Earthquake|p1a: FFLOSINGISOK
|-damage|p1a: FFLOSINGISOK|7/100
|
|-weather|Sandstorm|[upkeep]
|-damage|p1a: FFLOSINGISOK|0 fnt|[from] Sandstorm
|faint|p1a: FFLOSINGISOK
|-heal|p2a: Dreidel|100/100|[from] item: Leftovers
|upkeep
|
|t:|1741324380
|switch|p1a: Wait|Tyranitar, F|100/100
|turn|19
|
|t:|1741324383
|move|p1a: Wait|Fire Blast|p2a: Dreidel
|-supereffective|p2a: Dreidel
|-damage|p2a: Dreidel|0 fnt
|faint|p2a: Dreidel
|
|-weather|Sandstorm|[upkeep]
|upkeep
|
|t:|1741324388
|switch|p2a: Christmas Baby|Latias, F, shiny|100/100
|turn|20
|
|t:|1741324397
|switch|p1a: Mosttoxicplaya|Latios, M|25/100 par
|move|p2a: Christmas Baby|Thunder Wave|p1a: Mosttoxicplaya
|-fail|p1a: Mosttoxicplaya|par
|
|-weather|Sandstorm|[upkeep]
|-damage|p2a: Christmas Baby|95/100|[from] Sandstorm
|-damage|p1a: Mosttoxicplaya|19/100 par|[from] Sandstorm
|upkeep
|turn|21
|
|t:|1741324402
|switch|p1a: Wait|Tyranitar, F|100/100
|move|p2a: Christmas Baby|Surf|p1a: Wait
|-supereffective|p1a: Wait
|-damage|p1a: Wait|59/100
|
|-weather|Sandstorm|[upkeep]
|-damage|p2a: Christmas Baby|89/100|[from] Sandstorm
|upkeep
|turn|22
|
|t:|1741324405
|move|p1a: Wait|Ice Beam|p2a: Christmas Baby
|-supereffective|p2a: Christmas Baby
|-damage|p2a: Christmas Baby|42/100
|move|p2a: Christmas Baby|Thunder Wave|p1a: Wait
|-status|p1a: Wait|par
|
|-weather|Sandstorm|[upkeep]
|-damage|p2a: Christmas Baby|36/100|[from] Sandstorm
|upkeep
|turn|23
|
|t:|1741324409
|move|p2a: Christmas Baby|Roost|p2a: Christmas Baby
|-heal|p2a: Christmas Baby|86/100
|-singleturn|p2a: Christmas Baby|move: Roost
|cant|p1a: Wait|par
|
|-weather|Sandstorm|[upkeep]
|-damage|p2a: Christmas Baby|80/100|[from] Sandstorm
|upkeep
|turn|24
|
|t:|1741324414
|move|p2a: Christmas Baby|Surf|p1a: Wait
|-supereffective|p1a: Wait
|-damage|p1a: Wait|22/100 par
|move|p1a: Wait|Ice Beam|p2a: Christmas Baby
|-supereffective|p2a: Christmas Baby
|-damage|p2a: Christmas Baby|30/100
|
|-weather|Sandstorm|[upkeep]
|-damage|p2a: Christmas Baby|24/100|[from] Sandstorm
|upkeep
|turn|25
|
|t:|1741324418
|move|p2a: Christmas Baby|Roost|p2a: Christmas Baby
|-heal|p2a: Christmas Baby|75/100
|-singleturn|p2a: Christmas Baby|move: Roost
|cant|p1a: Wait|par
|
|-weather|Sandstorm|[upkeep]
|-damage|p2a: Christmas Baby|69/100|[from] Sandstorm
|upkeep
|turn|26
|
|t:|1741324426
|move|p2a: Christmas Baby|Surf|p1a: Wait
|-supereffective|p1a: Wait
|-damage|p1a: Wait|0 fnt
|faint|p1a: Wait
|
|-weather|Sandstorm|[upkeep]
|-damage|p2a: Christmas Baby|63/100|[from] Sandstorm
|upkeep
|
|t:|1741324427
|switch|p1a: Toxic player|Landorus-Therian, M|89/100
|-ability|p1a: Toxic player|Intimidate|boost
|-unboost|p2a: Christmas Baby|atk|1
|turn|27
|
|t:|1741324442
|switch|p2a: MERRY CHRISTMAS|Abomasnow, F|62/100
|-weather|Hail|[from] ability: Snow Warning|[of] p2a: MERRY CHRISTMAS
|move|p1a: Toxic player|U-turn|p2a: MERRY CHRISTMAS
|-supereffective|p2a: MERRY CHRISTMAS
|-damage|p2a: MERRY CHRISTMAS|8/100
|
|t:|1741324449
|switch|p1a: Thinkabouturlife|Magnezone|53/100|[from] U-turn
|
|-weather|Hail|[upkeep]
|-damage|p1a: Thinkabouturlife|47/100|[from] Hail
|-heal|p1a: Thinkabouturlife|53/100|[from] item: Leftovers
|-heal|p2a: MERRY CHRISTMAS|14/100|[from] item: Leftovers
|upkeep
|turn|28
|
|t:|1741324458
|move|p2a: MERRY CHRISTMAS|Protect|p2a: MERRY CHRISTMAS
|-singleturn|p2a: MERRY CHRISTMAS|Protect
|move|p1a: Thinkabouturlife|Charge Beam|p2a: MERRY CHRISTMAS
|-activate|p2a: MERRY CHRISTMAS|move: Protect
|
|-weather|Hail|[upkeep]
|-damage|p1a: Thinkabouturlife|47/100|[from] Hail
|-heal|p1a: Thinkabouturlife|53/100|[from] item: Leftovers
|-heal|p2a: MERRY CHRISTMAS|20/100|[from] item: Leftovers
|upkeep
|turn|29
|
|t:|1741324488
|switch|p2a: Eggnog|Blissey, F, shiny|86/100
|move|p1a: Thinkabouturlife|Charge Beam|p2a: Eggnog
|-damage|p2a: Eggnog|78/100
|-boost|p1a: Thinkabouturlife|spa|1
|
|-weather|Hail|[upkeep]
|-damage|p1a: Thinkabouturlife|47/100|[from] Hail
|-damage|p2a: Eggnog|71/100|[from] Hail
|-heal|p1a: Thinkabouturlife|53/100|[from] item: Leftovers
|-heal|p2a: Eggnog|78/100|[from] item: Leftovers
|upkeep
|turn|30
|
|t:|1741324496
|move|p1a: Thinkabouturlife|Charge Beam|p2a: Eggnog
|-damage|p2a: Eggnog|65/100
|-boost|p1a: Thinkabouturlife|spa|1
|move|p2a: Eggnog|Seismic Toss|p1a: Thinkabouturlife
|-damage|p1a: Thinkabouturlife|24/100
|
|-weather|Hail|[upkeep]
|-damage|p1a: Thinkabouturlife|18/100|[from] Hail
|-damage|p2a: Eggnog|59/100|[from] Hail
|-heal|p1a: Thinkabouturlife|24/100|[from] item: Leftovers
|-heal|p2a: Eggnog|65/100|[from] item: Leftovers
|upkeep
|turn|31
|inactive|Battle timer is ON: inactive players will automatically lose when time's up. (requested by Simplexous)
|
|t:|1741324499
|move|p1a: Thinkabouturlife|Charge Beam|p2a: Eggnog
|-damage|p2a: Eggnog|50/100
|-boost|p1a: Thinkabouturlife|spa|1
|move|p2a: Eggnog|Seismic Toss|p1a: Thinkabouturlife
|-damage|p1a: Thinkabouturlife|0 fnt
|faint|p1a: Thinkabouturlife
|
|-weather|Hail|[upkeep]
|-damage|p2a: Eggnog|44/100|[from] Hail
|-heal|p2a: Eggnog|50/100|[from] item: Leftovers
|upkeep
|
|t:|1741324502
|switch|p1a: Mosttoxicplaya|Latios, M|19/100 par
|turn|32
|
|t:|1741324506
|move|p2a: Eggnog|Wish|p2a: Eggnog
|move|p1a: Mosttoxicplaya|Draco Meteor|p2a: Eggnog
|-damage|p2a: Eggnog|20/100
|-unboost|p1a: Mosttoxicplaya|spa|2
|
|-weather|Hail|[upkeep]
|-damage|p2a: Eggnog|14/100|[from] Hail
|-damage|p1a: Mosttoxicplaya|13/100 par|[from] Hail
|-heal|p2a: Eggnog|20/100|[from] item: Leftovers
|upkeep
|turn|33
|
|t:|1741324510
|switch|p2a: MERRY CHRISTMAS|Abomasnow, F|20/100
|cant|p1a: Mosttoxicplaya|par
|
|-weather|Hail|[upkeep]
|-damage|p1a: Mosttoxicplaya|7/100 par|[from] Hail
|-heal|p2a: MERRY CHRISTMAS|100/100|[from] move: Wish|[wisher] Eggnog
|upkeep
|turn|34
|
|t:|1741324515
|move|p2a: MERRY CHRISTMAS|Ice Shard|p1a: Mosttoxicplaya
|-supereffective|p1a: Mosttoxicplaya
|-damage|p1a: Mosttoxicplaya|0 fnt
|faint|p1a: Mosttoxicplaya
|
|-weather|Hail|[upkeep]
|upkeep
|
|t:|1741324517
|switch|p1a: Umustquit|Keldeo|27/100
|turn|35
|
|t:|1741324525
|move|p2a: MERRY CHRISTMAS|Protect|p2a: MERRY CHRISTMAS
|-singleturn|p2a: MERRY CHRISTMAS|Protect
|move|p1a: Umustquit|Secret Sword|p2a: MERRY CHRISTMAS
|-activate|p2a: MERRY CHRISTMAS|move: Protect
|
|-weather|Hail|[upkeep]
|-damage|p1a: Umustquit|21/100|[from] Hail
|upkeep
|turn|36
|
|t:|1741324554
|switch|p1a: Toxic player|Landorus-Therian, M|89/100
|-ability|p1a: Toxic player|Intimidate|boost
|-unboost|p2a: MERRY CHRISTMAS|atk|1
|move|p2a: MERRY CHRISTMAS|Ice Shard|p1a: Toxic player
|-supereffective|p1a: Toxic player
|-damage|p1a: Toxic player|50/100
|
|-weather|Hail|[upkeep]
|-damage|p1a: Toxic player|44/100|[from] Hail
|upkeep
|turn|37
|
|t:|1741324559
|move|p2a: MERRY CHRISTMAS|Ice Shard|p1a: Toxic player
|-supereffective|p1a: Toxic player
|-damage|p1a: Toxic player|6/100
|move|p1a: Toxic player|Stone Edge|p2a: MERRY CHRISTMAS
|-supereffective|p2a: MERRY CHRISTMAS
|-damage|p2a: MERRY CHRISTMAS|29/100
|
|-weather|Hail|[upkeep]
|-damage|p1a: Toxic player|0 fnt|[from] Hail
|faint|p1a: Toxic player
|-heal|p2a: MERRY CHRISTMAS|35/100|[from] item: Leftovers
|upkeep
|-message|Grovyleflys forfeited.
|
|win|Simplexous
|raw|Grovyleflys's rating: 1343 &rarr; <strong>1324</strong><br />(-19 for losing)
|raw|Simplexous's rating: 1369 &rarr; <strong>1388</strong><br />(+19 for winning)
|l|☆Grovyleflys
|player|p1|
