|j|☆The Educated Fool
|j|☆Alexia B.
|t:|1708086996
|gametype|singles
|player|p1|The Educated Fool|102|1357
|player|p2|Alexia B.|cynthia|1364
|teamsize|p1|6
|teamsize|p2|6
|gen|5
|tier|[Gen 5] OU
|rated|
|rule|Species Clause: Limit one of each Pokémon
|rule|OHKO Clause: OHKO moves are banned
|rule|Moody Clause: Moody is banned
|rule|Evasion Items Clause: Evasion items are banned
|rule|Evasion Moves Clause: Evasion moves are banned
|rule|Endless Battle Clause: Forcing endless battles is banned
|rule|HP Percentage Mod: HP is shown in percentages
|rule|Evasion Abilities Clause: Evasion abilities are banned
|rule|Sleep Moves Clause: Sleep-inducing moves are banned
|rule|Swagger Clause: Swagger is banned
|rule|Baton Pass Stat Clause: No Baton Passer may have a way to boost its stats
|clearpoke
|poke|p1|Jirachi|item
|poke|p1|Mamoswine, M|item
|poke|p1|Celebi|item
|poke|p1|Tyranitar, M|item
|poke|p1|Landorus-Therian, M|item
|poke|p1|Starmie|item
|poke|p2|Xatu, M|item
|poke|p2|Tyranitar, M|item
|poke|p2|Donphan, F|item
|poke|p2|Chansey, F|item
|poke|p2|Jellicent, F|item
|poke|p2|Skarmory, M|item
|teampreview
|inactive|Battle timer is ON: inactive players will automatically lose when time's up. (requested by Alexia B.)
|
|t:|1708087033
|start
|switch|p1a: Celebi|Celebi|100/100
|switch|p2a: Chansey|Chansey, F|100/100
|turn|1
|
|t:|1708087040
|move|p1a: Celebi|Baton Pass|p1a: Celebi
|
|t:|1708087043
|switch|p1a: Landorus|Landorus-Therian, M|100/100|[from] Baton Pass
|-ability|p1a: Landorus|Intimidate|boost
|-unboost|p2a: Chansey|atk|1
|move|p2a: Chansey|Stealth Rock|p1a: Landorus
|-sidestart|p1: The Educated Fool|move: Stealth Rock
|
|upkeep
|turn|2
|
|t:|1708087048
|switch|p2a: Skarmory|Skarmory, M|100/100
|move|p1a: Landorus|Stealth Rock|p2a: Skarmory
|-sidestart|p2: Alexia B.|move: Stealth Rock
|
|upkeep
|turn|3
|
|t:|1708087062
|move|p1a: Landorus|U-turn|p2a: Skarmory
|-resisted|p2a: Skarmory
|-damage|p2a: Skarmory|97/100
|
|t:|1708087066
|switch|p1a: Jirachi|Jirachi|100/100|[from] U-turn
|-damage|p1a: Jirachi|94/100|[from] Stealth Rock
|move|p2a: Skarmory|Spikes|p1a: Jirachi
|-sidestart|p1: The Educated Fool|Spikes
|
|-heal|p1a: Jirachi|100/100|[from] item: Leftovers
|upkeep
|turn|4
|
|t:|1708087075
|switch|p2a: Donphan|Donphan, F|100/100
|-damage|p2a: Donphan|94/100|[from] Stealth Rock
|move|p1a: Jirachi|Fire Punch|p2a: Donphan
|-damage|p2a: Donphan|82/100
|
|-heal|p2a: Donphan|88/100|[from] item: Leftovers
|upkeep
|turn|5
|
|t:|1708087083
|move|p1a: Jirachi|Substitute|p1a: Jirachi
|-start|p1a: Jirachi|Substitute
|-damage|p1a: Jirachi|76/100
|move|p2a: Donphan|Rapid Spin|p1a: Jirachi
|-resisted|p1a: Jirachi
|-activate|p1a: Jirachi|Substitute|[damage]
|-sideend|p2: Alexia B.|Stealth Rock|[from] move: Rapid Spin|[of] p2a: Donphan
|
|-heal|p1a: Jirachi|82/100|[from] item: Leftovers
|-heal|p2a: Donphan|95/100|[from] item: Leftovers
|upkeep
|turn|6
|
|t:|1708087099
|move|p1a: Jirachi|Body Slam|p2a: Donphan
|-damage|p2a: Donphan|81/100
|-status|p2a: Donphan|par
|move|p2a: Donphan|Earthquake|p1a: Jirachi
|-supereffective|p1a: Jirachi
|-end|p1a: Jirachi|Substitute
|
|-heal|p1a: Jirachi|88/100|[from] item: Leftovers
|-heal|p2a: Donphan|87/100 par|[from] item: Leftovers
|upkeep
|turn|7
|
|t:|1708087108
|switch|p1a: Starmie|Starmie|100/100
|-damage|p1a: Starmie|88/100|[from] Stealth Rock
|-item|p1a: Starmie|Air Balloon
|move|p2a: Donphan|Earthquake|p1a: Starmie
|-immune|p1a: Starmie
|
|-heal|p2a: Donphan|94/100 par|[from] item: Leftovers
|upkeep
|turn|8
|
|t:|1708087117
|switch|p2a: Jellicent|Jellicent, F|100/100
|-item|p2a: Jellicent|Air Balloon
|move|p1a: Starmie|Thunderbolt|p2a: Jellicent
|-supereffective|p2a: Jellicent
|-damage|p2a: Jellicent|48/100
|-enditem|p2a: Jellicent|Air Balloon
|
|upkeep
|turn|9
|
|t:|1708087124
|switch|p1a: Tyranitar|Tyranitar, M|100/100
|-damage|p1a: Tyranitar|88/100|[from] Stealth Rock
|-damage|p1a: Tyranitar|76/100|[from] Spikes
|-weather|Sandstorm|[from] ability: Sand Stream|[of] p1a: Tyranitar
|switch|p2a: Tyranitar|Tyranitar, M, shiny|100/100
|
|-weather|Sandstorm|[upkeep]
|upkeep
|turn|10
|
|t:|1708087129
|move|p2a: Tyranitar|Superpower|p1a: Tyranitar
|-supereffective|p1a: Tyranitar
|-damage|p1a: Tyranitar|0 fnt
|-unboost|p2a: Tyranitar|atk|1
|-unboost|p2a: Tyranitar|def|1
|faint|p1a: Tyranitar
|
|-weather|Sandstorm|[upkeep]
|upkeep
|c|☆The Educated Fool|Ugh
|
|t:|1708087144
|switch|p1a: Mamoswine|Mamoswine, M|100/100
|-damage|p1a: Mamoswine|88/100|[from] Stealth Rock
|-damage|p1a: Mamoswine|75/100|[from] Spikes
|turn|11
|
|t:|1708087153
|switch|p2a: Skarmory|Skarmory, M|97/100
|move|p1a: Mamoswine|Substitute|p1a: Mamoswine
|-start|p1a: Mamoswine|Substitute
|-damage|p1a: Mamoswine|50/100
|
|-weather|Sandstorm|[upkeep]
|-heal|p1a: Mamoswine|57/100|[from] item: Leftovers
|upkeep
|turn|12
|
|t:|1708087161
|move|p1a: Mamoswine|Icicle Crash|p2a: Skarmory
|-crit|p2a: Skarmory
|-damage|p2a: Skarmory|43/100
|move|p2a: Skarmory|Spikes|p1a: Mamoswine
|-sidestart|p1: The Educated Fool|Spikes
|
|-weather|Sandstorm|[upkeep]
|-heal|p1a: Mamoswine|63/100|[from] item: Leftovers
|upkeep
|turn|13
|
|t:|1708087165
|move|p1a: Mamoswine|Icicle Crash|p2a: Skarmory
|-damage|p2a: Skarmory|15/100
|move|p2a: Skarmory|Roost|p2a: Skarmory
|-heal|p2a: Skarmory|65/100
|-singleturn|p2a: Skarmory|move: Roost
|
|-weather|Sandstorm|[upkeep]
|-heal|p1a: Mamoswine|69/100|[from] item: Leftovers
|upkeep
|turn|14
|
|t:|1708087172
|move|p1a: Mamoswine|Icicle Crash|p2a: Skarmory
|-crit|p2a: Skarmory
|-damage|p2a: Skarmory|4/100
|cant|p2a: Skarmory|flinch
|
|-weather|Sandstorm|[upkeep]
|-heal|p1a: Mamoswine|75/100|[from] item: Leftovers
|upkeep
|turn|15
|
|t:|1708087186
|move|p1a: Mamoswine|Ice Shard|p2a: Skarmory
|-damage|p2a: Skarmory|0 fnt
|faint|p2a: Skarmory
|
|-weather|Sandstorm|[upkeep]
|-heal|p1a: Mamoswine|81/100|[from] item: Leftovers
|upkeep
|
|t:|1708087198
|switch|p2a: Xatu|Xatu, M|100/100
|turn|16
|
|t:|1708087203
|move|p2a: Xatu|Reflect|p2a: Xatu
|-sidestart|p2: Alexia B.|Reflect
|move|p1a: Mamoswine|Icicle Crash|p2a: Xatu
|-supereffective|p2a: Xatu
|-damage|p2a: Xatu|56/100
|
|-weather|Sandstorm|[upkeep]
|-damage|p2a: Xatu|50/100|[from] Sandstorm
|-heal|p1a: Mamoswine|87/100|[from] item: Leftovers
|upkeep
|turn|17
|
|t:|1708087209
|move|p2a: Xatu|Night Shade|p1a: Mamoswine
|-activate|p1a: Mamoswine|Substitute|[damage]
|move|p1a: Mamoswine|Icicle Crash|p2a: Xatu
|-supereffective|p2a: Xatu
|-damage|p2a: Xatu|4/100
|
|-weather|Sandstorm|[upkeep]
|-damage|p2a: Xatu|0 fnt|[from] Sandstorm
|faint|p2a: Xatu
|-heal|p1a: Mamoswine|93/100|[from] item: Leftovers
|upkeep
|
|t:|1708087216
|switch|p2a: Tyranitar|Tyranitar, M, shiny|100/100
|turn|18
|
|t:|1708087220
|move|p2a: Tyranitar|Crunch|p1a: Mamoswine
|-end|p1a: Mamoswine|Substitute
|move|p1a: Mamoswine|Earthquake|p2a: Tyranitar
|-supereffective|p2a: Tyranitar
|-damage|p2a: Tyranitar|49/100
|
|-weather|Sandstorm|[upkeep]
|-heal|p1a: Mamoswine|99/100|[from] item: Leftovers
|upkeep
|turn|19
|
|t:|1708087225
|switch|p1a: Landorus|Landorus-Therian, M|100/100
|-damage|p1a: Landorus|88/100|[from] Stealth Rock
|-ability|p1a: Landorus|Intimidate|boost
|-unboost|p2a: Tyranitar|atk|1
|move|p2a: Tyranitar|Crunch|p1a: Landorus
|-damage|p1a: Landorus|61/100
|
|-weather|Sandstorm|[upkeep]
|-heal|p1a: Landorus|67/100|[from] item: Leftovers
|upkeep
|turn|20
|
|t:|1708087234
|switch|p2a: Chansey|Chansey, F|100/100
|move|p1a: Landorus|U-turn|p2a: Chansey
|-crit|p2a: Chansey
|-damage|p2a: Chansey|74/100
|
|t:|1708087244
|switch|p1a: Starmie|Starmie|88/100|[from] U-turn
|-damage|p1a: Starmie|76/100|[from] Stealth Rock
|-item|p1a: Starmie|Air Balloon
|
|-weather|Sandstorm|[upkeep]
|-damage|p1a: Starmie|70/100|[from] Sandstorm
|-damage|p2a: Chansey|67/100|[from] Sandstorm
|-sideend|p2: Alexia B.|Reflect
|upkeep
|turn|21
|
|t:|1708087253
|switch|p2a: Jellicent|Jellicent, F|48/100
|move|p1a: Starmie|Rapid Spin|p2a: Jellicent
|-immune|p2a: Jellicent
|
|-weather|Sandstorm|[upkeep]
|-damage|p1a: Starmie|64/100|[from] Sandstorm
|-damage|p2a: Jellicent|42/100|[from] Sandstorm
|upkeep
|turn|22
|
|t:|1708087262
|move|p1a: Starmie|Thunderbolt|p2a: Jellicent
|-supereffective|p2a: Jellicent
|-damage|p2a: Jellicent|6/100
|move|p2a: Jellicent|Recover|p2a: Jellicent
|-heal|p2a: Jellicent|56/100
|
|-weather|Sandstorm|[upkeep]
|-damage|p1a: Starmie|58/100|[from] Sandstorm
|-damage|p2a: Jellicent|50/100|[from] Sandstorm
|upkeep
|turn|23
|
|t:|1708087272
|switch|p1a: Celebi|Celebi|100/100
|-damage|p1a: Celebi|88/100|[from] Stealth Rock
|-damage|p1a: Celebi|71/100|[from] Spikes
|move|p2a: Jellicent|Recover|p2a: Jellicent
|-heal|p2a: Jellicent|99/100
|
|-weather|Sandstorm|[upkeep]
|-damage|p1a: Celebi|65/100|[from] Sandstorm
|-damage|p2a: Jellicent|94/100|[from] Sandstorm
|-heal|p1a: Celebi|71/100|[from] item: Leftovers
|upkeep
|turn|24
|
|t:|1708087277
|switch|p2a: Chansey|Chansey, F|67/100
|move|p1a: Celebi|Thunder Wave|p2a: Chansey
|-status|p2a: Chansey|par
|
|-weather|Sandstorm|[upkeep]
|-damage|p1a: Celebi|65/100|[from] Sandstorm
|-damage|p2a: Chansey|61/100 par|[from] Sandstorm
|-heal|p1a: Celebi|71/100|[from] item: Leftovers
|upkeep
|turn|25
|
|t:|1708087281
|move|p1a: Celebi|Baton Pass|p1a: Celebi
|
|t:|1708087287
|switch|p1a: Mamoswine|Mamoswine, M|99/100|[from] Baton Pass
|-damage|p1a: Mamoswine|87/100|[from] Stealth Rock
|-damage|p1a: Mamoswine|71/100|[from] Spikes
|move|p2a: Chansey|Aromatherapy|p2a: Chansey
|-activate|p2a: Chansey|move: Aromatherapy
|-curestatus|p2a: Chansey|par|[msg]
|-curestatus|p2: Donphan|par|[msg]
|
|-weather|Sandstorm|[upkeep]
|-damage|p2a: Chansey|55/100|[from] Sandstorm
|-heal|p1a: Mamoswine|77/100|[from] item: Leftovers
|upkeep
|turn|26
|
|t:|1708087293
|move|p1a: Mamoswine|Earthquake|p2a: Chansey
|-damage|p2a: Chansey|16/100
|move|p2a: Chansey|Seismic Toss|p1a: Mamoswine
|-damage|p1a: Mamoswine|53/100
|
|-weather|Sandstorm|[upkeep]
|-damage|p2a: Chansey|10/100|[from] Sandstorm
|-heal|p1a: Mamoswine|59/100|[from] item: Leftovers
|upkeep
|turn|27
|
|t:|1708087302
|move|p1a: Mamoswine|Earthquake|p2a: Chansey
|-damage|p2a: Chansey|0 fnt
|faint|p2a: Chansey
|
|-weather|Sandstorm|[upkeep]
|-heal|p1a: Mamoswine|65/100|[from] item: Leftovers
|upkeep
|
|t:|1708087306
|switch|p2a: Jellicent|Jellicent, F|94/100
|turn|28
|
|t:|1708087313
|switch|p1a: Celebi|Celebi|71/100
|-damage|p1a: Celebi|59/100|[from] Stealth Rock
|-damage|p1a: Celebi|42/100|[from] Spikes
|move|p2a: Jellicent|Scald|p1a: Celebi
|-resisted|p1a: Celebi
|-damage|p1a: Celebi|35/100
|-status|p1a: Celebi|brn
|
|-weather|Sandstorm|[upkeep]
|-damage|p1a: Celebi|29/100 brn|[from] Sandstorm
|-damage|p2a: Jellicent|88/100|[from] Sandstorm
|-heal|p1a: Celebi|35/100 brn|[from] item: Leftovers
|-damage|p1a: Celebi|23/100 brn|[from] brn
|upkeep
|turn|29
|
|t:|1708087321
|move|p1a: Celebi|Recover|p1a: Celebi
|-heal|p1a: Celebi|73/100 brn
|move|p2a: Jellicent|Taunt|p1a: Celebi
|-start|p1a: Celebi|move: Taunt
|
|-weather|Sandstorm|[upkeep]
|-damage|p1a: Celebi|67/100 brn|[from] Sandstorm
|-damage|p2a: Jellicent|81/100|[from] Sandstorm
|-heal|p1a: Celebi|73/100 brn|[from] item: Leftovers
|-damage|p1a: Celebi|61/100 brn|[from] brn
|upkeep
|turn|30
|
|t:|1708087331
|-curestatus|p1a: Celebi|brn|[from] ability: Natural Cure
|switch|p1a: Jirachi|Jirachi|88/100
|-damage|p1a: Jirachi|82/100|[from] Stealth Rock
|-damage|p1a: Jirachi|65/100|[from] Spikes
|switch|p2a: Donphan|Donphan, F|94/100
|
|-weather|Sandstorm|[upkeep]
|-heal|p1a: Jirachi|72/100|[from] item: Leftovers
|-heal|p2a: Donphan|99/100|[from] item: Leftovers
|upkeep
|turn|31
|
|t:|1708087347
|move|p1a: Jirachi|Body Slam|p2a: Donphan
|-damage|p2a: Donphan|85/100
|-status|p2a: Donphan|par
|move|p2a: Donphan|Earthquake|p1a: Jirachi
|-supereffective|p1a: Jirachi
|-damage|p1a: Jirachi|0 fnt
|faint|p1a: Jirachi
|
|-weather|Sandstorm|[upkeep]
|-heal|p2a: Donphan|91/100 par|[from] item: Leftovers
|upkeep
|
|t:|1708087362
|switch|p1a: Mamoswine|Mamoswine, M|65/100
|-damage|p1a: Mamoswine|53/100|[from] Stealth Rock
|-damage|p1a: Mamoswine|36/100|[from] Spikes
|turn|32
|
|t:|1708087369
|move|p1a: Mamoswine|Icicle Crash|p2a: Donphan
|-supereffective|p2a: Donphan
|-damage|p2a: Donphan|34/100 par
|cant|p2a: Donphan|par
|
|-weather|Sandstorm|[upkeep]
|-heal|p1a: Mamoswine|42/100|[from] item: Leftovers
|-heal|p2a: Donphan|41/100 par|[from] item: Leftovers
|upkeep
|turn|33
|
|t:|1708087375
|move|p1a: Mamoswine|Icicle Crash|p2a: Donphan
|-supereffective|p2a: Donphan
|-damage|p2a: Donphan|0 fnt
|faint|p2a: Donphan
|
|-weather|Sandstorm|[upkeep]
|-heal|p1a: Mamoswine|49/100|[from] item: Leftovers
|upkeep
|
|t:|1708087379
|switch|p2a: Jellicent|Jellicent, F|81/100
|turn|34
|
|t:|1708087392
|switch|p1a: Celebi|Celebi|61/100
|-damage|p1a: Celebi|48/100|[from] Stealth Rock
|-damage|p1a: Celebi|32/100|[from] Spikes
|move|p2a: Jellicent|Scald|p1a: Celebi
|-resisted|p1a: Celebi
|-damage|p1a: Celebi|25/100
|
|-weather|Sandstorm|[upkeep]
|-damage|p1a: Celebi|19/100|[from] Sandstorm
|-damage|p2a: Jellicent|75/100|[from] Sandstorm
|-heal|p1a: Celebi|25/100|[from] item: Leftovers
|upkeep
|turn|35
|
|t:|1708087399
|move|p1a: Celebi|Thunder Wave|p2a: Jellicent
|-status|p2a: Jellicent|par
|move|p2a: Jellicent|Will-O-Wisp|p1a: Celebi|[miss]
|-miss|p2a: Jellicent|p1a: Celebi
|
|-weather|Sandstorm|[upkeep]
|-damage|p1a: Celebi|19/100|[from] Sandstorm
|-damage|p2a: Jellicent|69/100 par|[from] Sandstorm
|-heal|p1a: Celebi|25/100|[from] item: Leftovers
|upkeep
|turn|36
|
|t:|1708087404
|move|p1a: Celebi|Recover|p1a: Celebi
|-heal|p1a: Celebi|75/100
|move|p2a: Jellicent|Will-O-Wisp|p1a: Celebi
|-status|p1a: Celebi|brn
|
|-weather|Sandstorm|[upkeep]
|-damage|p1a: Celebi|69/100 brn|[from] Sandstorm
|-damage|p2a: Jellicent|63/100 par|[from] Sandstorm
|-heal|p1a: Celebi|75/100 brn|[from] item: Leftovers
|-damage|p1a: Celebi|63/100 brn|[from] brn
|upkeep
|turn|37
|
|t:|1708087410
|move|p1a: Celebi|Psychic|p2a: Jellicent
|-damage|p2a: Jellicent|39/100 par
|-unboost|p2a: Jellicent|spd|1
|cant|p2a: Jellicent|par
|
|-weather|Sandstorm|[upkeep]
|-damage|p1a: Celebi|56/100 brn|[from] Sandstorm
|-damage|p2a: Jellicent|33/100 par|[from] Sandstorm
|-heal|p1a: Celebi|63/100 brn|[from] item: Leftovers
|-damage|p1a: Celebi|50/100 brn|[from] brn
|upkeep
|turn|38
|
|t:|1708087418
|move|p1a: Celebi|Recover|p1a: Celebi
|-heal|p1a: Celebi|99/100 brn
|cant|p2a: Jellicent|par
|
|-weather|Sandstorm|[upkeep]
|-damage|p1a: Celebi|94/100 brn|[from] Sandstorm
|-damage|p2a: Jellicent|27/100 par|[from] Sandstorm
|-heal|p1a: Celebi|99/100 brn|[from] item: Leftovers
|-damage|p1a: Celebi|88/100 brn|[from] brn
|upkeep
|turn|39
|-message|Alexia B. forfeited.
|
|win|The Educated Fool
|raw|The Educated Fool's rating: 1357 &rarr; <strong>1377</strong><br />(+20 for winning)
|raw|Alexia B.'s rating: 1364 &rarr; <strong>1344</strong><br />(-20 for losing)
|l|☆Alexia B.
|player|p2|
