|j|☆BLJ Mario
|j|☆EdgarDgg5
|t:|1730422897
|gametype|singles
|player|p1|BLJ Mario|blue-gen2|1347
|player|p2|EdgarDgg5|shadowtriad|1447
|teamsize|p1|6
|teamsize|p2|6
|gen|5
|tier|[Gen 5] OU
|rated|
|rule|Species Clause: Limit one of each Pokémon
|rule|OHKO Clause: OHKO moves are banned
|rule|Moody Clause: Moody is banned
|rule|Evasion Items Clause: Evasion items are banned
|rule|Evasion Moves Clause: Evasion moves are banned
|rule|Endless Battle Clause: Forcing endless battles is banned
|rule|HP Percentage Mod: HP is shown in percentages
|rule|Evasion Abilities Clause: Evasion abilities are banned
|rule|Sleep Moves Clause: Sleep-inducing moves are banned
|rule|Swagger Clause: Swagger is banned
|rule|Baton Pass Stat Clause: No Baton Passer may have a way to boost its stats
|clearpoke
|poke|p1|Garchomp, F|item
|poke|p1|Volcarona, M|item
|poke|p1|Starmie|item
|poke|p1|Conkeldurr, F|item
|poke|p1|Scizor, M|item
|poke|p1|Latios, M|item
|poke|p2|Tyranitar, M|item
|poke|p2|Skarmory, F|item
|poke|p2|Jellicent, M|item
|poke|p2|Excadrill, M|item
|poke|p2|Garchomp, M|item
|poke|p2|Celebi|item
|teampreview
|inactive|Battle timer is ON: inactive players will automatically lose when time's up. (requested by EdgarDgg5)
|inactive|EdgarDgg5 has 120 seconds left.
|
|t:|1730422948
|start
|switch|p1a: Garchomp|Garchomp, F|100/100
|switch|p2a: Jellicent|Jellicent, M|100/100
|turn|1
|
|t:|1730422954
|move|p1a: Garchomp|Stealth Rock|p2a: Jellicent
|-sidestart|p2: EdgarDgg5|move: Stealth Rock
|move|p2a: Jellicent|Will-O-Wisp|p1a: Garchomp
|-status|p1a: Garchomp|brn
|
|-damage|p1a: Garchomp|88/100 brn|[from] brn
|upkeep
|turn|2
|
|t:|1730422962
|move|p1a: Garchomp|Draco Meteor|p2a: Jellicent
|-damage|p2a: Jellicent|37/100
|-unboost|p1a: Garchomp|spa|2
|-damage|p1a: Garchomp|78/100 brn|[from] item: Life Orb
|move|p2a: Jellicent|Night Shade|p1a: Garchomp
|-damage|p1a: Garchomp|50/100 brn
|
|-heal|p2a: Jellicent|44/100|[from] item: Leftovers
|-damage|p1a: Garchomp|38/100 brn|[from] brn
|upkeep
|turn|3
|
|t:|1730422973
|switch|p1a: Conkeldurr|Conkeldurr, F|100/100
|move|p2a: Jellicent|Recover|p2a: Jellicent
|-heal|p2a: Jellicent|94/100
|
|-heal|p2a: Jellicent|99/100|[from] item: Leftovers
|upkeep
|turn|4
|
|t:|1730422992
|move|p2a: Jellicent|Will-O-Wisp|p1a: Conkeldurr
|-status|p1a: Conkeldurr|brn
|move|p1a: Conkeldurr|Bulk Up|p1a: Conkeldurr
|-boost|p1a: Conkeldurr|atk|1
|-boost|p1a: Conkeldurr|def|1
|
|-heal|p2a: Jellicent|100/100|[from] item: Leftovers
|-damage|p1a: Conkeldurr|88/100 brn|[from] brn
|upkeep
|turn|5
|
|t:|1730422998
|move|p2a: Jellicent|Taunt|p1a: Conkeldurr
|-start|p1a: Conkeldurr|move: Taunt
|move|p1a: Conkeldurr|Payback|p2a: Jellicent
|-supereffective|p2a: Jellicent
|-damage|p2a: Jellicent|0 fnt
|faint|p2a: Jellicent
|
|-heal|p1a: Conkeldurr|94/100 brn|[from] item: Leftovers
|-damage|p1a: Conkeldurr|82/100 brn|[from] brn
|upkeep
|inactive|EdgarDgg5 has 120 seconds left.
|
|t:|1730423027
|switch|p2a: Excadrill|Excadrill, M|100/100
|-damage|p2a: Excadrill|98/100|[from] Stealth Rock
|turn|6
|
|t:|1730423035
|move|p2a: Excadrill|Protect|p2a: Excadrill
|-singleturn|p2a: Excadrill|Protect
|move|p1a: Conkeldurr|Drain Punch|p2a: Excadrill
|-activate|p2a: Excadrill|move: Protect
|
|-heal|p2a: Excadrill|100/100|[from] item: Leftovers
|-heal|p1a: Conkeldurr|88/100 brn|[from] item: Leftovers
|-damage|p1a: Conkeldurr|76/100 brn|[from] brn
|upkeep
|turn|7
|
|t:|1730423040
|switch|p2a: Celebi|Celebi|100/100
|-damage|p2a: Celebi|88/100|[from] Stealth Rock
|move|p1a: Conkeldurr|Mach Punch|p2a: Celebi
|-resisted|p2a: Celebi
|-damage|p2a: Celebi|68/100
|
|-heal|p2a: Celebi|74/100|[from] item: Leftovers
|-heal|p1a: Conkeldurr|82/100 brn|[from] item: Leftovers
|-damage|p1a: Conkeldurr|69/100 brn|[from] brn
|-end|p1a: Conkeldurr|move: Taunt
|upkeep
|turn|8
|
|t:|1730423057
|move|p2a: Celebi|Psychic|p1a: Conkeldurr
|-supereffective|p1a: Conkeldurr
|-damage|p1a: Conkeldurr|14/100 brn
|move|p1a: Conkeldurr|Payback|p2a: Celebi
|-supereffective|p2a: Celebi
|-damage|p2a: Celebi|0 fnt
|faint|p2a: Celebi
|
|-heal|p1a: Conkeldurr|20/100 brn|[from] item: Leftovers
|-damage|p1a: Conkeldurr|8/100 brn|[from] brn
|upkeep
|
|t:|1730423063
|switch|p2a: Garchomp|Garchomp, M|100/100
|-damage|p2a: Garchomp|94/100|[from] Stealth Rock
|turn|9
|
|t:|1730423069
|move|p1a: Conkeldurr|Mach Punch|p2a: Garchomp
|-crit|p2a: Garchomp
|-damage|p2a: Garchomp|5/100
|-damage|p1a: Conkeldurr|0 fnt|[from] ability: Rough Skin|[of] p2a: Garchomp
|faint|p1a: Conkeldurr
|move|p2a: Garchomp|Earthquake|p1: Conkeldurr|[notarget]
|-fail|p2a: Garchomp
|
|upkeep
|-message|EdgarDgg5 forfeited.
|
|win|BLJ Mario
|raw|BLJ Mario's rating: 1347 &rarr; <strong>1373</strong><br />(+26 for winning)
|raw|EdgarDgg5's rating: 1447 &rarr; <strong>1421</strong><br />(-26 for losing)
|l|☆EdgarDgg5
|player|p2|
