|j|☆testbwou
|j|☆sidis
|t:|1708664322
|gametype|singles
|player|p1|testbwou|2|1360
|player|p2|sidis|iris-gen5bw2|1383
|teamsize|p1|6
|teamsize|p2|6
|gen|5
|tier|[Gen 5] OU
|rated|
|rule|Species Clause: Limit one of each Pokémon
|rule|OHKO Clause: OHKO moves are banned
|rule|Moody Clause: Moody is banned
|rule|Evasion Items Clause: Evasion items are banned
|rule|Evasion Moves Clause: Evasion moves are banned
|rule|Endless Battle Clause: Forcing endless battles is banned
|rule|HP Percentage Mod: HP is shown in percentages
|rule|Evasion Abilities Clause: Evasion abilities are banned
|rule|Sleep Moves Clause: Sleep-inducing moves are banned
|rule|Swagger Clause: Swagger is banned
|rule|Baton Pass Stat Clause: No Baton Passer may have a way to boost its stats
|clearpoke
|poke|p1|Riolu, M|item
|poke|p1|Forretress, F|item
|poke|p1|Shedinja|item
|poke|p1|Politoed, F|item
|poke|p1|Gengar, M|item
|poke|p1|Starmie|item
|poke|p2|Terrakion|item
|poke|p2|Infernape, M|item
|poke|p2|Mienshao, M|item
|poke|p2|Conkeldurr, F|item
|poke|p2|Scrafty, M|item
|poke|p2|Toxicroak, F|item
|teampreview
|inactive|Battle timer is ON: inactive players will automatically lose when time's up. (requested by sidis)
|
|t:|1708664354
|start
|switch|p1a: Forretress|Forretress, F|100/100
|switch|p2a: Terrakion|Terrakion|100/100
|turn|1
|
|t:|1708664357
|move|p2a: Terrakion|Taunt|p1a: Forretress
|-start|p1a: Forretress|move: Taunt
|cant|p1a: Forretress|move: Taunt|Stealth Rock
|
|upkeep
|turn|2
|
|t:|1708664363
|switch|p1a: Politoed|Politoed, F|100/100
|-weather|RainDance|[from] ability: Drizzle|[of] p1a: Politoed
|move|p2a: Terrakion|Stealth Rock|p1a: Politoed
|-sidestart|p1: testbwou|move: Stealth Rock
|
|-weather|RainDance|[upkeep]
|upkeep
|turn|3
|
|t:|1708664370
|switch|p1a: Forretress|Forretress, F|100/100
|-damage|p1a: Forretress|88/100|[from] Stealth Rock
|switch|p2a: Toxicroak|Toxicroak, F|100/100
|
|-weather|RainDance|[upkeep]
|upkeep
|turn|4
|
|t:|1708664374
|move|p2a: Toxicroak|Swords Dance|p2a: Toxicroak
|-boost|p2a: Toxicroak|atk|2
|move|p1a: Forretress|Rapid Spin|p2a: Toxicroak
|-damage|p2a: Toxicroak|95/100
|-sideend|p1: testbwou|Stealth Rock|[from] move: Rapid Spin|[of] p1a: Forretress
|
|-weather|RainDance|[upkeep]
|-heal|p2a: Toxicroak|100/100|[from] ability: Dry Skin
|upkeep
|turn|5
|
|t:|1708664379
|move|p2a: Toxicroak|Swords Dance|p2a: Toxicroak
|-boost|p2a: Toxicroak|atk|2
|move|p1a: Forretress|Stealth Rock|p2a: Toxicroak
|-sidestart|p2: sidis|move: Stealth Rock
|
|-weather|RainDance|[upkeep]
|upkeep
|turn|6
|
|t:|1708664390
|move|p2a: Toxicroak|Drain Punch|p1a: Forretress
|-damage|p1a: Forretress|0 fnt
|faint|p1a: Forretress
|
|-weather|RainDance|[upkeep]
|upkeep
|
|t:|1708664393
|switch|p1a: Riolu|Riolu, M|100/100
|turn|7
|
|t:|1708664401
|move|p2a: Toxicroak|Sucker Punch||[still]
|-fail|p2a: Toxicroak
|move|p1a: Riolu|Roar|p2a: Toxicroak
|drag|p2a: Scrafty|Scrafty, M|100/100
|-damage|p2a: Scrafty|95/100|[from] Stealth Rock
|
|-weather|RainDance|[upkeep]
|-heal|p2a: Scrafty|100/100|[from] item: Leftovers
|upkeep
|turn|8
|
|t:|1708664408
|move|p1a: Riolu|Copycat|p1a: Riolu
|move|p1a: Riolu|Roar|p2a: Scrafty|[from]move: Copycat
|drag|p2a: Toxicroak|Toxicroak, F|100/100
|-damage|p2a: Toxicroak|94/100|[from] Stealth Rock
|
|-weather|RainDance|[upkeep]
|-heal|p2a: Toxicroak|100/100|[from] ability: Dry Skin
|upkeep
|turn|9
|
|t:|1708664417
|move|p2a: Toxicroak|Sucker Punch||[still]
|-fail|p2a: Toxicroak
|move|p1a: Riolu|Copycat|p1a: Riolu
|move|p1a: Riolu|Sucker Punch||[from]move: Copycat|[still]
|-fail|p1a: Riolu
|
|-weather|RainDance|[upkeep]
|upkeep
|turn|10
|
|t:|1708664422
|switch|p1a: Shedinja|Shedinja|100/100
|move|p2a: Toxicroak|Swords Dance|p2a: Toxicroak
|-boost|p2a: Toxicroak|atk|2
|
|-weather|RainDance|[upkeep]
|upkeep
|turn|11
|
|t:|1708664428
|switch|p2a: Scrafty|Scrafty, M|100/100
|-damage|p2a: Scrafty|95/100|[from] Stealth Rock
|move|p1a: Shedinja|Swords Dance|p1a: Shedinja
|-boost|p1a: Shedinja|atk|2
|
|-weather|RainDance|[upkeep]
|-heal|p2a: Scrafty|100/100|[from] item: Leftovers
|upkeep
|turn|12
|
|t:|1708664432
|move|p2a: Scrafty|Crunch|p1a: Shedinja
|-supereffective|p1a: Shedinja
|-enditem|p1a: Shedinja|Focus Sash
|-damage|p1a: Shedinja|100/100
|-unboost|p1a: Shedinja|def|1
|move|p1a: Shedinja|X-Scissor|p2a: Scrafty
|-damage|p2a: Scrafty|19/100
|
|-weather|RainDance|[upkeep]
|-heal|p2a: Scrafty|24/100|[from] item: Leftovers
|upkeep
|turn|13
|
|t:|1708664435
|move|p1a: Shedinja|Sucker Punch|p2a: Scrafty
|-resisted|p2a: Scrafty
|-damage|p2a: Scrafty|10/100
|move|p2a: Scrafty|Crunch|p1a: Shedinja
|-supereffective|p1a: Shedinja
|-damage|p1a: Shedinja|0 fnt
|faint|p1a: Shedinja
|
|-weather|RainDance|[upkeep]
|-heal|p2a: Scrafty|16/100|[from] item: Leftovers
|upkeep
|
|t:|1708664443
|switch|p1a: Riolu|Riolu, M|100/100
|turn|14
|
|t:|1708664451
|move|p2a: Scrafty|High Jump Kick|p1a: Riolu
|-enditem|p1a: Riolu|Focus Sash
|-damage|p1a: Riolu|1/100
|move|p1a: Riolu|Roar|p2a: Scrafty
|drag|p2a: Toxicroak|Toxicroak, F|100/100
|-damage|p2a: Toxicroak|94/100|[from] Stealth Rock
|
|-weather|RainDance|[upkeep]
|-heal|p2a: Toxicroak|100/100|[from] ability: Dry Skin
|upkeep
|turn|15
|
|t:|1708664457
|switch|p1a: Politoed|Politoed, F|100/100
|move|p2a: Toxicroak|Sucker Punch||[still]
|-fail|p2a: Toxicroak
|
|-weather|RainDance|[upkeep]
|upkeep
|turn|16
|
|t:|1708664460
|move|p1a: Politoed|Psychic|p2a: Toxicroak
|-supereffective|p2a: Toxicroak
|-damage|p2a: Toxicroak|0 fnt
|faint|p2a: Toxicroak
|
|-weather|RainDance|[upkeep]
|upkeep
|
|t:|1708664463
|switch|p2a: Scrafty|Scrafty, M|16/100
|-damage|p2a: Scrafty|10/100|[from] Stealth Rock
|turn|17
|
|t:|1708664468
|switch|p1a: Riolu|Riolu, M|1/100
|move|p2a: Scrafty|Dragon Dance|p2a: Scrafty
|-boost|p2a: Scrafty|atk|1
|-boost|p2a: Scrafty|spe|1
|
|-weather|RainDance|[upkeep]
|-heal|p2a: Scrafty|16/100|[from] item: Leftovers
|upkeep
|turn|18
|
|t:|1708664476
|move|p2a: Scrafty|Crunch|p1a: Riolu
|-resisted|p1a: Riolu
|-damage|p1a: Riolu|0 fnt
|faint|p1a: Riolu
|
|-weather|RainDance|[upkeep]
|-heal|p2a: Scrafty|22/100|[from] item: Leftovers
|upkeep
|
|t:|1708664480
|switch|p1a: Politoed|Politoed, F|100/100
|turn|19
|
|t:|1708664484
|move|p1a: Politoed|Surf|p2a: Scrafty
|-damage|p2a: Scrafty|0 fnt
|faint|p2a: Scrafty
|
|-weather|RainDance|[upkeep]
|upkeep
|
|t:|1708664495
|switch|p2a: Conkeldurr|Conkeldurr, F|100/100
|-damage|p2a: Conkeldurr|95/100|[from] Stealth Rock
|turn|20
|
|t:|1708664514
|move|p1a: Politoed|Surf|p2a: Conkeldurr
|-damage|p2a: Conkeldurr|18/100
|move|p2a: Conkeldurr|Drain Punch|p1a: Politoed
|-damage|p1a: Politoed|44/100
|-heal|p2a: Conkeldurr|43/100|[from] drain|[of] p1a: Politoed
|
|-weather|RainDance|[upkeep]
|-status|p2a: Conkeldurr|brn|[from] item: Flame Orb
|upkeep
|turn|21
|
|t:|1708664519
|move|p2a: Conkeldurr|Mach Punch|p1a: Politoed
|-damage|p1a: Politoed|0 fnt
|faint|p1a: Politoed
|
|-weather|RainDance|[upkeep]
|-damage|p2a: Conkeldurr|31/100 brn|[from] brn
|upkeep
|
|t:|1708664523
|switch|p1a: Gengar|Gengar, M|100/100
|turn|22
|
|t:|1708664526
|move|p1a: Gengar|Shadow Ball|p2a: Conkeldurr
|-damage|p2a: Conkeldurr|0 fnt
|faint|p2a: Conkeldurr
|-damage|p1a: Gengar|91/100|[from] item: Life Orb
|
|-weather|RainDance|[upkeep]
|upkeep
|
|t:|1708664535
|switch|p2a: Terrakion|Terrakion|100/100
|-damage|p2a: Terrakion|94/100|[from] Stealth Rock
|turn|23
|
|t:|1708664540
|move|p1a: Gengar|Hidden Power|p2a: Terrakion
|-damage|p2a: Terrakion|55/100
|-damage|p1a: Gengar|81/100|[from] item: Life Orb
|move|p2a: Terrakion|Stone Edge|p1a: Gengar
|-damage|p1a: Gengar|0 fnt
|faint|p1a: Gengar
|
|-weather|RainDance|[upkeep]
|upkeep
|
|t:|1708664543
|switch|p1a: Starmie|Starmie|100/100
|turn|24
|
|t:|1708664549
|move|p1a: Starmie|Surf|p2a: Terrakion
|-supereffective|p2a: Terrakion
|-damage|p2a: Terrakion|0 fnt
|faint|p2a: Terrakion
|-damage|p1a: Starmie|91/100|[from] item: Life Orb
|
|-weather|RainDance|[upkeep]
|upkeep
|
|t:|1708664550
|switch|p2a: Mienshao|Mienshao, M|100/100
|-damage|p2a: Mienshao|95/100|[from] Stealth Rock
|turn|25
|
|t:|1708664553
|move|p2a: Mienshao|U-turn|p1a: Starmie
|-supereffective|p1a: Starmie
|-damage|p1a: Starmie|17/100
|
|t:|1708664555
|switch|p2a: Infernape|Infernape, M|100/100|[from] U-turn
|-damage|p2a: Infernape|88/100|[from] Stealth Rock
|move|p1a: Starmie|Surf|p2a: Infernape
|-supereffective|p2a: Infernape
|-damage|p2a: Infernape|0 fnt
|faint|p2a: Infernape
|-damage|p1a: Starmie|7/100|[from] item: Life Orb
|
|-weather|RainDance|[upkeep]
|upkeep
|
|t:|1708664556
|switch|p2a: Mienshao|Mienshao, M|100/100
|-damage|p2a: Mienshao|95/100|[from] Stealth Rock
|turn|26
|
|t:|1708664557
|move|p2a: Mienshao|U-turn|p1a: Starmie
|-supereffective|p1a: Starmie
|-crit|p1a: Starmie
|-damage|p1a: Starmie|0 fnt
|faint|p1a: Starmie
|
|win|sidis
|raw|testbwou's rating: 1360 &rarr; <strong>1341</strong><br />(-19 for losing)
|raw|sidis's rating: 1383 &rarr; <strong>1402</strong><br />(+19 for winning)
