|j|☆The Daisuke
|j|☆porrompompom
|player|p1|The Daisuke|152
|player|p2|porrompompom|10
|teamsize|p1|6
|teamsize|p2|6
|gametype|singles
|gen|5
|tier|[Gen 5] OU
|rated|
|rule|Sleep Clause Mod: Limit one foe put to sleep
|rule|Species Clause: Limit one of each Pokémon
|rule|OHKO Clause: OHKO moves are banned
|rule|Moody Clause: Moody is banned
|rule|Evasion Moves Clause: Evasion moves are banned
|rule|Endless Battle Clause: Forcing endless battles is banned
|rule|HP Percentage Mod: HP is shown in percentages
|rule|Evasion Abilities Clause: Evasion abilities are banned
|rule|Baton Pass Clause: Limit one Baton Passer, can't pass Spe and other stats simultaneously
|rule|Swagger Clause: Swagger is banned
|clearpoke
|poke|p1|Politoed, M|item
|poke|p1|Scizor, F|item
|poke|p1|Ferrothorn, M|item
|poke|p1|Dragonite, F|item
|poke|p1|Alakazam, M|item
|poke|p1|Keldeo-Resolute|item
|poke|p2|Ferrothorn, M|item
|poke|p2|Landorus-Therian, M|item
|poke|p2|Sigilyph, M|item
|poke|p2|Heatran, M|item
|poke|p2|Latios, M|item
|poke|p2|Rotom-Wash|item
|teampreview
|inactive|Battle timer is ON: inactive players will automatically lose when time's up. (requested by porrompompom)
|
|start
|switch|p1a: Dupe Frog|Politoed, M, shiny|100/100
|switch|p2a: Rotom|Rotom-Wash|100/100
|-weather|RainDance|[from] ability: Drizzle|[of] p1a: Dupe Frog
|turn|1
|
|switch|p1a: Ferrothorn|Ferrothorn, M|100/100
|move|p2a: Rotom|Will-O-Wisp|p1a: Ferrothorn
|-status|p1a: Ferrothorn|brn
|
|-weather|RainDance|[upkeep]
|-damage|p1a: Ferrothorn|88/100 brn|[from] brn
|upkeep
|turn|2
|
|move|p2a: Rotom|Volt Switch|p1a: Ferrothorn
|-resisted|p1a: Ferrothorn
|-damage|p1a: Ferrothorn|79/100 brn
|
|switch|p2a: Heatran|Heatran, M|100/100
|move|p1a: Ferrothorn|Stealth Rock|p2a: Heatran
|-sidestart|p2: porrompompom|move: Stealth Rock
|
|-weather|RainDance|[upkeep]
|-heal|p1a: Ferrothorn|85/100 brn|[from] item: Leftovers
|-damage|p1a: Ferrothorn|72/100 brn|[from] brn
|upkeep
|turn|3
|
|move|p2a: Heatran|Stealth Rock|p1a: Ferrothorn
|-sidestart|p1: The Daisuke|move: Stealth Rock
|move|p1a: Ferrothorn|Leech Seed|p2a: Heatran
|-start|p2a: Heatran|move: Leech Seed
|
|-weather|RainDance|[upkeep]
|-heal|p1a: Ferrothorn|79/100 brn|[from] item: Leftovers
|-damage|p2a: Heatran|88/100|[from] Leech Seed|[of] p1a: Ferrothorn
|-heal|p1a: Ferrothorn|92/100 brn|[silent]
|-damage|p1a: Ferrothorn|80/100 brn|[from] brn
|upkeep
|turn|4
|
|switch|p2a: Sigilyph|Sigilyph, M|100/100
|switch|p1a: Dupe Frog|Politoed, M, shiny|100/100
|-damage|p1a: Dupe Frog|88/100|[from] Stealth Rock
|
|-weather|RainDance|[upkeep]
|-status|p2a: Sigilyph|brn|[from] item: Flame Orb
|upkeep
|turn|5
|
|switch|p2a: Rotom|Rotom-Wash|100/100
|-damage|p2a: Rotom|88/100|[from] Stealth Rock
|move|p1a: Dupe Frog|Hydro Pump|p2a: Rotom
|-resisted|p2a: Rotom
|-crit|p2a: Rotom
|-damage|p2a: Rotom|5/100
|
|-weather|RainDance|[upkeep]
|-heal|p2a: Rotom|11/100|[from] item: Leftovers
|upkeep
|turn|6
|
|move|p1a: Dupe Frog|Hydro Pump|p2a: Rotom|[miss]
|-miss|p1a: Dupe Frog|p2a: Rotom
|move|p2a: Rotom|Pain Split|p1a: Dupe Frog
|-sethp|p1a: Dupe Frog|49/100|p2a: Rotom|52/100|[from] move: Pain Split
|
|-weather|RainDance|[upkeep]
|-heal|p2a: Rotom|58/100|[from] item: Leftovers
|upkeep
|turn|7
|
|switch|p1a: Ferrothorn|Ferrothorn, M|80/100 brn
|-damage|p1a: Ferrothorn|74/100 brn|[from] Stealth Rock
|move|p2a: Rotom|Volt Switch|p1a: Ferrothorn
|-resisted|p1a: Ferrothorn
|-damage|p1a: Ferrothorn|64/100 brn
|
|switch|p2a: Sigilyph|Sigilyph, M|100/100 brn
|
|-weather|RainDance|[upkeep]
|-heal|p1a: Ferrothorn|70/100 brn|[from] item: Leftovers
|-damage|p1a: Ferrothorn|57/100 brn|[from] brn
|upkeep
|turn|8
|
|switch|p1a: Dupe Frog|Politoed, M, shiny|49/100
|-damage|p1a: Dupe Frog|37/100|[from] Stealth Rock
|move|p2a: Sigilyph|Cosmic Power|p2a: Sigilyph
|-boost|p2a: Sigilyph|def|1
|-boost|p2a: Sigilyph|spd|1
|
|-weather|RainDance|[upkeep]
|upkeep
|turn|9
|
|move|p2a: Sigilyph|Roost||[still]
|-fail|p2a: Sigilyph
|move|p1a: Dupe Frog|Hydro Pump|p2a: Sigilyph
|-damage|p2a: Sigilyph|22/100 brn
|
|-weather|RainDance|[upkeep]
|upkeep
|turn|10
|
|switch|p2a: Ferrothorn|Ferrothorn, M|100/100
|-damage|p2a: Ferrothorn|95/100|[from] Stealth Rock
|move|p1a: Dupe Frog|Hydro Pump|p2a: Ferrothorn|[miss]
|-miss|p1a: Dupe Frog|p2a: Ferrothorn
|
|-weather|RainDance|[upkeep]
|-heal|p2a: Ferrothorn|100/100|[from] item: Leftovers
|upkeep
|turn|11
|
|move|p1a: Dupe Frog|Hydro Pump|p2a: Ferrothorn|[miss]
|-miss|p1a: Dupe Frog|p2a: Ferrothorn
|move|p2a: Ferrothorn|Spikes|p1a: Dupe Frog
|-sidestart|p1: The Daisuke|Spikes
|
|-weather|RainDance|[upkeep]
|upkeep
|turn|12
|
|move|p1a: Dupe Frog|Hydro Pump|p2a: Ferrothorn
|-resisted|p2a: Ferrothorn
|-damage|p2a: Ferrothorn|63/100
|move|p2a: Ferrothorn|Spikes|p1a: Dupe Frog
|-sidestart|p1: The Daisuke|Spikes
|
|-weather|RainDance|[upkeep]
|-heal|p2a: Ferrothorn|69/100|[from] item: Leftovers
|upkeep
|turn|13
|
|move|p2a: Ferrothorn|Protect|p2a: Ferrothorn
|-singleturn|p2a: Ferrothorn|Protect
|move|p1a: Dupe Frog|Hydro Pump|p2a: Ferrothorn
|-activate|p2a: Ferrothorn|move: Protect
|
|-weather|RainDance|[upkeep]
|-heal|p2a: Ferrothorn|75/100|[from] item: Leftovers
|upkeep
|turn|14
|
|switch|p1a: Ferrothorn|Ferrothorn, M|57/100 brn
|-damage|p1a: Ferrothorn|51/100 brn|[from] Stealth Rock
|-damage|p1a: Ferrothorn|35/100 brn|[from] Spikes
|move|p2a: Ferrothorn|Protect||[still]
|-fail|p2a: Ferrothorn
|
|-weather|RainDance|[upkeep]
|-heal|p2a: Ferrothorn|81/100|[from] item: Leftovers
|-heal|p1a: Ferrothorn|41/100 brn|[from] item: Leftovers
|-damage|p1a: Ferrothorn|28/100 brn|[from] brn
|upkeep
|turn|15
|
|switch|p2a: Sigilyph|Sigilyph, M|22/100 brn
|move|p1a: Ferrothorn|Spikes|p2a: Sigilyph
|-sidestart|p2: porrompompom|Spikes
|
|-weather|RainDance|[upkeep]
|-heal|p1a: Ferrothorn|35/100 brn|[from] item: Leftovers
|-damage|p1a: Ferrothorn|22/100 brn|[from] brn
|upkeep
|turn|16
|
|switch|p1a: Alakazam|Alakazam, M|100/100
|move|p2a: Sigilyph|Roost|p2a: Sigilyph
|-heal|p2a: Sigilyph|72/100 brn
|-singleturn|p2a: Sigilyph|move: Roost
|
|-weather|RainDance|[upkeep]
|upkeep
|turn|17
|
|move|p1a: Alakazam|Shadow Ball|p2a: Sigilyph
|-supereffective|p2a: Sigilyph
|-damage|p2a: Sigilyph|11/100 brn
|move|p2a: Sigilyph|Roost|p2a: Sigilyph
|-heal|p2a: Sigilyph|61/100 brn
|-singleturn|p2a: Sigilyph|move: Roost
|
|-weather|RainDance|[upkeep]
|upkeep
|turn|18
|
|switch|p2a: Ferrothorn|Ferrothorn, M|81/100
|-damage|p2a: Ferrothorn|69/100|[from] Spikes
|-damage|p2a: Ferrothorn|63/100|[from] Stealth Rock
|move|p1a: Alakazam|Shadow Ball|p2a: Ferrothorn
|-resisted|p2a: Ferrothorn
|-damage|p2a: Ferrothorn|52/100
|
|-weather|RainDance|[upkeep]
|-heal|p2a: Ferrothorn|58/100|[from] item: Leftovers
|upkeep
|turn|19
|
|switch|p2a: Landorus|Landorus-Therian, M|100/100
|-damage|p2a: Landorus|88/100|[from] Stealth Rock
|-ability|p2a: Landorus|Intimidate|boost
|-unboost|p1a: Alakazam|atk|1
|move|p1a: Alakazam|Focus Blast|p2a: Landorus
|-resisted|p2a: Landorus
|-damage|p2a: Landorus|58/100
|
|-weather|RainDance|[upkeep]
|upkeep
|turn|20
|
|switch|p1a: Ferrothorn|Ferrothorn, M|22/100 brn
|-damage|p1a: Ferrothorn|16/100 brn|[from] Stealth Rock
|-damage|p1a: Ferrothorn|0 fnt|[from] Spikes
|faint|p1a: Ferrothorn
|move|p2a: Landorus|U-turn|p1: Ferrothorn|[notarget]
|-fail|p2a: Landorus
|
|-weather|RainDance|[upkeep]
|upkeep
|
|switch|p1a: Keldeo|Keldeo-Resolute|100/100
|-damage|p1a: Keldeo|94/100|[from] Stealth Rock
|-damage|p1a: Keldeo|78/100|[from] Spikes
|turn|21
|
|switch|p2a: Ferrothorn|Ferrothorn, M|58/100
|-damage|p2a: Ferrothorn|52/100|[from] Stealth Rock
|-damage|p2a: Ferrothorn|40/100|[from] Spikes
|move|p1a: Keldeo|Surf|p2a: Ferrothorn
|-resisted|p2a: Ferrothorn
|-damage|p2a: Ferrothorn|14/100
|
|-weather|RainDance|[upkeep]
|-heal|p2a: Ferrothorn|20/100|[from] item: Leftovers
|upkeep
|turn|22
|
|move|p2a: Ferrothorn|Protect|p2a: Ferrothorn
|-singleturn|p2a: Ferrothorn|Protect
|move|p1a: Keldeo|Surf|p2a: Ferrothorn
|-activate|p2a: Ferrothorn|move: Protect
|
|-weather|RainDance|[upkeep]
|-heal|p2a: Ferrothorn|26/100|[from] item: Leftovers
|upkeep
|turn|23
|
|move|p1a: Keldeo|Surf|p2a: Ferrothorn
|-resisted|p2a: Ferrothorn
|-damage|p2a: Ferrothorn|0 fnt
|faint|p2a: Ferrothorn
|
|-weather|RainDance|[upkeep]
|upkeep
|
|switch|p2a: Latios|Latios, M|100/100
|-damage|p2a: Latios|88/100|[from] Stealth Rock
|turn|24
|
|switch|p1a: Dupe Frog|Politoed, M, shiny|37/100
|-damage|p1a: Dupe Frog|24/100|[from] Stealth Rock
|-damage|p1a: Dupe Frog|8/100|[from] Spikes
|move|p2a: Latios|Surf|p1a: Dupe Frog
|-resisted|p1a: Dupe Frog
|-damage|p1a: Dupe Frog|0 fnt
|faint|p1a: Dupe Frog
|
|-weather|RainDance|[upkeep]
|upkeep
|
|switch|p1a: Alakazam|Alakazam, M|100/100
|turn|25
|
|move|p1a: Alakazam|Shadow Ball|p2a: Latios
|-supereffective|p2a: Latios
|-crit|p2a: Latios
|-damage|p2a: Latios|0 fnt
|faint|p2a: Latios
|
|-weather|RainDance|[upkeep]
|upkeep
|c|☆porrompompom|sih
|
|switch|p2a: Landorus|Landorus-Therian, M|58/100
|-damage|p2a: Landorus|46/100|[from] Stealth Rock
|-ability|p2a: Landorus|Intimidate|boost
|-unboost|p1a: Alakazam|atk|1
|turn|26
|
|switch|p1a: Dragonite|Dragonite, F|100/100
|-damage|p1a: Dragonite|76/100|[from] Stealth Rock
|move|p2a: Landorus|U-turn|p1a: Dragonite
|-resisted|p1a: Dragonite
|-damage|p1a: Dragonite|61/100
|
|switch|p2a: Sigilyph|Sigilyph, M|61/100 brn
|
|-weather|RainDance|[upkeep]
|upkeep
|turn|27
|
|move|p2a: Sigilyph|Psycho Shift|p1a: Dragonite
|-status|p1a: Dragonite|brn
|-curestatus|p2a: Sigilyph|brn|[msg]
|move|p1a: Dragonite|Outrage|p2a: Sigilyph
|-crit|p2a: Sigilyph
|-damage|p2a: Sigilyph|0 fnt
|faint|p2a: Sigilyph
|
|-weather|RainDance|[upkeep]
|-damage|p1a: Dragonite|48/100 brn|[from] brn
|upkeep
|c|☆porrompompom|savage
|
|switch|p2a: Landorus|Landorus-Therian, M|46/100
|-damage|p2a: Landorus|34/100|[from] Stealth Rock
|-ability|p2a: Landorus|Intimidate|boost
|-unboost|p1a: Dragonite|atk|1
|turn|28
|
|move|p2a: Landorus|Hidden Power|p1a: Dragonite
|-supereffective|p1a: Dragonite
|-damage|p1a: Dragonite|0 fnt
|faint|p1a: Dragonite
|
|-weather|RainDance|[upkeep]
|upkeep
|
|switch|p1a: Keldeo|Keldeo-Resolute|78/100
|-damage|p1a: Keldeo|72/100|[from] Stealth Rock
|-damage|p1a: Keldeo|55/100|[from] Spikes
|turn|29
|
|switch|p2a: Heatran|Heatran, M|88/100
|-damage|p2a: Heatran|76/100|[from] Spikes
|-damage|p2a: Heatran|63/100|[from] Stealth Rock
|move|p1a: Keldeo|Secret Sword|p2a: Heatran
|-supereffective|p2a: Heatran
|-crit|p2a: Heatran
|-damage|p2a: Heatran|0 fnt
|faint|p2a: Heatran
|
|-weather|RainDance|[upkeep]
|upkeep
|
|switch|p2a: Rotom|Rotom-Wash|58/100
|-damage|p2a: Rotom|46/100|[from] Stealth Rock
|turn|30
|
|move|p1a: Keldeo|Secret Sword|p2a: Rotom
|-crit|p2a: Rotom
|-damage|p2a: Rotom|0 fnt
|faint|p2a: Rotom
|
|-weather|RainDance|[upkeep]
|upkeep
|
|switch|p2a: Landorus|Landorus-Therian, M|34/100
|-damage|p2a: Landorus|22/100|[from] Stealth Rock
|-ability|p2a: Landorus|Intimidate|boost
|-unboost|p1a: Keldeo|atk|1
|turn|31
|
|move|p1a: Keldeo|Secret Sword|p2a: Landorus
|-resisted|p2a: Landorus
|-damage|p2a: Landorus|0 fnt
|faint|p2a: Landorus
|
|win|The Daisuke
|raw|The Daisuke's rating: 1452 &rarr; <strong>1475</strong><br />(+23 for winning)
|raw|porrompompom's rating: 1504 &rarr; <strong>1481</strong><br />(-23 for losing)
|l|☆porrompompom
|j|☆porrompompom
