|j|☆BWVC BookofConke
|j|☆Pokemeat
|t:|1717256387
|gametype|singles
|player|p1|BWVC BookofConke|silver-masters|1338
|player|p2|Pokemeat|baker|1380
|teamsize|p1|6
|teamsize|p2|6
|gen|5
|tier|[Gen 5] OU
|rated|
|rule|Species Clause: Limit one of each Pokémon
|rule|OHKO Clause: OHKO moves are banned
|rule|Moody Clause: Moody is banned
|rule|Evasion Items Clause: Evasion items are banned
|rule|Evasion Moves Clause: Evasion moves are banned
|rule|Endless Battle Clause: Forcing endless battles is banned
|rule|HP Percentage Mod: HP is shown in percentages
|rule|Evasion Abilities Clause: Evasion abilities are banned
|rule|Sleep Moves Clause: Sleep-inducing moves are banned
|rule|Swagger Clause: Swagger is banned
|rule|Baton Pass Stat Clause: No Baton Passer may have a way to boost its stats
|clearpoke
|poke|p1|Tyranitar, M|item
|poke|p1|Latios, M|item
|poke|p1|Volcarona, F|item
|poke|p1|Seismitoad, F|item
|poke|p1|Landorus-Therian, M|item
|poke|p1|Excadrill, M|item
|poke|p2|Magnezone|item
|poke|p2|Jirachi|item
|poke|p2|Kyurem-Black|item
|poke|p2|Latios, M|item
|poke|p2|Garchomp, M|item
|poke|p2|Salamence, M|item
|teampreview
|
|t:|1717256420
|start
|switch|p1a: Excadrill|Excadrill, M|100/100
|switch|p2a: Jirachi|Jirachi|100/100
|turn|1
|
|t:|1717256436
|move|p1a: Excadrill|Earthquake|p2a: Jirachi
|-supereffective|p2a: Jirachi
|-crit|p2a: Jirachi
|-enditem|p2a: Jirachi|Shuca Berry|[eat]
|-enditem|p2a: Jirachi|Shuca Berry|[weaken]
|-damage|p2a: Jirachi|28/100
|move|p2a: Jirachi|Icy Wind|p1a: Excadrill
|-damage|p1a: Excadrill|88/100
|-unboost|p1a: Excadrill|spe|1
|
|-heal|p1a: Excadrill|94/100|[from] item: Leftovers
|upkeep
|turn|2
|
|t:|1717256461
|switch|p1a: Landorus|Landorus-Therian, M|100/100
|-ability|p1a: Landorus|Intimidate|boost
|-unboost|p2a: Jirachi|atk|1
|move|p2a: Jirachi|U-turn|p1a: Landorus
|-resisted|p1a: Landorus
|-damage|p1a: Landorus|95/100
|
|t:|1717256494
|switch|p2a: Latios|Latios, M|100/100|[from] U-turn
|
|-heal|p1a: Landorus|100/100|[from] item: Leftovers
|upkeep
|turn|3
|
|t:|1717256509
|switch|p2a: Garchomp|Garchomp, M|100/100
|switch|p1a: Tyranitar|Tyranitar, M|100/100
|-weather|Sandstorm|[from] ability: Sand Stream|[of] p1a: Tyranitar
|
|-weather|Sandstorm|[upkeep]
|upkeep
|turn|4
|
|t:|1717256522
|switch|p1a: Landorus|Landorus-Therian, M|100/100
|-ability|p1a: Landorus|Intimidate|boost
|-unboost|p2a: Garchomp|atk|1
|move|p2a: Garchomp|Substitute|p2a: Garchomp
|-start|p2a: Garchomp|Substitute
|-damage|p2a: Garchomp|76/100
|
|-weather|Sandstorm|[upkeep]
|upkeep
|turn|5
|j| Excaliburn88tests
|
|t:|1717256557
|move|p2a: Garchomp|Swords Dance|p2a: Garchomp
|-boost|p2a: Garchomp|atk|2
|move|p1a: Landorus|Hidden Power|p2a: Garchomp
|-supereffective|p2a: Garchomp
|-end|p2a: Garchomp|Substitute
|
|-weather|Sandstorm|[upkeep]
|upkeep
|turn|6
|
|t:|1717256594
|switch|p2a: Kyurem|Kyurem-Black, shiny|100/100
|-ability|p2a: Kyurem|Teravolt
|move|p1a: Landorus|Earthquake|p2a: Kyurem
|-damage|p2a: Kyurem|60/100
|
|-weather|Sandstorm|[upkeep]
|-damage|p2a: Kyurem|53/100|[from] Sandstorm
|upkeep
|turn|7
|
|t:|1717256616
|switch|p1a: Seismitoad|Seismitoad, F|100/100
|move|p2a: Kyurem|Outrage|p1a: Seismitoad
|-damage|p1a: Seismitoad|8/100
|
|-weather|Sandstorm|[upkeep]
|-damage|p2a: Kyurem|47/100|[from] Sandstorm
|-heal|p1a: Seismitoad|14/100|[from] item: Leftovers
|upkeep
|turn|8
|
|t:|1717256630
|move|p2a: Kyurem|Outrage|p1a: Seismitoad|[from]lockedmove
|-damage|p1a: Seismitoad|0 fnt
|faint|p1a: Seismitoad
|-start|p2a: Kyurem|confusion|[fatigue]
|
|-weather|Sandstorm|[upkeep]
|-damage|p2a: Kyurem|41/100|[from] Sandstorm
|upkeep
|
|t:|1717256660
|switch|p1a: Excadrill|Excadrill, M|94/100
|turn|9
|
|t:|1717256668
|switch|p2a: Magnezone|Magnezone|100/100
|-item|p2a: Magnezone|Air Balloon
|move|p1a: Excadrill|Iron Head|p2a: Magnezone
|-resisted|p2a: Magnezone
|-damage|p2a: Magnezone|88/100
|-enditem|p2a: Magnezone|Air Balloon
|
|-weather|Sandstorm|[upkeep]
|-heal|p1a: Excadrill|99/100|[from] item: Leftovers
|upkeep
|turn|10
|
|t:|1717256684
|switch|p2a: Salamence|Salamence, M|100/100
|move|p1a: Excadrill|Earthquake|p2a: Salamence
|-immune|p2a: Salamence
|
|-weather|Sandstorm|[upkeep]
|-damage|p2a: Salamence|94/100|[from] Sandstorm
|-heal|p1a: Excadrill|100/100|[from] item: Leftovers
|upkeep
|turn|11
|inactive|Battle timer is ON: inactive players will automatically lose when time's up. (requested by Pokemeat)
|
|t:|1717256723
|switch|p1a: Landorus|Landorus-Therian, M|100/100
|-ability|p1a: Landorus|Intimidate|boost
|-unboost|p2a: Salamence|atk|1
|move|p2a: Salamence|Hidden Power|p1a: Landorus
|-supereffective|p1a: Landorus
|-damage|p1a: Landorus|12/100
|
|-weather|Sandstorm|[upkeep]
|-damage|p2a: Salamence|88/100|[from] Sandstorm
|-heal|p1a: Landorus|18/100|[from] item: Leftovers
|upkeep
|turn|12
|
|t:|1717256745
|switch|p1a: Tyranitar|Tyranitar, M|100/100
|move|p2a: Salamence|Hidden Power|p1a: Tyranitar
|-damage|p1a: Tyranitar|92/100
|
|-weather|Sandstorm|[upkeep]
|-damage|p2a: Salamence|82/100|[from] Sandstorm
|upkeep
|turn|13
|
|t:|1717256756
|-activate|p2a: Salamence|move: Pursuit
|move|p1a: Tyranitar|Pursuit|p2a: Salamence|[from]Pursuit
|-damage|p2a: Salamence|28/100
|switch|p2a: Garchomp|Garchomp, M|76/100
|
|-weather|Sandstorm|[upkeep]
|upkeep
|turn|14
|l| Excaliburn88tests
|
|t:|1717256774
|move|p2a: Garchomp|Swords Dance|p2a: Garchomp
|-boost|p2a: Garchomp|atk|2
|move|p1a: Tyranitar|Crunch|p2a: Garchomp
|-damage|p2a: Garchomp|32/100
|-unboost|p2a: Garchomp|def|1
|-damage|p1a: Tyranitar|80/100|[from] ability: Rough Skin|[of] p2a: Garchomp
|
|-weather|Sandstorm|[upkeep]
|upkeep
|turn|15
|
|t:|1717256798
|move|p2a: Garchomp|Earthquake|p1a: Tyranitar
|-supereffective|p1a: Tyranitar
|-damage|p1a: Tyranitar|0 fnt
|faint|p1a: Tyranitar
|
|-weather|Sandstorm|[upkeep]
|upkeep
|inactive|BWVC BookofConke has 120 seconds left.
|
|t:|1717256810
|switch|p1a: Latios|Latios, M|100/100
|turn|16
|inactive|BWVC BookofConke has 120 seconds left.
|
|t:|1717256839
|switch|p2a: Magnezone|Magnezone|88/100
|move|p1a: Latios|Draco Meteor|p2a: Magnezone
|-resisted|p2a: Magnezone
|-damage|p2a: Magnezone|40/100
|-unboost|p1a: Latios|spa|2
|
|-weather|Sandstorm|[upkeep]
|-damage|p1a: Latios|95/100|[from] Sandstorm
|upkeep
|turn|17
|inactive|BWVC BookofConke has 120 seconds left.
|
|t:|1717256873
|switch|p1a: Excadrill|Excadrill, M|100/100
|move|p2a: Magnezone|Sunny Day|p2a: Magnezone
|-weather|SunnyDay
|
|-weather|SunnyDay|[upkeep]
|upkeep
|turn|18
|inactive|BWVC BookofConke has 90 seconds left.
|
|t:|1717256892
|move|p1a: Excadrill|Earthquake|p2a: Magnezone
|-supereffective|p2a: Magnezone
|-damage|p2a: Magnezone|0 fnt
|faint|p2a: Magnezone
|
|-weather|SunnyDay|[upkeep]
|upkeep
|
|t:|1717256911
|switch|p2a: Garchomp|Garchomp, M|32/100
|turn|19
|inactive|BWVC BookofConke has 90 seconds left.
|inactive|Pokemeat has 120 seconds left.
|
|t:|1717256945
|move|p2a: Garchomp|Substitute|p2a: Garchomp
|-start|p2a: Garchomp|Substitute
|-damage|p2a: Garchomp|7/100
|-enditem|p2a: Garchomp|Salac Berry|[eat]
|-boost|p2a: Garchomp|spe|1|[from] item: Salac Berry
|move|p1a: Excadrill|Iron Head|p2a: Garchomp
|-end|p2a: Garchomp|Substitute
|
|-weather|SunnyDay|[upkeep]
|upkeep
|turn|20
|
|t:|1717256962
|switch|p1a: Landorus|Landorus-Therian, M|18/100
|-ability|p1a: Landorus|Intimidate|boost
|-unboost|p2a: Garchomp|atk|1
|move|p2a: Garchomp|Earthquake|p1a: Landorus
|-immune|p1a: Landorus
|
|-weather|SunnyDay|[upkeep]
|-heal|p1a: Landorus|24/100|[from] item: Leftovers
|upkeep
|turn|21
|
|t:|1717256976
|switch|p1a: Excadrill|Excadrill, M|100/100
|move|p2a: Garchomp|Outrage|p1a: Excadrill
|-resisted|p1a: Excadrill
|-crit|p1a: Excadrill
|-damage|p1a: Excadrill|12/100
|
|-weather|none
|-heal|p1a: Excadrill|18/100|[from] item: Leftovers
|upkeep
|turn|22
|
|t:|1717256995
|move|p2a: Garchomp|Outrage|p1a: Excadrill|[from]lockedmove
|-resisted|p1a: Excadrill
|-damage|p1a: Excadrill|0 fnt
|faint|p1a: Excadrill
|
|upkeep
|
|t:|1717257002
|switch|p1a: Latios|Latios, M|95/100
|turn|23
|
|t:|1717257009
|move|p1a: Latios|Surf|p2a: Garchomp
|-damage|p2a: Garchomp|0 fnt
|faint|p2a: Garchomp
|
|upkeep
|
|t:|1717257022
|switch|p2a: Salamence|Salamence, M|28/100
|turn|24
|
|t:|1717257042
|switch|p1a: Landorus|Landorus-Therian, M|24/100
|-ability|p1a: Landorus|Intimidate|boost
|-unboost|p2a: Salamence|atk|1
|move|p2a: Salamence|Outrage|p1a: Landorus
|-damage|p1a: Landorus|0 fnt
|faint|p1a: Landorus
|-ability|p2a: Salamence|Moxie|boost
|-boost|p2a: Salamence|atk|1
|
|upkeep
|
|t:|1717257053
|switch|p1a: Latios|Latios, M|95/100
|turn|25
|
|t:|1717257065
|move|p1a: Latios|Draco Meteor|p2a: Salamence
|-supereffective|p2a: Salamence
|-damage|p2a: Salamence|0 fnt
|-unboost|p1a: Latios|spa|2
|faint|p2a: Salamence
|
|upkeep
|
|t:|1717257075
|switch|p2a: Latios|Latios, M|100/100
|turn|26
|
|t:|1717257080
|move|p2a: Latios|Draco Meteor|p1a: Latios
|-supereffective|p1a: Latios
|-damage|p1a: Latios|0 fnt
|-unboost|p2a: Latios|spa|2
|faint|p1a: Latios
|
|upkeep
|
|t:|1717257087
|switch|p1a: Volcarona|Volcarona, F|100/100
|turn|27
|
|t:|1717257093
|switch|p2a: Kyurem|Kyurem-Black, shiny|41/100
|-ability|p2a: Kyurem|Teravolt
|move|p1a: Volcarona|Quiver Dance|p1a: Volcarona
|-boost|p1a: Volcarona|spa|1
|-boost|p1a: Volcarona|spd|1
|-boost|p1a: Volcarona|spe|1
|
|upkeep
|turn|28
|
|t:|1717257110
|move|p1a: Volcarona|Bug Buzz|p2a: Kyurem
|-damage|p2a: Kyurem|0 fnt
|faint|p2a: Kyurem
|
|upkeep
|
|t:|1717257115
|switch|p2a: Latios|Latios, M|100/100
|turn|29
|
|t:|1717257120
|move|p2a: Latios|Draco Meteor|p1a: Volcarona
|-damage|p1a: Volcarona|50/100
|-unboost|p2a: Latios|spa|2
|move|p1a: Volcarona|Bug Buzz|p2a: Latios
|-supereffective|p2a: Latios
|-damage|p2a: Latios|0 fnt
|faint|p2a: Latios
|
|upkeep
|
|t:|1717257123
|switch|p2a: Jirachi|Jirachi|28/100
|turn|30
|-message|Pokemeat forfeited.
|
|win|BWVC BookofConke
|raw|BWVC BookofConke's rating: 1338 &rarr; <strong>1359</strong><br />(+21 for winning)
|raw|Pokemeat's rating: 1350 &rarr; <strong>1329</strong><br />(-21 for losing)
|l|☆Pokemeat
|player|p2|
