|j|Manolou
|j|BKC
|player|p1|Manolou|10
|player|p2|BKC|#bkc
|gametype|singles
|gen|5
|tier|[Gen 5] OU
|rated
|seed|
|rule|Evasion Abilities Clause: Evasion abilities are banned
|rule|Baton Pass Clause: Limit one Baton Passer, can't pass Spe and other stats simultaneously
|rule|Swagger Clause: Swagger is banned
|clearpoke
|poke|p1|Scizor, F|item
|poke|p1|Tyranitar, F|item
|poke|p1|Rotom-Wash|item
|poke|p1|Landorus-Therian, M|item
|poke|p1|Latios, M|item
|poke|p1|Garchomp, F|item
|poke|p2|Tyranitar, F|item
|poke|p2|Jirachi|item
|poke|p2|Landorus-Therian, M|item
|poke|p2|Latios, M|item
|poke|p2|Breloom, F|item
|poke|p2|Keldeo|item
|rule|Sleep Clause Mod: Limit one foe put to sleep
|rule|Species Clause: Limit one of each Pokémon
|rule|OHKO Clause: OHKO moves are banned
|rule|Moody Clause: Moody is banned
|rule|Evasion Moves Clause: Evasion moves are banned
|rule|Endless Battle Clause: Forcing endless battles is banned
|rule|HP Percentage Mod: HP is shown in percentages
|teampreview
|c|★BKC|Guh!
|c|★BKC|gl
|c|★Manolou|hng
|c|★Manolou|u2
|choice||
|
|start
|switch|p1a: Rotom|Rotom-Wash|100/100
|switch|p2a: Jirachi|Jirachi|100/100
|turn|1
|choice||
|
|move|p2a: Jirachi|Stealth Rock|p1a: Rotom
|-sidestart|p1: Manolou|move: Stealth Rock
|move|p1a: Rotom|Thunder Wave|p2a: Jirachi
|-status|p2a: Jirachi|par
|
|turn|2
|j|Dreiundachtzig
|choice||
|
|move|p1a: Rotom|Volt Switch|p2a: Jirachi
|-damage|p2a: Jirachi|77/100 par
|choice||
|
|switch|p1a: Tyranitar|Tyranitar, F|100/100
|-damage|p1a: Tyranitar|88/100|[from] Stealth Rock
|-weather|Sandstorm|[from] ability: Sand Stream|[of] p1a: Tyranitar
|move|p2a: Jirachi|Icy Wind|p1a: Tyranitar
|-damage|p1a: Tyranitar|81/100
|-unboost|p1a: Tyranitar|spe|1
|
|-weather|Sandstorm|[upkeep]
|turn|3
|choice||
|
|switch|p2a: Breloom|Breloom, F|100/100
|move|p1a: Tyranitar|Stealth Rock|p2a: Breloom
|-sidestart|p2: BKC|move: Stealth Rock
|
|-weather|Sandstorm|[upkeep]
|-damage|p2a: Breloom|94/100|[from] sandstorm
|turn|4
|choice||
|
|move|p2a: Breloom|Spore|p1a: Tyranitar
|-status|p1a: Tyranitar|slp
|cant|p1a: Tyranitar|slp
|
|-weather|Sandstorm|[upkeep]
|-damage|p2a: Breloom|88/100|[from] sandstorm
|turn|5
|choice||
|
|-singleturn|p2a: Breloom|move: Focus Punch
|switch|p1a: Landorus|Landorus-Therian, M|100/100
|-damage|p1a: Landorus|88/100|[from] Stealth Rock
|-ability|p1a: Landorus|Intimidate|boost
|-unboost|p2a: Breloom|atk|1
|move|p2a: Breloom|Focus Punch|p1a: Landorus
|-enditem|p2a: Breloom|Fighting Gem|[from] gem|[move] Focus Punch
|-resisted|p1a: Landorus
|-damage|p1a: Landorus|49/100
|
|-weather|Sandstorm|[upkeep]
|-damage|p2a: Breloom|82/100|[from] sandstorm
|-heal|p1a: Landorus|55/100|[from] item: Leftovers
|turn|6
|j|dice
|choice||
|
|switch|p1a: Scizor|Scizor, F|100/100
|-damage|p1a: Scizor|88/100|[from] Stealth Rock
|switch|p2a: Landorus|Landorus-Therian, M|100/100
|-damage|p2a: Landorus|88/100|[from] Stealth Rock
|-ability|p2a: Landorus|Intimidate|boost
|-unboost|p1a: Scizor|atk|1
|
|-weather|Sandstorm|[upkeep]
|turn|7
|c| dice|go kev go
|choice||
|
|move|p2a: Landorus|Earthquake|p1a: Scizor
|-damage|p1a: Scizor|7/100
|move|p1a: Scizor|U-turn|p2a: Landorus
|-resisted|p2a: Landorus
|-damage|p2a: Landorus|75/100
|choice||
|
|switch|p1a: Rotom|Rotom-Wash|100/100
|-damage|p1a: Rotom|88/100|[from] Stealth Rock
|
|-weather|Sandstorm|[upkeep]
|-damage|p1a: Rotom|82/100|[from] sandstorm
|-heal|p1a: Rotom|88/100|[from] item: Leftovers
|turn|8
|choice||
|
|switch|p2a: Jirachi|Jirachi|77/100 par
|-damage|p2a: Jirachi|71/100 par|[from] Stealth Rock
|move|p1a: Rotom|Volt Switch|p2a: Jirachi
|-damage|p2a: Jirachi|44/100 par
|choice||
|
|switch|p1a: Garchomp|Garchomp, F|100/100
|-damage|p1a: Garchomp|94/100|[from] Stealth Rock
|
|-weather|Sandstorm|[upkeep]
|turn|9
|choice||
|
|switch|p2a: Landorus|Landorus-Therian, M|75/100
|-damage|p2a: Landorus|63/100|[from] Stealth Rock
|-ability|p2a: Landorus|Intimidate|boost
|-unboost|p1a: Garchomp|atk|1
|move|p1a: Garchomp|Earthquake|p2a: Landorus
|-immune|p2a: Landorus|[msg]
|
|-weather|Sandstorm|[upkeep]
|turn|10
|choice||
|
|switch|p1a: Scizor|Scizor, F|7/100
|-damage|p1a: Scizor|0 fnt|[from] Stealth Rock
|faint|p1a: Scizor
|move|p2a: Landorus|Hidden Power|p1: Scizor|[notarget]
|-notarget
|
|-weather|Sandstorm|[upkeep]
|choice||
|
|switch|p1a: Rotom|Rotom-Wash|88/100
|-damage|p1a: Rotom|75/100|[from] Stealth Rock
|turn|11
|j|pink bow
|choice||
|
|switch|p2a: Jirachi|Jirachi|44/100 par
|-damage|p2a: Jirachi|38/100 par|[from] Stealth Rock
|move|p1a: Rotom|Hydro Pump|p2a: Jirachi|[miss]
|-miss|p1a: Rotom|p2a: Jirachi
|
|-weather|Sandstorm|[upkeep]
|-damage|p1a: Rotom|69/100|[from] sandstorm
|-heal|p1a: Rotom|75/100|[from] item: Leftovers
|turn|12
|choice||
|
|move|p1a: Rotom|Hydro Pump|p2a: Jirachi
|-damage|p2a: Jirachi|0 fnt
|faint|p2a: Jirachi
|
|-weather|Sandstorm|[upkeep]
|-damage|p1a: Rotom|69/100|[from] sandstorm
|-heal|p1a: Rotom|75/100|[from] item: Leftovers
|choice||
|
|switch|p2a: Breloom|Breloom, F|82/100
|-damage|p2a: Breloom|76/100|[from] Stealth Rock
|turn|13
|c| pink bow|hugo v bkc?
|choice||
|
|switch|p1a: Tyranitar|Tyranitar, F|81/100 slp
|-damage|p1a: Tyranitar|68/100 slp|[from] Stealth Rock
|move|p2a: Breloom|Bullet Seed|p1a: Tyranitar
|-supereffective|p1a: Tyranitar
|-damage|p1a: Tyranitar|33/100 slp
|-supereffective|p1a: Tyranitar
|-damage|p1a: Tyranitar|0 fnt
|-hitcount|p1a: Tyranitar|2
|faint|p1a: Tyranitar
|
|-weather|Sandstorm|[upkeep]
|-damage|p2a: Breloom|70/100|[from] sandstorm
|choice||
|
|switch|p1a: Garchomp|Garchomp, F|94/100
|-damage|p1a: Garchomp|88/100|[from] Stealth Rock
|turn|14
|choice||
|
|switch|p2a: Keldeo|Keldeo|100/100
|-damage|p2a: Keldeo|94/100|[from] Stealth Rock
|move|p1a: Garchomp|Fire Fang|p2a: Keldeo
|-resisted|p2a: Keldeo
|-damage|p2a: Keldeo|80/100
|
|-weather|Sandstorm|[upkeep]
|-damage|p2a: Keldeo|74/100|[from] sandstorm
|turn|15
|c|★Manolou|predicted
|c|★BKC|how do i do it
|choice||
|
|switch|p1a: Latios|Latios, M|100/100
|-damage|p1a: Latios|88/100|[from] Stealth Rock
|move|p2a: Keldeo|Icy Wind|p1a: Latios
|-supereffective|p1a: Latios
|-damage|p1a: Latios|48/100
|-unboost|p1a: Latios|spe|1
|
|-weather|Sandstorm|[upkeep]
|-damage|p1a: Latios|42/100|[from] sandstorm
|-damage|p2a: Keldeo|68/100|[from] sandstorm
|turn|16
|c|★Manolou|crit
|choice||
|
|switch|p2a: Tyranitar|Tyranitar, F|100/100
|-damage|p2a: Tyranitar|88/100|[from] Stealth Rock
|move|p1a: Latios|Draco Meteor|p2a: Tyranitar
|-damage|p2a: Tyranitar|39/100
|-unboost|p1a: Latios|spa|2
|
|-weather|Sandstorm|[upkeep]
|-damage|p1a: Latios|36/100|[from] sandstorm
|turn|17
|choice||
|
|move|p1a: Latios|Draco Meteor|p2a: Tyranitar
|-damage|p2a: Tyranitar|13/100
|-unboost|p1a: Latios|spa|2
|move|p2a: Tyranitar|Crunch|p1a: Latios
|-supereffective|p1a: Latios
|-damage|p1a: Latios|0 fnt
|faint|p1a: Latios
|
|-weather|Sandstorm|[upkeep]
|choice||
|
|switch|p1a: Garchomp|Garchomp, F|88/100
|-damage|p1a: Garchomp|82/100|[from] Stealth Rock
|turn|18
|choice||
|
|move|p1a: Garchomp|Dragon Claw|p2a: Tyranitar
|-damage|p2a: Tyranitar|0 fnt
|faint|p2a: Tyranitar
|
|-weather|Sandstorm|[upkeep]
|choice||
|
|switch|p2a: Keldeo|Keldeo|68/100
|-damage|p2a: Keldeo|61/100|[from] Stealth Rock
|turn|19
|c| pink bow|is bkc going 3.-0 in wcop
|choice||
|
|move|p2a: Keldeo|Icy Wind|p1a: Garchomp
|-supereffective|p1a: Garchomp
|-damage|p1a: Garchomp|0 fnt
|faint|p1a: Garchomp
|
|-weather|Sandstorm|[upkeep]
|-damage|p2a: Keldeo|55/100|[from] sandstorm
|choice||
|
|switch|p1a: Rotom|Rotom-Wash|75/100
|-damage|p1a: Rotom|63/100|[from] Stealth Rock
|turn|20
|choice||
|
|switch|p2a: Breloom|Breloom, F|70/100
|-damage|p2a: Breloom|63/100|[from] Stealth Rock
|move|p1a: Rotom|Hydro Pump|p2a: Breloom
|-resisted|p2a: Breloom
|-crit|p2a: Breloom
|-damage|p2a: Breloom|0 fnt
|faint|p2a: Breloom
|
|-weather|Sandstorm|[upkeep]
|-damage|p1a: Rotom|57/100|[from] sandstorm
|-heal|p1a: Rotom|63/100|[from] item: Leftovers
|choice||
|
|switch|p2a: Latios|Latios, M|100/100
|-damage|p2a: Latios|88/100|[from] Stealth Rock
|turn|21
|choice||
|
|switch|p1a: Landorus|Landorus-Therian, M|55/100
|-damage|p1a: Landorus|43/100|[from] Stealth Rock
|-ability|p1a: Landorus|Intimidate|boost
|-unboost|p2a: Latios|atk|1
|move|p2a: Latios|Draco Meteor|p1a: Landorus
|-damage|p1a: Landorus|0 fnt
|-unboost|p2a: Latios|spa|2
|-damage|p2a: Latios|78/100|[from] item: Life Orb
|faint|p1a: Landorus
|
|-weather|Sandstorm|[upkeep]
|-damage|p2a: Latios|72/100|[from] sandstorm
|choice||
|
|switch|p1a: Rotom|Rotom-Wash|63/100
|-damage|p1a: Rotom|50/100|[from] Stealth Rock
|turn|22
|choice||
|
|switch|p2a: Landorus|Landorus-Therian, M|63/100
|-damage|p2a: Landorus|51/100|[from] Stealth Rock
|-ability|p2a: Landorus|Intimidate|boost
|-unboost|p1a: Rotom|atk|1
|move|p1a: Rotom|Hydro Pump|p2a: Landorus
|-supereffective|p2a: Landorus
|-damage|p2a: Landorus|0 fnt
|faint|p2a: Landorus
|
|-weather|Sandstorm|[upkeep]
|-damage|p1a: Rotom|44/100|[from] sandstorm
|-heal|p1a: Rotom|50/100|[from] item: Leftovers
|choice||
|
|switch|p2a: Keldeo|Keldeo|55/100
|-damage|p2a: Keldeo|49/100|[from] Stealth Rock
|turn|23
|choice||
|
|move|p2a: Keldeo|Secret Sword|p1a: Rotom
|-damage|p1a: Rotom|0 fnt
|faint|p1a: Rotom
|
|win|BKC
|player|p1
|player|p2
|c|★BKC|gg
|raw|Manolou's rating: 1519 &rarr; <strong>1494</strong><br />(-25 for losing)
|raw|BKC's rating: 1419 &rarr; <strong>1444</strong><br />(+25 for winning)
|c|★Manolou|gg
|l|Manolou