|j|☆EG Jhonx
|j|☆CringLord!
|t:|1742093000
|gametype|singles
|player|p1|EG Jhonx|#gscpl5ladderbayleefsaints|1451
|player|p2|CringLord!|parasollady-gen4|1581
|teamsize|p1|6
|teamsize|p2|6
|gen|5
|tier|[Gen 5] OU
|rated|
|rule|Species Clause: Limit one of each Pokémon
|rule|OHKO Clause: OHKO moves are banned
|rule|Moody Clause: Moody is banned
|rule|Evasion Items Clause: Evasion items are banned
|rule|Evasion Moves Clause: Evasion moves are banned
|rule|Endless Battle Clause: Forcing endless battles is banned
|rule|HP Percentage Mod: HP is shown in percentages
|rule|Evasion Abilities Clause: Evasion abilities are banned
|rule|Sleep Moves Clause: Sleep-inducing moves are banned
|rule|Swagger Clause: Swagger is banned
|rule|Baton Pass Stat Clause: No Baton Passer may have a way to boost its stats
|clearpoke
|poke|p1|Politoed, F|item
|poke|p1|Excadrill, F|item
|poke|p1|Ferrothorn, F|item
|poke|p1|Keldeo|item
|poke|p1|Starmie|item
|poke|p1|Tyranitar, M|item
|poke|p2|Alakazam, F|item
|poke|p2|Latios, M|item
|poke|p2|Skarmory, M|item
|poke|p2|Tyranitar, F|item
|poke|p2|Gliscor, F|item
|poke|p2|Jellicent, F|item
|teampreview
|
|t:|1742093053
|start
|switch|p1a: Politoed|Politoed, F|100/100
|switch|p2a: Glisc|Gliscor, F|100/100
|-weather|RainDance|[from] ability: Drizzle|[of] p1a: Politoed
|turn|1
|
|t:|1742093072
|move|p2a: Glisc|Protect|p2a: Glisc
|-singleturn|p2a: Glisc|Protect
|move|p1a: Politoed|Scald|p2a: Glisc
|-activate|p2a: Glisc|move: Protect
|
|-weather|RainDance|[upkeep]
|-status|p2a: Glisc|tox|[from] item: Toxic Orb
|upkeep
|turn|2
|inactive|Battle timer is ON: inactive players will automatically lose when time's up. (requested by CringLord!)
|inactive|EG Jhonx has 120 seconds left.
|
|t:|1742093163
|switch|p2a: Squishy|Jellicent, F|100/100
|move|p1a: Politoed|Scald|p2a: Squishy
|-immune|p2a: Squishy|[from] ability: Water Absorb
|
|-weather|RainDance|[upkeep]
|upkeep
|turn|3
|j| questar
|
|t:|1742093177
|move|p2a: Squishy|Will-O-Wisp|p1a: Politoed
|-status|p1a: Politoed|brn
|move|p1a: Politoed|Toxic|p2a: Squishy
|-status|p2a: Squishy|tox
|
|-weather|RainDance|[upkeep]
|-damage|p2a: Squishy|94/100 tox|[from] psn
|-damage|p1a: Politoed|88/100 brn|[from] brn
|upkeep
|turn|4
|
|t:|1742093191
|switch|p2a: TTar|Tyranitar, F|100/100
|-weather|Sandstorm|[from] ability: Sand Stream|[of] p2a: TTar
|switch|p1a: Tyranitar|Tyranitar, M|100/100
|
|-weather|Sandstorm|[upkeep]
|upkeep
|turn|5
|
|t:|1742093196
|switch|p1a: Keldeo|Keldeo|100/100
|switch|p2a: Glisc|Gliscor, F|100/100 tox
|
|-weather|Sandstorm|[upkeep]
|-damage|p1a: Keldeo|94/100|[from] Sandstorm
|upkeep
|turn|6
|
|t:|1742093208
|move|p2a: Glisc|Protect|p2a: Glisc
|-singleturn|p2a: Glisc|Protect
|move|p1a: Keldeo|Calm Mind|p1a: Keldeo
|-boost|p1a: Keldeo|spa|1
|-boost|p1a: Keldeo|spd|1
|
|-weather|Sandstorm|[upkeep]
|-damage|p1a: Keldeo|88/100|[from] Sandstorm
|upkeep
|turn|7
|
|t:|1742093217
|switch|p2a: Lati|Latios, M|100/100
|move|p1a: Keldeo|Hidden Power|p2a: Lati
|-supereffective|p2a: Lati
|-damage|p2a: Lati|27/100
|
|-weather|Sandstorm|[upkeep]
|-damage|p2a: Lati|21/100|[from] Sandstorm
|-damage|p1a: Keldeo|82/100|[from] Sandstorm
|upkeep
|turn|8
|
|t:|1742093226
|switch|p1a: Ferrothorn|Ferrothorn, F|100/100
|move|p2a: Lati|Draco Meteor|p1a: Ferrothorn
|-resisted|p1a: Ferrothorn
|-damage|p1a: Ferrothorn|65/100
|-unboost|p2a: Lati|spa|2
|
|-weather|Sandstorm|[upkeep]
|-damage|p2a: Lati|15/100|[from] Sandstorm
|-heal|p1a: Ferrothorn|71/100|[from] item: Leftovers
|upkeep
|turn|9
|
|t:|1742093239
|switch|p2a: TTar|Tyranitar, F|100/100
|move|p1a: Ferrothorn|Stealth Rock|p2a: TTar
|-sidestart|p2: CringLord!|move: Stealth Rock
|
|-weather|Sandstorm|[upkeep]
|-heal|p1a: Ferrothorn|77/100|[from] item: Leftovers
|upkeep
|turn|10
|
|t:|1742093254
|move|p2a: TTar|Fire Blast|p1a: Ferrothorn
|-supereffective|p1a: Ferrothorn
|-damage|p1a: Ferrothorn|4/100
|move|p1a: Ferrothorn|Spikes|p2a: TTar
|-sidestart|p2: CringLord!|Spikes
|
|-weather|Sandstorm|[upkeep]
|-heal|p1a: Ferrothorn|11/100|[from] item: Leftovers
|upkeep
|turn|11
|
|t:|1742093260
|-activate|p1a: Ferrothorn|move: Pursuit
|move|p2a: TTar|Pursuit|p1a: Ferrothorn|[from] Pursuit
|-resisted|p1a: Ferrothorn
|-damage|p1a: Ferrothorn|0 fnt
|-damage|p2a: TTar|88/100|[from] ability: Iron Barbs|[of] p1a: Ferrothorn
|faint|p1a: Ferrothorn
|-hint|A Pokemon can't switch between when it runs out of HP and when it faints
|
|-weather|Sandstorm|[upkeep]
|upkeep
|
|t:|1742093267
|switch|p1a: Keldeo|Keldeo|82/100
|turn|12
|
|t:|1742093273
|move|p1a: Keldeo|Secret Sword|p2a: TTar
|-supereffective|p2a: TTar
|-enditem|p2a: TTar|Chople Berry|[eat]
|-enditem|p2a: TTar|Chople Berry|[weaken]
|-damage|p2a: TTar|25/100
|move|p2a: TTar|Thunder Wave|p1a: Keldeo
|-status|p1a: Keldeo|par
|
|-weather|Sandstorm|[upkeep]
|-damage|p1a: Keldeo|76/100 par|[from] Sandstorm
|upkeep
|turn|13
|
|t:|1742093288
|switch|p2a: Squishy|Jellicent, F|94/100 tox
|-damage|p2a: Squishy|82/100 tox|[from] Stealth Rock
|-damage|p2a: Squishy|69/100 tox|[from] Spikes
|move|p1a: Keldeo|Secret Sword|p2a: Squishy
|-immune|p2a: Squishy
|
|-weather|Sandstorm|[upkeep]
|-damage|p2a: Squishy|63/100 tox|[from] Sandstorm
|-damage|p1a: Keldeo|70/100 par|[from] Sandstorm
|-heal|p2a: Squishy|69/100 tox|[from] item: Leftovers
|-damage|p2a: Squishy|63/100 tox|[from] psn
|upkeep
|turn|14
|
|t:|1742093294
|move|p2a: Squishy|Recover|p2a: Squishy
|-heal|p2a: Squishy|100/100 tox
|move|p1a: Keldeo|Hidden Power|p2a: Squishy
|-supereffective|p2a: Squishy
|-damage|p2a: Squishy|62/100 tox
|
|-weather|Sandstorm|[upkeep]
|-damage|p2a: Squishy|56/100 tox|[from] Sandstorm
|-damage|p1a: Keldeo|63/100 par|[from] Sandstorm
|-heal|p2a: Squishy|62/100 tox|[from] item: Leftovers
|-damage|p2a: Squishy|49/100 tox|[from] psn
|upkeep
|turn|15
|
|t:|1742093316
|switch|p2a: Skarm|Skarmory, M|100/100
|-damage|p2a: Skarm|88/100|[from] Stealth Rock
|cant|p1a: Keldeo|par
|
|-weather|Sandstorm|[upkeep]
|-damage|p1a: Keldeo|57/100 par|[from] Sandstorm
|upkeep
|turn|16
|
|t:|1742093323
|switch|p1a: Politoed|Politoed, F|88/100 brn
|-weather|RainDance|[from] ability: Drizzle|[of] p1a: Politoed
|move|p2a: Skarm|Spikes|p1a: Politoed
|-sidestart|p1: EG Jhonx|Spikes
|
|-weather|RainDance|[upkeep]
|-heal|p1a: Politoed|94/100 brn|[from] item: Leftovers
|-damage|p1a: Politoed|82/100 brn|[from] brn
|upkeep
|turn|17
|inactive|CringLord! has 120 seconds left.
|
|t:|1742093357
|switch|p2a: TTar|Tyranitar, F|25/100
|-damage|p2a: TTar|13/100|[from] Stealth Rock
|-damage|p2a: TTar|0 fnt|[from] Spikes
|faint|p2a: TTar
|switch|p1a: Tyranitar|Tyranitar, M|100/100
|-damage|p1a: Tyranitar|88/100|[from] Spikes
|-weather|Sandstorm|[from] ability: Sand Stream|[of] p1a: Tyranitar
|
|-weather|Sandstorm|[upkeep]
|upkeep
|
|t:|1742093361
|switch|p2a: Glisc|Gliscor, F|100/100 tox
|-damage|p2a: Glisc|88/100 tox|[from] Stealth Rock
|turn|18
|
|t:|1742093367
|move|p1a: Tyranitar|Ice Punch|p2a: Glisc
|-supereffective|p2a: Glisc
|-damage|p2a: Glisc|11/100 tox
|move|p2a: Glisc|U-turn|p1a: Tyranitar
|-supereffective|p1a: Tyranitar
|-damage|p1a: Tyranitar|57/100
|
|t:|1742093372
|switch|p2a: Skarm|Skarmory, M|88/100|[from] U-turn
|-damage|p2a: Skarm|76/100|[from] Stealth Rock
|
|-weather|Sandstorm|[upkeep]
|upkeep
|turn|19
|
|t:|1742093380
|switch|p1a: Politoed|Politoed, F|82/100 brn
|-damage|p1a: Politoed|70/100 brn|[from] Spikes
|-weather|RainDance|[from] ability: Drizzle|[of] p1a: Politoed
|move|p2a: Skarm|Spikes|p1a: Politoed
|-sidestart|p1: EG Jhonx|Spikes
|
|-weather|RainDance|[upkeep]
|-heal|p1a: Politoed|76/100 brn|[from] item: Leftovers
|-damage|p1a: Politoed|63/100 brn|[from] brn
|upkeep
|turn|20
|
|t:|1742093394
|switch|p1a: Keldeo|Keldeo|57/100 par
|-damage|p1a: Keldeo|41/100 par|[from] Spikes
|move|p2a: Skarm|Spikes|p1a: Keldeo
|-sidestart|p1: EG Jhonx|Spikes
|
|-weather|RainDance|[upkeep]
|upkeep
|turn|21
|
|t:|1742093397
|move|p2a: Skarm|Drill Peck|p1a: Keldeo
|-supereffective|p1a: Keldeo
|-damage|p1a: Keldeo|0 fnt
|faint|p1a: Keldeo
|
|-weather|RainDance|[upkeep]
|upkeep
|
|t:|1742093405
|switch|p1a: Starmie|Starmie|100/100
|-damage|p1a: Starmie|76/100|[from] Spikes
|turn|22
|
|t:|1742093413
|switch|p2a: Squishy|Jellicent, F|49/100 tox
|-damage|p2a: Squishy|37/100 tox|[from] Stealth Rock
|-damage|p2a: Squishy|25/100 tox|[from] Spikes
|move|p1a: Starmie|Thunder|p2a: Squishy
|-supereffective|p2a: Squishy
|-crit|p2a: Squishy
|-damage|p2a: Squishy|0 fnt
|faint|p2a: Squishy
|
|-weather|RainDance|[upkeep]
|upkeep
|
|t:|1742093419
|switch|p2a: Zam|Alakazam, F|100/100
|turn|23
|
|t:|1742093432
|move|p2a: Zam|Signal Beam|p1a: Starmie
|-supereffective|p1a: Starmie
|-damage|p1a: Starmie|0 fnt
|faint|p1a: Starmie
|
|-weather|RainDance|[upkeep]
|upkeep
|inactive|EG Jhonx has 120 seconds left.
|
|t:|1742093461
|switch|p1a: Tyranitar|Tyranitar, M|57/100
|-damage|p1a: Tyranitar|32/100|[from] Spikes
|-weather|Sandstorm|[from] ability: Sand Stream|[of] p1a: Tyranitar
|turn|24
|
|t:|1742093471
|move|p2a: Zam|Focus Blast|p1a: Tyranitar|[miss]
|-miss|p2a: Zam|p1a: Tyranitar
|move|p1a: Tyranitar|Pursuit|p2a: Zam
|-supereffective|p2a: Zam
|-enditem|p2a: Zam|Focus Sash
|-damage|p2a: Zam|1/100
|
|-weather|Sandstorm|[upkeep]
|upkeep
|turn|25
|
|t:|1742093481
|move|p2a: Zam|Focus Blast|p1a: Tyranitar
|-supereffective|p1a: Tyranitar
|-damage|p1a: Tyranitar|0 fnt
|faint|p1a: Tyranitar
|
|-weather|Sandstorm|[upkeep]
|upkeep
|c|☆EG Jhonx|sry
|
|t:|1742093490
|switch|p1a: Politoed|Politoed, F|63/100 brn
|-damage|p1a: Politoed|39/100 brn|[from] Spikes
|-weather|RainDance|[from] ability: Drizzle|[of] p1a: Politoed
|turn|26
|
|t:|1742093510
|switch|p2a: Glisc|Gliscor, F|11/100 tox
|-damage|p2a: Glisc|0 fnt|[from] Stealth Rock
|faint|p2a: Glisc
|move|p1a: Politoed|Scald|p2: Glisc|[notarget]
|-fail|p1a: Politoed
|
|-weather|RainDance|[upkeep]
|-heal|p1a: Politoed|45/100 brn|[from] item: Leftovers
|-damage|p1a: Politoed|32/100 brn|[from] brn
|upkeep
|
|t:|1742093519
|switch|p2a: Lati|Latios, M|15/100
|-damage|p2a: Lati|2/100|[from] Stealth Rock
|turn|27
|
|t:|1742093534
|move|p2a: Lati|Surf|p1a: Politoed
|-resisted|p1a: Politoed
|-damage|p1a: Politoed|3/100 brn
|move|p1a: Politoed|Scald|p2a: Lati
|-resisted|p2a: Lati
|-crit|p2a: Lati
|-damage|p2a: Lati|0 fnt
|faint|p2a: Lati
|
|-weather|RainDance|[upkeep]
|-heal|p1a: Politoed|9/100 brn|[from] item: Leftovers
|-damage|p1a: Politoed|0 fnt|[from] brn
|faint|p1a: Politoed
|upkeep
|
|t:|1742093546
|switch|p2a: Zam|Alakazam, F|1/100
|switch|p1a: Excadrill|Excadrill, F|100/100
|-item|p1a: Excadrill|Air Balloon
|turn|28
|
|t:|1742093571
|move|p2a: Zam|Focus Blast|p1a: Excadrill
|-supereffective|p1a: Excadrill
|-damage|p1a: Excadrill|0 fnt
|-enditem|p1a: Excadrill|Air Balloon
|faint|p1a: Excadrill
|
|win|CringLord!
|raw|EG Jhonx's rating: 1451 &rarr; <strong>1438</strong><br />(-13 for losing)
|raw|CringLord!'s rating: 1581 &rarr; <strong>1594</strong><br />(+13 for winning)
|c|☆CringLord!|ggs
