|html|<div class="broadcast-blue"><strong>[Gen 5] OU is currently suspecting Volcarona & Cloyster! For information on how to participate check out the <a href="https://www.smogon.com/forums/threads/re-cloyster-volcarona-in-bw-ou-survey-post-29.3731863/page-2#post-9904362">suspect thread</a>.</strong></div>
|j|☆BWVC Blaise2
|j|☆BWVC broken
|t:|1704401799
|gametype|singles
|player|p1|BWVC Blaise2|n|1424
|player|p2|BWVC broken|red-gen1main|1307
|teamsize|p1|6
|teamsize|p2|6
|gen|5
|tier|[Gen 5] OU
|rated|
|rule|Species Clause: Limit one of each Pokémon
|rule|OHKO Clause: OHKO moves are banned
|rule|Moody Clause: Moody is banned
|rule|Evasion Items Clause: Evasion items are banned
|rule|Evasion Moves Clause: Evasion moves are banned
|rule|Endless Battle Clause: Forcing endless battles is banned
|rule|HP Percentage Mod: HP is shown in percentages
|rule|Evasion Abilities Clause: Evasion abilities are banned
|rule|Sleep Moves Clause: Sleep-inducing moves are banned
|rule|Swagger Clause: Swagger is banned
|rule|Baton Pass Stat Clause: No Baton Passer may have a way to boost its stats
|clearpoke
|poke|p1|Garchomp, F|item
|poke|p1|Slowbro, M|item
|poke|p1|Blissey, F|item
|poke|p1|Scizor, M|item
|poke|p1|Breloom, M|item
|poke|p1|Landorus-Therian, M|item
|poke|p2|Rotom-Wash|item
|poke|p2|Landorus-Therian, M|item
|poke|p2|Jirachi|item
|poke|p2|Tyranitar, F|item
|poke|p2|Latios, M|item
|poke|p2|Garchomp, F|item
|teampreview
|inactive|Battle timer is ON: inactive players will automatically lose when time's up. (requested by BWVC broken)
|inactive|BWVC broken has 120 seconds left.
|
|t:|1704401857
|start
|switch|p1a: Ali|Breloom, M, shiny|100/100
|switch|p2a: Tyranitar|Tyranitar, F|100/100
|-weather|Sandstorm|[from] ability: Sand Stream|[of] p2a: Tyranitar
|turn|1
|
|t:|1704401862
|switch|p2a: Landorus|Landorus-Therian, M|100/100
|-ability|p2a: Landorus|Intimidate|boost
|-unboost|p1a: Ali|atk|1
|move|p1a: Ali|Superpower|p2a: Landorus
|-resisted|p2a: Landorus
|-damage|p2a: Landorus|72/100
|-unboost|p1a: Ali|atk|1
|-unboost|p1a: Ali|def|1
|-damage|p1a: Ali|91/100|[from] item: Life Orb
|
|-weather|Sandstorm|[upkeep]
|-damage|p1a: Ali|84/100|[from] Sandstorm
|upkeep
|turn|2
|
|t:|1704401873
|switch|p1a: Cynthia|Garchomp, F, shiny|100/100
|move|p2a: Landorus|U-turn|p1a: Cynthia
|-damage|p1a: Cynthia|74/100
|-damage|p2a: Landorus|59/100|[from] ability: Rough Skin|[of] p1a: Cynthia
|inactive|BWVC broken has 120 seconds left.
|
|t:|1704401914
|switch|p2a: Latios|Latios, M|100/100|[from] U-turn
|
|-weather|Sandstorm|[upkeep]
|-damage|p2a: Latios|95/100|[from] Sandstorm
|upkeep
|turn|3
|
|t:|1704401917
|switch|p1a: Charlotte|Blissey, F, shiny|100/100
|move|p2a: Latios|Draco Meteor|p1a: Charlotte
|-damage|p1a: Charlotte|65/100
|-unboost|p2a: Latios|spa|2
|
|-weather|Sandstorm|[upkeep]
|-damage|p2a: Latios|89/100|[from] Sandstorm
|-damage|p1a: Charlotte|58/100|[from] Sandstorm
|-heal|p1a: Charlotte|65/100|[from] item: Leftovers
|upkeep
|turn|4
|inactive|BWVC broken has 120 seconds left.
|
|t:|1704401940
|switch|p2a: Garchomp|Garchomp, F|100/100
|move|p1a: Charlotte|Wish|p1a: Charlotte
|
|-weather|Sandstorm|[upkeep]
|-damage|p1a: Charlotte|58/100|[from] Sandstorm
|-heal|p1a: Charlotte|65/100|[from] item: Leftovers
|upkeep
|turn|5
|
|t:|1704401949
|switch|p1a: Landorus|Landorus-Therian, M|100/100
|-ability|p1a: Landorus|Intimidate|boost
|-unboost|p2a: Garchomp|atk|1
|move|p2a: Garchomp|Stealth Rock|p1a: Landorus
|-sidestart|p1: BWVC Blaise2|move: Stealth Rock
|
|-weather|Sandstorm|[upkeep]
|upkeep
|turn|6
|
|t:|1704401966
|move|p1a: Landorus|U-turn|p2a: Garchomp
|-crit|p2a: Garchomp
|-damage|p2a: Garchomp|43/100
|-damage|p1a: Landorus|88/100|[from] ability: Rough Skin|[of] p2a: Garchomp
|
|t:|1704401973
|switch|p1a: Bro|Slowbro, M|100/100|[from] U-turn
|-damage|p1a: Bro|88/100|[from] Stealth Rock
|move|p2a: Garchomp|Draco Meteor|p1a: Bro
|-damage|p1a: Bro|11/100
|-unboost|p2a: Garchomp|spa|2
|-damage|p2a: Garchomp|33/100|[from] item: Life Orb
|
|-weather|Sandstorm|[upkeep]
|-damage|p1a: Bro|5/100|[from] Sandstorm
|upkeep
|turn|7
|
|t:|1704401985
|switch|p1a: Antz|Scizor, M|100/100
|-damage|p1a: Antz|88/100|[from] Stealth Rock
|move|p2a: Garchomp|Draco Meteor|p1a: Antz
|-resisted|p1a: Antz
|-damage|p1a: Antz|61/100
|-unboost|p2a: Garchomp|spa|2
|-damage|p2a: Garchomp|23/100|[from] item: Life Orb
|
|-weather|Sandstorm|[upkeep]
|upkeep
|turn|8
|
|t:|1704401991
|move|p1a: Antz|Bullet Punch|p2a: Garchomp
|-damage|p2a: Garchomp|0 fnt
|-damage|p1a: Antz|48/100|[from] ability: Rough Skin|[of] p2a: Garchomp
|faint|p2a: Garchomp
|-damage|p1a: Antz|38/100|[from] item: Life Orb
|
|-weather|Sandstorm|[upkeep]
|upkeep
|
|t:|1704401999
|switch|p2a: Landorus|Landorus-Therian, M|59/100
|-ability|p2a: Landorus|Intimidate|boost
|-unboost|p1a: Antz|atk|1
|turn|9
|
|t:|1704402007
|switch|p1a: Landorus|Landorus-Therian, M|88/100
|-damage|p1a: Landorus|76/100|[from] Stealth Rock
|-ability|p1a: Landorus|Intimidate|boost
|-unboost|p2a: Landorus|atk|1
|move|p2a: Landorus|Hidden Power|p1a: Landorus
|-supereffective|p1a: Landorus
|-damage|p1a: Landorus|0 fnt
|faint|p1a: Landorus
|
|-weather|Sandstorm|[upkeep]
|upkeep
|
|t:|1704402017
|switch|p1a: Bro|Slowbro, M|38/100
|-damage|p1a: Bro|26/100|[from] Stealth Rock
|turn|10
|
|t:|1704402026
|switch|p2a: Rotom|Rotom-Wash|100/100
|switch|p1a: Charlotte|Blissey, F, shiny|65/100
|-damage|p1a: Charlotte|52/100|[from] Stealth Rock
|
|-weather|Sandstorm|[upkeep]
|-damage|p2a: Rotom|95/100|[from] Sandstorm
|-damage|p1a: Charlotte|46/100|[from] Sandstorm
|-heal|p2a: Rotom|100/100|[from] item: Leftovers
|-heal|p1a: Charlotte|52/100|[from] item: Leftovers
|upkeep
|turn|11
|
|t:|1704402033
|move|p2a: Rotom|Volt Switch|p1a: Charlotte
|-damage|p1a: Charlotte|41/100
|
|t:|1704402041
|switch|p2a: Landorus|Landorus-Therian, M|59/100|[from] Volt Switch
|-ability|p2a: Landorus|Intimidate|boost
|-unboost|p1a: Charlotte|atk|1
|move|p1a: Charlotte|Wish|p1a: Charlotte
|
|-weather|Sandstorm|[upkeep]
|-damage|p1a: Charlotte|35/100|[from] Sandstorm
|-heal|p1a: Charlotte|41/100|[from] item: Leftovers
|upkeep
|turn|12
|
|t:|1704402049
|move|p1a: Charlotte|Protect|p1a: Charlotte
|-singleturn|p1a: Charlotte|Protect
|move|p2a: Landorus|Superpower|p1a: Charlotte
|-activate|p1a: Charlotte|move: Protect
|
|-weather|Sandstorm|[upkeep]
|-damage|p1a: Charlotte|35/100|[from] Sandstorm
|-heal|p1a: Charlotte|85/100|[from] move: Wish|[wisher] Charlotte
|-heal|p1a: Charlotte|91/100|[from] item: Leftovers
|upkeep
|turn|13
|
|t:|1704402057
|switch|p1a: Bro|Slowbro, M|59/100
|-damage|p1a: Bro|46/100|[from] Stealth Rock
|move|p2a: Landorus|Superpower|p1a: Bro
|-resisted|p1a: Bro
|-damage|p1a: Bro|35/100
|-unboost|p2a: Landorus|atk|1
|-unboost|p2a: Landorus|def|1
|-damage|p2a: Landorus|43/100|[from] item: Rocky Helmet|[of] p1a: Bro
|
|-weather|Sandstorm|[upkeep]
|-damage|p1a: Bro|28/100|[from] Sandstorm
|upkeep
|turn|14
|
|t:|1704402069
|switch|p2a: Rotom|Rotom-Wash|100/100
|move|p1a: Bro|Slack Off|p1a: Bro
|-heal|p1a: Bro|78/100
|
|-weather|Sandstorm|[upkeep]
|-damage|p2a: Rotom|95/100|[from] Sandstorm
|-damage|p1a: Bro|72/100|[from] Sandstorm
|-heal|p2a: Rotom|100/100|[from] item: Leftovers
|upkeep
|turn|15
|
|t:|1704402075
|switch|p2a: Landorus|Landorus-Therian, M|43/100
|-ability|p2a: Landorus|Intimidate|boost
|-unboost|p1a: Bro|atk|1
|switch|p1a: Charlotte|Blissey, F, shiny|91/100
|-damage|p1a: Charlotte|79/100|[from] Stealth Rock
|
|-weather|Sandstorm|[upkeep]
|-damage|p1a: Charlotte|73/100|[from] Sandstorm
|-heal|p1a: Charlotte|79/100|[from] item: Leftovers
|upkeep
|turn|16
|
|t:|1704402079
|move|p1a: Charlotte|Protect|p1a: Charlotte
|-singleturn|p1a: Charlotte|Protect
|move|p2a: Landorus|U-turn|p1a: Charlotte
|-activate|p1a: Charlotte|move: Protect
|
|-weather|Sandstorm|[upkeep]
|-damage|p1a: Charlotte|73/100|[from] Sandstorm
|-heal|p1a: Charlotte|79/100|[from] item: Leftovers
|upkeep
|turn|17
|
|t:|1704402084
|switch|p1a: Bro|Slowbro, M|100/100
|-damage|p1a: Bro|88/100|[from] Stealth Rock
|move|p2a: Landorus|U-turn|p1a: Bro
|-supereffective|p1a: Bro
|-damage|p1a: Bro|57/100
|-damage|p2a: Landorus|26/100|[from] item: Rocky Helmet|[of] p1a: Bro
|
|t:|1704402100
|switch|p2a: Tyranitar|Tyranitar, F|100/100|[from] U-turn
|
|-weather|Sandstorm|[upkeep]
|-damage|p1a: Bro|51/100|[from] Sandstorm
|upkeep
|turn|18
|
|t:|1704402109
|switch|p1a: Ali|Breloom, M, shiny|84/100
|-damage|p1a: Ali|78/100|[from] Stealth Rock
|move|p2a: Tyranitar|Crunch|p1a: Ali
|-resisted|p1a: Ali
|-damage|p1a: Ali|48/100
|
|-weather|Sandstorm|[upkeep]
|-damage|p1a: Ali|42/100|[from] Sandstorm
|upkeep
|turn|19
|
|t:|1704402120
|switch|p2a: Landorus|Landorus-Therian, M|26/100
|-ability|p2a: Landorus|Intimidate|boost
|-unboost|p1a: Ali|atk|1
|move|p1a: Ali|Superpower|p2a: Landorus
|-resisted|p2a: Landorus
|-damage|p2a: Landorus|0 fnt
|-unboost|p1a: Ali|atk|1
|-unboost|p1a: Ali|def|1
|faint|p2a: Landorus
|-damage|p1a: Ali|32/100|[from] item: Life Orb
|
|-weather|Sandstorm|[upkeep]
|-damage|p1a: Ali|26/100|[from] Sandstorm
|upkeep
|
|t:|1704402129
|switch|p2a: Tyranitar|Tyranitar, F|100/100
|turn|20
|
|t:|1704402136
|move|p1a: Ali|Superpower|p2a: Tyranitar
|-supereffective|p2a: Tyranitar
|-enditem|p2a: Tyranitar|Chople Berry|[eat]
|-enditem|p2a: Tyranitar|Chople Berry|[weaken]
|-damage|p2a: Tyranitar|31/100
|-unboost|p1a: Ali|atk|1
|-unboost|p1a: Ali|def|1
|-damage|p1a: Ali|16/100|[from] item: Life Orb
|move|p2a: Tyranitar|Pursuit|p1a: Ali
|-resisted|p1a: Ali
|-damage|p1a: Ali|0 fnt
|faint|p1a: Ali
|
|-weather|Sandstorm|[upkeep]
|upkeep
|
|t:|1704402165
|switch|p1a: Cynthia|Garchomp, F, shiny|74/100
|-damage|p1a: Cynthia|68/100|[from] Stealth Rock
|turn|21
|
|t:|1704402174
|switch|p2a: Latios|Latios, M|89/100
|move|p1a: Cynthia|Draco Meteor|p2a: Latios|[miss]
|-miss|p1a: Cynthia|p2a: Latios
|
|-weather|Sandstorm|[upkeep]
|-damage|p2a: Latios|83/100|[from] Sandstorm
|upkeep
|turn|22
|c|☆BWVC broken|death
|
|t:|1704402189
|switch|p1a: Charlotte|Blissey, F, shiny|79/100
|-damage|p1a: Charlotte|67/100|[from] Stealth Rock
|move|p2a: Latios|Trick|p1a: Charlotte
|-activate|p2a: Latios|move: Trick|[of] p1a: Charlotte
|-item|p1a: Charlotte|Choice Specs|[from] move: Trick
|-item|p2a: Latios|Leftovers|[from] move: Trick
|
|-weather|Sandstorm|[upkeep]
|-damage|p2a: Latios|77/100|[from] Sandstorm
|-damage|p1a: Charlotte|60/100|[from] Sandstorm
|-heal|p2a: Latios|83/100|[from] item: Leftovers
|upkeep
|turn|23
|
|t:|1704402204
|switch|p2a: Jirachi|Jirachi|100/100
|move|p1a: Charlotte|Wish|p1a: Charlotte
|
|-weather|Sandstorm|[upkeep]
|-damage|p1a: Charlotte|54/100|[from] Sandstorm
|upkeep
|turn|24
|
|t:|1704402215
|switch|p1a: Bro|Slowbro, M|84/100
|-damage|p1a: Bro|72/100|[from] Stealth Rock
|move|p2a: Jirachi|Thunder|p1a: Bro
|-supereffective|p1a: Bro
|-damage|p1a: Bro|0 fnt
|faint|p1a: Bro
|
|-weather|Sandstorm|[upkeep]
|upkeep
|
|t:|1704402224
|switch|p1a: Cynthia|Garchomp, F, shiny|68/100
|-damage|p1a: Cynthia|62/100|[from] Stealth Rock
|turn|25
|
|t:|1704402235
|move|p1a: Cynthia|Draco Meteor|p2a: Jirachi
|-resisted|p2a: Jirachi
|-crit|p2a: Jirachi
|-damage|p2a: Jirachi|44/100
|-unboost|p1a: Cynthia|spa|2
|move|p2a: Jirachi|Ice Punch|p1a: Cynthia
|-supereffective|p1a: Cynthia
|-damage|p1a: Cynthia|0 fnt
|-damage|p2a: Jirachi|31/100|[from] ability: Rough Skin|[of] p1a: Cynthia
|faint|p1a: Cynthia
|
|-weather|Sandstorm|[upkeep]
|upkeep
|-message|BWVC Blaise2 forfeited.
|
|win|BWVC broken
|raw|BWVC Blaise2's rating: 1424 &rarr; <strong>1398</strong><br />(-26 for losing)
|raw|BWVC broken's rating: 1307 &rarr; <strong>1333</strong><br />(+26 for winning)
|l|☆BWVC Blaise2
|c|☆BWVC broken|gg
