|j|☆Oh gxtgcds
|j|☆PSiLilliann
|t:|1745074906
|gametype|singles
|player|p1|Oh gxtgcds|266|1377
|player|p2|PSiLilliann|may-contest|1387
|teamsize|p1|6
|teamsize|p2|6
|gen|5
|tier|[Gen 5] OU
|rated|
|rule|Species Clause: Limit one of each Pokémon
|rule|OHKO Clause: OHKO moves are banned
|rule|Moody Clause: Moody is banned
|rule|Evasion Items Clause: Evasion items are banned
|rule|Evasion Moves Clause: Evasion moves are banned
|rule|Endless Battle Clause: Forcing endless battles is banned
|rule|HP Percentage Mod: HP is shown in percentages
|rule|Evasion Abilities Clause: Evasion abilities are banned
|rule|Sleep Moves Clause: Sleep-inducing moves are banned
|rule|Swagger Clause: Swagger is banned
|rule|Baton Pass Stat Clause: No Baton Passer may have a way to boost its stats
|clearpoke
|poke|p1|Kyurem-Black|item
|poke|p1|Latios, M|item
|poke|p1|Politoed, M|item
|poke|p1|Ferrothorn, M|item
|poke|p1|Keldeo|item
|poke|p1|Landorus-Therian, M|item
|poke|p2|Abomasnow, F|item
|poke|p2|Garchomp, M|item
|poke|p2|Dragonite, M|item
|poke|p2|Jirachi|item
|poke|p2|Starmie|item
|poke|p2|Kyurem-Black|item
|teampreview
|inactive|Battle timer is ON: inactive players will automatically lose when time's up. (requested by Oh gxtgcds)
|c|☆Oh gxtgcds|Hf
|c|☆PSiLilliann|u too!
|
|t:|1745074925
|start
|switch|p1a: Kyurem|Kyurem-Black, shiny|100/100
|switch|p2a: Jirachi|Jirachi|100/100
|-ability|p1a: Kyurem|Teravolt
|turn|1
|
|t:|1745074934
|switch|p1a: Landorus|Landorus-Therian, M|100/100
|-ability|p1a: Landorus|Intimidate|boost
|-unboost|p2a: Jirachi|atk|1
|move|p2a: Jirachi|U-turn|p1a: Landorus
|-resisted|p1a: Landorus
|-damage|p1a: Landorus|94/100
|
|t:|1745074940
|switch|p2a: Abomasnow|Abomasnow, F, shiny|100/100|[from] U-turn
|-weather|Hail|[from] ability: Snow Warning|[of] p2a: Abomasnow
|
|-weather|Hail|[upkeep]
|-damage|p1a: Landorus|88/100|[from] Hail
|-heal|p1a: Landorus|94/100|[from] item: Leftovers
|upkeep
|turn|2
|
|t:|1745074968
|switch|p1a: Politoed|Politoed, M, shiny|100/100
|-weather|RainDance|[from] ability: Drizzle|[of] p1a: Politoed
|move|p2a: Abomasnow|Blizzard|p1a: Politoed
|-resisted|p1a: Politoed
|-damage|p1a: Politoed|76/100
|
|-weather|RainDance|[upkeep]
|-heal|p1a: Politoed|83/100|[from] item: Leftovers
|upkeep
|turn|3
|
|t:|1745074990
|switch|p2a: Kyurem|Kyurem-Black, shiny|100/100
|-ability|p2a: Kyurem|Teravolt
|switch|p1a: Ferrothorn|Ferrothorn, M|100/100
|
|-weather|RainDance|[upkeep]
|upkeep
|turn|4
|
|t:|1745074996
|switch|p2a: Abomasnow|Abomasnow, F, shiny|100/100
|-weather|Hail|[from] ability: Snow Warning|[of] p2a: Abomasnow
|move|p1a: Ferrothorn|Gyro Ball|p2a: Abomasnow
|-supereffective|p2a: Abomasnow
|-enditem|p2a: Abomasnow|Focus Sash
|-damage|p2a: Abomasnow|1/100
|
|-weather|Hail|[upkeep]
|-damage|p1a: Ferrothorn|94/100|[from] Hail
|-heal|p1a: Ferrothorn|100/100|[from] item: Leftovers
|upkeep
|turn|5
|
|t:|1745075006
|switch|p1a: Politoed|Politoed, M, shiny|83/100
|-weather|RainDance|[from] ability: Drizzle|[of] p1a: Politoed
|move|p2a: Abomasnow|Hidden Power|p1a: Politoed
|-resisted|p1a: Politoed
|-damage|p1a: Politoed|78/100
|
|-weather|RainDance|[upkeep]
|-heal|p1a: Politoed|84/100|[from] item: Leftovers
|upkeep
|turn|6
|
|t:|1745075017
|switch|p2a: Jirachi|Jirachi|100/100
|switch|p1a: Kyurem|Kyurem-Black, shiny|100/100
|-ability|p1a: Kyurem|Teravolt
|
|-weather|RainDance|[upkeep]
|upkeep
|turn|7
|
|t:|1745075021
|switch|p1a: Landorus|Landorus-Therian, M|94/100
|-ability|p1a: Landorus|Intimidate|boost
|-unboost|p2a: Jirachi|atk|1
|move|p2a: Jirachi|Ice Punch|p1a: Landorus
|-supereffective|p1a: Landorus
|-damage|p1a: Landorus|44/100
|
|-weather|RainDance|[upkeep]
|-heal|p1a: Landorus|50/100|[from] item: Leftovers
|upkeep
|turn|8
|
|t:|1745075033
|switch|p2a: Abomasnow|Abomasnow, F, shiny|1/100
|-weather|Hail|[from] ability: Snow Warning|[of] p2a: Abomasnow
|switch|p1a: Keldeo|Keldeo|100/100
|
|-weather|Hail|[upkeep]
|-damage|p1a: Keldeo|94/100|[from] Hail
|-heal|p1a: Keldeo|100/100|[from] item: Leftovers
|upkeep
|turn|9
|
|t:|1745075053
|switch|p2a: Starmie|Starmie|100/100
|-item|p2a: Starmie|Air Balloon
|move|p1a: Keldeo|Hidden Power|p2a: Starmie
|-supereffective|p2a: Starmie
|-damage|p2a: Starmie|32/100
|-enditem|p2a: Starmie|Air Balloon
|
|-weather|Hail|[upkeep]
|-damage|p2a: Starmie|26/100|[from] Hail
|-damage|p1a: Keldeo|94/100|[from] Hail
|-heal|p1a: Keldeo|100/100|[from] item: Leftovers
|upkeep
|turn|10
|
|t:|1745075071
|switch|p1a: Ferrothorn|Ferrothorn, M|100/100
|move|p2a: Starmie|Thunderbolt|p1a: Ferrothorn
|-resisted|p1a: Ferrothorn
|-damage|p1a: Ferrothorn|88/100
|
|-weather|Hail|[upkeep]
|-damage|p2a: Starmie|20/100|[from] Hail
|-damage|p1a: Ferrothorn|82/100|[from] Hail
|-heal|p1a: Ferrothorn|88/100|[from] item: Leftovers
|upkeep
|turn|11
|
|t:|1745075099
|move|p2a: Starmie|Hidden Power|p1a: Ferrothorn
|-supereffective|p1a: Ferrothorn
|-damage|p1a: Ferrothorn|34/100
|move|p1a: Ferrothorn|Spikes|p2a: Starmie
|-sidestart|p2: PSiLilliann|Spikes
|
|-weather|Hail|[upkeep]
|-damage|p2a: Starmie|14/100|[from] Hail
|-damage|p1a: Ferrothorn|27/100|[from] Hail
|-heal|p1a: Ferrothorn|34/100|[from] item: Leftovers
|upkeep
|turn|12
|
|t:|1745075108
|switch|p1a: Kyurem|Kyurem-Black, shiny|100/100
|-ability|p1a: Kyurem|Teravolt
|move|p2a: Starmie|Hidden Power|p1a: Kyurem
|-damage|p1a: Kyurem|74/100
|
|-weather|Hail|[upkeep]
|-damage|p2a: Starmie|8/100|[from] Hail
|upkeep
|turn|13
|
|t:|1745075111
|switch|p1a: Ferrothorn|Ferrothorn, M|34/100
|move|p2a: Starmie|Rapid Spin|p1a: Ferrothorn
|-resisted|p1a: Ferrothorn
|-damage|p1a: Ferrothorn|32/100
|-damage|p2a: Starmie|0 fnt|[from] ability: Iron Barbs|[of] p1a: Ferrothorn
|faint|p2a: Starmie
|
|-weather|Hail|[upkeep]
|-damage|p1a: Ferrothorn|26/100|[from] Hail
|-heal|p1a: Ferrothorn|32/100|[from] item: Leftovers
|upkeep
|
|t:|1745075126
|switch|p2a: Dragonite|Dragonite, M|100/100
|turn|14
|
|t:|1745075136
|move|p2a: Dragonite|Dragon Dance|p2a: Dragonite
|-boost|p2a: Dragonite|atk|1
|-boost|p2a: Dragonite|spe|1
|move|p1a: Ferrothorn|Leech Seed|p2a: Dragonite
|-start|p2a: Dragonite|move: Leech Seed
|
|-weather|Hail|[upkeep]
|-damage|p2a: Dragonite|94/100|[from] Hail
|-damage|p1a: Ferrothorn|26/100|[from] Hail
|-heal|p2a: Dragonite|100/100|[from] item: Leftovers
|-heal|p1a: Ferrothorn|32/100|[from] item: Leftovers
|-damage|p2a: Dragonite|88/100|[from] Leech Seed|[of] p1a: Ferrothorn
|-heal|p1a: Ferrothorn|44/100|[silent]
|upkeep
|turn|15
|
|t:|1745075145
|switch|p1a: Landorus|Landorus-Therian, M|50/100
|-ability|p1a: Landorus|Intimidate|boost
|-unboost|p2a: Dragonite|atk|1
|move|p2a: Dragonite|Fire Punch|p1a: Landorus
|-damage|p1a: Landorus|20/100
|
|-weather|Hail|[upkeep]
|-damage|p2a: Dragonite|82/100|[from] Hail
|-damage|p1a: Landorus|14/100|[from] Hail
|-heal|p2a: Dragonite|88/100|[from] item: Leftovers
|-heal|p1a: Landorus|20/100|[from] item: Leftovers
|-damage|p2a: Dragonite|76/100|[from] Leech Seed|[of] p1a: Landorus
|-heal|p1a: Landorus|31/100|[silent]
|upkeep
|turn|16
|inactive|Oh gxtgcds has 120 seconds left.
|
|t:|1745075182
|switch|p1a: Ferrothorn|Ferrothorn, M|44/100
|move|p2a: Dragonite|Outrage|p1a: Ferrothorn
|-resisted|p1a: Ferrothorn
|-damage|p1a: Ferrothorn|17/100
|-damage|p2a: Dragonite|63/100|[from] ability: Iron Barbs|[of] p1a: Ferrothorn
|
|-weather|Hail|[upkeep]
|-damage|p2a: Dragonite|57/100|[from] Hail
|-damage|p1a: Ferrothorn|11/100|[from] Hail
|-heal|p2a: Dragonite|63/100|[from] item: Leftovers
|-heal|p1a: Ferrothorn|17/100|[from] item: Leftovers
|-damage|p2a: Dragonite|51/100|[from] Leech Seed|[of] p1a: Ferrothorn
|-heal|p1a: Ferrothorn|29/100|[silent]
|upkeep
|turn|17
|
|t:|1745075187
|move|p2a: Dragonite|Outrage|p1a: Ferrothorn|[from] lockedmove
|-resisted|p1a: Ferrothorn
|-damage|p1a: Ferrothorn|4/100
|-damage|p2a: Dragonite|39/100|[from] ability: Iron Barbs|[of] p1a: Ferrothorn
|move|p1a: Ferrothorn|Gyro Ball|p2a: Dragonite
|-damage|p2a: Dragonite|0 fnt
|faint|p2a: Dragonite
|
|-weather|Hail|[upkeep]
|-damage|p1a: Ferrothorn|0 fnt|[from] Hail
|faint|p1a: Ferrothorn
|upkeep
|
|t:|1745075210
|switch|p2a: Garchomp|Garchomp, M|100/100
|switch|p1a: Politoed|Politoed, M, shiny|84/100
|-damage|p2a: Garchomp|88/100|[from] Spikes
|-weather|RainDance|[from] ability: Drizzle|[of] p1a: Politoed
|turn|18
|inactive|PSiLilliann has 120 seconds left.
|inactive|Oh gxtgcds has 120 seconds left.
|
|t:|1745075247
|switch|p2a: Kyurem|Kyurem-Black, shiny|100/100
|-damage|p2a: Kyurem|88/100|[from] Spikes
|-ability|p2a: Kyurem|Teravolt
|move|p1a: Politoed|Ice Beam|p2a: Kyurem
|-damage|p2a: Kyurem|69/100
|
|-weather|RainDance|[upkeep]
|-heal|p1a: Politoed|90/100|[from] item: Leftovers
|upkeep
|turn|19
|inactive|Oh gxtgcds has 90 seconds left.
|
|t:|1745075286
|switch|p1a: Landorus|Landorus-Therian, M|31/100
|-ability|p1a: Landorus|Intimidate|boost
|-unboost|p2a: Kyurem|atk|1
|move|p2a: Kyurem|Dragon Claw|p1a: Landorus
|-damage|p1a: Landorus|0 fnt
|faint|p1a: Landorus
|
|-weather|RainDance|[upkeep]
|upkeep
|
|t:|1745075306
|switch|p1a: Keldeo|Keldeo|100/100
|turn|20
|
|t:|1745075318
|switch|p2a: Abomasnow|Abomasnow, F, shiny|1/100
|-damage|p2a: Abomasnow|0 fnt|[from] Spikes
|faint|p2a: Abomasnow
|move|p1a: Keldeo|Substitute|p1a: Keldeo
|-start|p1a: Keldeo|Substitute
|-damage|p1a: Keldeo|76/100
|
|-weather|RainDance|[upkeep]
|-heal|p1a: Keldeo|82/100|[from] item: Leftovers
|upkeep
|
|t:|1745075321
|switch|p2a: Garchomp|Garchomp, M|88/100
|-damage|p2a: Garchomp|76/100|[from] Spikes
|turn|21
|inactive|Oh gxtgcds has 90 seconds left.
|
|t:|1745075348
|move|p1a: Keldeo|Surf|p2a: Garchomp
|-damage|p2a: Garchomp|0 fnt
|faint|p2a: Garchomp
|
|-weather|RainDance|[upkeep]
|-heal|p1a: Keldeo|88/100|[from] item: Leftovers
|upkeep
|
|t:|1745075352
|switch|p2a: Kyurem|Kyurem-Black, shiny|69/100
|-damage|p2a: Kyurem|57/100|[from] Spikes
|-ability|p2a: Kyurem|Teravolt
|turn|22
|
|t:|1745075356
|move|p1a: Keldeo|Surf|p2a: Kyurem
|-resisted|p2a: Kyurem
|-damage|p2a: Kyurem|19/100
|move|p2a: Kyurem|Fusion Bolt|p1a: Keldeo
|-supereffective|p1a: Keldeo
|-end|p1a: Keldeo|Substitute
|
|-weather|RainDance|[upkeep]
|-heal|p1a: Keldeo|94/100|[from] item: Leftovers
|upkeep
|turn|23
|
|t:|1745075360
|move|p1a: Keldeo|Surf|p2a: Kyurem
|-resisted|p2a: Kyurem
|-damage|p2a: Kyurem|0 fnt
|faint|p2a: Kyurem
|
|-weather|RainDance|[upkeep]
|-heal|p1a: Keldeo|100/100|[from] item: Leftovers
|upkeep
|
|t:|1745075363
|switch|p2a: Jirachi|Jirachi|100/100
|-damage|p2a: Jirachi|88/100|[from] Spikes
|turn|24
|
|t:|1745075367
|move|p2a: Jirachi|Iron Head|p1a: Keldeo
|-resisted|p1a: Keldeo
|-damage|p1a: Keldeo|85/100
|cant|p1a: Keldeo|flinch
|
|-weather|RainDance|[upkeep]
|-heal|p1a: Keldeo|91/100|[from] item: Leftovers
|upkeep
|turn|25
|inactive|Oh gxtgcds has 90 seconds left.
|
|t:|1745075411
|move|p2a: Jirachi|Iron Head|p1a: Keldeo
|-resisted|p1a: Keldeo
|-damage|p1a: Keldeo|75/100
|cant|p1a: Keldeo|flinch
|
|-weather|RainDance|[upkeep]
|-heal|p1a: Keldeo|81/100|[from] item: Leftovers
|upkeep
|turn|26
|
|t:|1745075414
|move|p2a: Jirachi|Iron Head|p1a: Keldeo
|-resisted|p1a: Keldeo
|-damage|p1a: Keldeo|63/100
|move|p1a: Keldeo|Surf|p2a: Jirachi
|-damage|p2a: Jirachi|24/100
|
|-weather|RainDance|[upkeep]
|-heal|p1a: Keldeo|69/100|[from] item: Leftovers
|upkeep
|turn|27
|inactive|Oh gxtgcds has 90 seconds left.
|
|t:|1745075429
|move|p2a: Jirachi|Iron Head|p1a: Keldeo
|-resisted|p1a: Keldeo
|-damage|p1a: Keldeo|50/100
|move|p1a: Keldeo|Surf|p2a: Jirachi
|-damage|p2a: Jirachi|0 fnt
|faint|p2a: Jirachi
|
|win|Oh gxtgcds
|raw|Oh gxtgcds's rating: 1395 &rarr; <strong>1415</strong><br />(+20 for winning)
|raw|PSiLilliann's rating: 1387 &rarr; <strong>1367</strong><br />(-20 for losing)
|c|☆PSiLilliann|gg
|c|☆Oh gxtgcds|Gg
|c|☆Oh gxtgcds|Wp
|c|☆PSiLilliann|u too
|l|☆PSiLilliann
|player|p2|
