|j|☆LadderGod1
|j|☆Rick91
|t:|1727316130
|gametype|singles
|player|p1|LadderGod1|265|1335
|player|p2|Rick91|swimmer|1352
|teamsize|p1|6
|teamsize|p2|6
|gen|5
|tier|[Gen 5] OU
|rated|
|rule|Species Clause: Limit one of each Pokémon
|rule|OHKO Clause: OHKO moves are banned
|rule|Moody Clause: Moody is banned
|rule|Evasion Items Clause: Evasion items are banned
|rule|Evasion Moves Clause: Evasion moves are banned
|rule|Endless Battle Clause: Forcing endless battles is banned
|rule|HP Percentage Mod: HP is shown in percentages
|rule|Evasion Abilities Clause: Evasion abilities are banned
|rule|Sleep Moves Clause: Sleep-inducing moves are banned
|rule|Swagger Clause: Swagger is banned
|rule|Baton Pass Stat Clause: No Baton Passer may have a way to boost its stats
|clearpoke
|poke|p1|Ferrothorn, F|item
|poke|p1|Politoed, F|item
|poke|p1|Heatran, F|item
|poke|p1|Salamence, M|item
|poke|p1|Gliscor, F|item
|poke|p1|Hydreigon, M|item
|poke|p2|Politoed, M|item
|poke|p2|Rotom-Mow|item
|poke|p2|Starmie|item
|poke|p2|Skarmory, M|item
|poke|p2|Toxicroak, F|item
|poke|p2|Scizor, M|item
|teampreview
|inactive|Battle timer is ON: inactive players will automatically lose when time's up. (requested by Rick91)
|
|t:|1727316153
|start
|switch|p1a: Hydreigon|Hydreigon, M|100/100
|switch|p2a: Rotom|Rotom-Mow|100/100
|turn|1
|
|t:|1727316158
|move|p1a: Hydreigon|Draco Meteor|p2a: Rotom
|-damage|p2a: Rotom|14/100
|-unboost|p1a: Hydreigon|spa|2
|move|p2a: Rotom|Hidden Power|p1a: Hydreigon
|-supereffective|p1a: Hydreigon
|-damage|p1a: Hydreigon|24/100
|
|upkeep
|turn|2
|
|t:|1727316167
|switch|p2a: Scizor|Scizor, M|100/100
|move|p1a: Hydreigon|Draco Meteor|p2a: Scizor
|-resisted|p2a: Scizor
|-damage|p2a: Scizor|75/100
|-unboost|p1a: Hydreigon|spa|2
|
|upkeep
|turn|3
|
|t:|1727316171
|-activate|p1a: Hydreigon|move: Pursuit
|move|p2a: Scizor|Pursuit|p1a: Hydreigon|[from]Pursuit
|-resisted|p1a: Hydreigon
|-damage|p1a: Hydreigon|0 fnt
|faint|p1a: Hydreigon
|-hint|A Pokemon can't switch between when it runs out of HP and when it faints
|
|upkeep
|
|t:|1727316176
|switch|p1a: Heatran|Heatran, F|100/100
|-item|p1a: Heatran|Air Balloon
|turn|4
|
|t:|1727316180
|switch|p2a: Politoed|Politoed, M|100/100
|-weather|RainDance|[from] ability: Drizzle|[of] p2a: Politoed
|move|p1a: Heatran|Magma Storm|p2a: Politoed
|-resisted|p2a: Politoed
|-damage|p2a: Politoed|87/100
|-activate|p2a: Politoed|move: Magma Storm|[of] p1a: Heatran
|
|-weather|RainDance|[upkeep]
|-heal|p2a: Politoed|93/100|[from] item: Leftovers
|-damage|p2a: Politoed|87/100|[from] move: Magma Storm|[partiallytrapped]
|upkeep
|turn|5
|
|t:|1727316186
|switch|p1a: Ferrothorn|Ferrothorn, F|100/100
|move|p2a: Politoed|Scald|p1a: Ferrothorn
|-resisted|p1a: Ferrothorn
|-damage|p1a: Ferrothorn|78/100
|
|-weather|RainDance|[upkeep]
|-heal|p2a: Politoed|93/100|[from] item: Leftovers
|-heal|p1a: Ferrothorn|85/100|[from] item: Leftovers
|upkeep
|turn|6
|
|t:|1727316192
|move|p2a: Politoed|Scald|p1a: Ferrothorn
|-resisted|p1a: Ferrothorn
|-damage|p1a: Ferrothorn|63/100
|move|p1a: Ferrothorn|Power Whip|p2a: Politoed
|-supereffective|p2a: Politoed
|-damage|p2a: Politoed|6/100
|
|-weather|RainDance|[upkeep]
|-heal|p2a: Politoed|12/100|[from] item: Leftovers
|-heal|p1a: Ferrothorn|70/100|[from] item: Leftovers
|upkeep
|turn|7
|
|t:|1727316203
|switch|p2a: Toxicroak|Toxicroak, F|100/100
|move|p1a: Ferrothorn|Stealth Rock|p2a: Toxicroak
|-sidestart|p2: Rick91|move: Stealth Rock
|
|-weather|RainDance|[upkeep]
|-heal|p1a: Ferrothorn|76/100|[from] item: Leftovers
|upkeep
|turn|8
|
|t:|1727316209
|move|p2a: Toxicroak|Substitute|p2a: Toxicroak
|-start|p2a: Toxicroak|Substitute
|-damage|p2a: Toxicroak|76/100
|move|p1a: Ferrothorn|Gyro Ball|p2a: Toxicroak
|-end|p2a: Toxicroak|Substitute
|
|-weather|RainDance|[upkeep]
|-heal|p2a: Toxicroak|88/100|[from] ability: Dry Skin
|-heal|p2a: Toxicroak|94/100|[from] item: Black Sludge
|-heal|p1a: Ferrothorn|82/100|[from] item: Leftovers
|upkeep
|turn|9
|
|t:|1727316216
|switch|p1a: Salamence|Salamence, M|100/100
|move|p2a: Toxicroak|Bulk Up|p2a: Toxicroak
|-boost|p2a: Toxicroak|atk|1
|-boost|p2a: Toxicroak|def|1
|
|-weather|RainDance|[upkeep]
|-heal|p2a: Toxicroak|100/100|[from] ability: Dry Skin
|upkeep
|turn|10
|
|t:|1727316228
|move|p2a: Toxicroak|Sucker Punch|p1a: Salamence
|-damage|p1a: Salamence|61/100
|move|p1a: Salamence|Aerial Ace|p2a: Toxicroak
|-supereffective|p2a: Toxicroak
|-damage|p2a: Toxicroak|18/100
|-damage|p1a: Salamence|51/100|[from] item: Life Orb
|
|-weather|RainDance|[upkeep]
|-heal|p2a: Toxicroak|31/100|[from] ability: Dry Skin
|-heal|p2a: Toxicroak|37/100|[from] item: Black Sludge
|upkeep
|turn|11
|
|t:|1727316234
|switch|p2a: Skarmory|Skarmory, M|100/100
|-damage|p2a: Skarmory|88/100|[from] Stealth Rock
|move|p1a: Salamence|Aerial Ace|p2a: Skarmory
|-resisted|p2a: Skarmory
|-damage|p2a: Skarmory|73/100
|-damage|p1a: Salamence|34/100|[from] item: Rocky Helmet|[of] p2a: Skarmory
|-damage|p1a: Salamence|24/100|[from] item: Life Orb
|
|-weather|RainDance|[upkeep]
|upkeep
|turn|12
|
|t:|1727316239
|switch|p1a: Heatran|Heatran, F|100/100
|-item|p1a: Heatran|Air Balloon
|move|p2a: Skarmory|Stealth Rock|p1a: Heatran
|-sidestart|p1: LadderGod1|move: Stealth Rock
|
|-weather|RainDance|[upkeep]
|upkeep
|turn|13
|
|t:|1727316246
|switch|p2a: Starmie|Starmie|100/100
|-damage|p2a: Starmie|88/100|[from] Stealth Rock
|move|p1a: Heatran|Magma Storm|p2a: Starmie
|-resisted|p2a: Starmie
|-damage|p2a: Starmie|64/100
|-activate|p2a: Starmie|move: Magma Storm|[of] p1a: Heatran
|
|-weather|RainDance|[upkeep]
|-heal|p2a: Starmie|70/100|[from] item: Leftovers
|-damage|p2a: Starmie|64/100|[from] move: Magma Storm|[partiallytrapped]
|upkeep
|turn|14
|
|t:|1727316250
|move|p1a: Heatran|Protect|p1a: Heatran
|-singleturn|p1a: Heatran|Protect
|move|p2a: Starmie|Rapid Spin|p1a: Heatran
|-activate|p1a: Heatran|move: Protect
|
|-weather|RainDance|[upkeep]
|-heal|p2a: Starmie|70/100|[from] item: Leftovers
|-damage|p2a: Starmie|64/100|[from] move: Magma Storm|[partiallytrapped]
|upkeep
|turn|15
|
|t:|1727316256
|switch|p1a: Ferrothorn|Ferrothorn, F|82/100
|-damage|p1a: Ferrothorn|76/100|[from] Stealth Rock
|move|p2a: Starmie|Rapid Spin|p1a: Ferrothorn
|-resisted|p1a: Ferrothorn
|-damage|p1a: Ferrothorn|75/100
|-damage|p2a: Starmie|51/100|[from] ability: Iron Barbs|[of] p1a: Ferrothorn
|-sideend|p2: Rick91|Stealth Rock|[from] move: Rapid Spin|[of] p2a: Starmie
|-end|p2a: Starmie|Magma Storm|[partiallytrapped]
|
|-weather|RainDance|[upkeep]
|-heal|p2a: Starmie|58/100|[from] item: Leftovers
|-heal|p1a: Ferrothorn|81/100|[from] item: Leftovers
|upkeep
|turn|16
|
|t:|1727316271
|switch|p2a: Toxicroak|Toxicroak, F|37/100
|move|p1a: Ferrothorn|Stealth Rock|p2a: Toxicroak
|-sidestart|p2: Rick91|move: Stealth Rock
|
|-weather|RainDance|[upkeep]
|-heal|p2a: Toxicroak|49/100|[from] ability: Dry Skin
|-heal|p2a: Toxicroak|56/100|[from] item: Black Sludge
|-heal|p1a: Ferrothorn|87/100|[from] item: Leftovers
|upkeep
|turn|17
|
|t:|1727316274
|move|p2a: Toxicroak|Drain Punch|p1a: Ferrothorn
|-supereffective|p1a: Ferrothorn
|-damage|p1a: Ferrothorn|53/100
|-heal|p2a: Toxicroak|72/100|[from] drain|[of] p1a: Ferrothorn
|-damage|p2a: Toxicroak|59/100|[from] ability: Iron Barbs|[of] p1a: Ferrothorn
|move|p1a: Ferrothorn|Gyro Ball|p2a: Toxicroak
|-crit|p2a: Toxicroak
|-damage|p2a: Toxicroak|0 fnt
|faint|p2a: Toxicroak
|
|-weather|RainDance|[upkeep]
|-heal|p1a: Ferrothorn|60/100|[from] item: Leftovers
|upkeep
|
|t:|1727316283
|switch|p2a: Rotom|Rotom-Mow|14/100
|-damage|p2a: Rotom|1/100|[from] Stealth Rock
|turn|18
|
|t:|1727316298
|switch|p1a: Gliscor|Gliscor, F|100/100
|-damage|p1a: Gliscor|88/100|[from] Stealth Rock
|move|p2a: Rotom|Trick|p1a: Gliscor
|-activate|p2a: Rotom|move: Trick|[of] p1a: Gliscor
|-item|p1a: Gliscor|Choice Specs|[from] move: Trick
|-item|p2a: Rotom|Toxic Orb|[from] move: Trick
|
|-weather|RainDance|[upkeep]
|-status|p2a: Rotom|tox|[from] item: Toxic Orb
|upkeep
|turn|19
|
|t:|1727316310
|move|p1a: Gliscor|Protect|p1a: Gliscor
|-singleturn|p1a: Gliscor|Protect
|move|p2a: Rotom|Leaf Storm|p1a: Gliscor
|-activate|p1a: Gliscor|move: Protect
|
|-weather|RainDance|[upkeep]
|-damage|p2a: Rotom|0 fnt|[from] psn
|faint|p2a: Rotom
|upkeep
|
|t:|1727316316
|switch|p2a: Starmie|Starmie|58/100
|-damage|p2a: Starmie|45/100|[from] Stealth Rock
|turn|20
|
|t:|1727316324
|switch|p1a: Ferrothorn|Ferrothorn, F|60/100
|-damage|p1a: Ferrothorn|53/100|[from] Stealth Rock
|move|p2a: Starmie|Rapid Spin|p1a: Ferrothorn
|-resisted|p1a: Ferrothorn
|-damage|p1a: Ferrothorn|52/100
|-damage|p2a: Starmie|33/100|[from] ability: Iron Barbs|[of] p1a: Ferrothorn
|-sideend|p2: Rick91|Stealth Rock|[from] move: Rapid Spin|[of] p2a: Starmie
|
|-weather|RainDance|[upkeep]
|-heal|p2a: Starmie|39/100|[from] item: Leftovers
|-heal|p1a: Ferrothorn|59/100|[from] item: Leftovers
|upkeep
|turn|21
|
|t:|1727316340
|switch|p2a: Skarmory|Skarmory, M|73/100
|move|p1a: Ferrothorn|Stealth Rock|p2a: Skarmory
|-sidestart|p2: Rick91|move: Stealth Rock
|
|-weather|RainDance|[upkeep]
|-heal|p1a: Ferrothorn|65/100|[from] item: Leftovers
|upkeep
|turn|22
|
|t:|1727316344
|switch|p1a: Heatran|Heatran, F|100/100
|-damage|p1a: Heatran|88/100|[from] Stealth Rock
|-item|p1a: Heatran|Air Balloon
|move|p2a: Skarmory|Brave Bird|p1a: Heatran
|-resisted|p1a: Heatran
|-damage|p1a: Heatran|74/100
|-enditem|p1a: Heatran|Air Balloon
|-damage|p2a: Skarmory|68/100|[from] Recoil
|
|-weather|RainDance|[upkeep]
|upkeep
|turn|23
|
|t:|1727316354
|move|p1a: Heatran|Magma Storm|p2a: Skarmory
|-supereffective|p2a: Skarmory
|-damage|p2a: Skarmory|0 fnt
|faint|p2a: Skarmory
|
|-weather|RainDance|[upkeep]
|upkeep
|
|t:|1727316358
|switch|p2a: Starmie|Starmie|39/100
|-damage|p2a: Starmie|27/100|[from] Stealth Rock
|turn|24
|
|t:|1727316363
|switch|p1a: Politoed|Politoed, F|100/100
|-damage|p1a: Politoed|88/100|[from] Stealth Rock
|move|p2a: Starmie|Rapid Spin|p1a: Politoed
|-damage|p1a: Politoed|85/100
|-sideend|p2: Rick91|Stealth Rock|[from] move: Rapid Spin|[of] p2a: Starmie
|
|-weather|RainDance|[upkeep]
|-heal|p2a: Starmie|33/100|[from] item: Leftovers
|-heal|p1a: Politoed|91/100|[from] item: Leftovers
|upkeep
|turn|25
|
|t:|1727316373
|move|p2a: Starmie|Thunder|p1a: Politoed
|-supereffective|p1a: Politoed
|-damage|p1a: Politoed|43/100
|-status|p1a: Politoed|par
|move|p1a: Politoed|Toxic|p2a: Starmie
|-status|p2a: Starmie|tox
|
|-weather|RainDance|[upkeep]
|-heal|p2a: Starmie|39/100 tox|[from] item: Leftovers
|-heal|p1a: Politoed|50/100 par|[from] item: Leftovers
|-damage|p2a: Starmie|33/100 tox|[from] psn
|upkeep
|turn|26
|
|t:|1727316393
|-curestatus|p2a: Starmie|tox|[from] ability: Natural Cure
|switch|p2a: Politoed|Politoed, M|12/100
|move|p1a: Politoed|Scald|p2a: Politoed
|-resisted|p2a: Politoed
|-damage|p2a: Politoed|0 fnt
|faint|p2a: Politoed
|
|-weather|RainDance|[upkeep]
|-heal|p1a: Politoed|56/100 par|[from] item: Leftovers
|upkeep
|
|t:|1727316396
|switch|p2a: Starmie|Starmie|33/100
|turn|27
|
|t:|1727316400
|move|p2a: Starmie|Thunder|p1a: Politoed
|-supereffective|p1a: Politoed
|-damage|p1a: Politoed|7/100 par
|move|p1a: Politoed|Toxic|p2a: Starmie
|-status|p2a: Starmie|tox
|
|-weather|RainDance|[upkeep]
|-heal|p2a: Starmie|39/100 tox|[from] item: Leftovers
|-heal|p1a: Politoed|13/100 par|[from] item: Leftovers
|-damage|p2a: Starmie|33/100 tox|[from] psn
|upkeep
|turn|28
|
|t:|1727316408
|-curestatus|p2a: Starmie|tox|[from] ability: Natural Cure
|switch|p2a: Scizor|Scizor, M|75/100
|move|p1a: Politoed|Scald|p2a: Scizor
|-damage|p2a: Scizor|24/100
|
|-weather|RainDance|[upkeep]
|-heal|p1a: Politoed|20/100 par|[from] item: Leftovers
|upkeep
|turn|29
|
|t:|1727316419
|move|p2a: Scizor|U-turn|p1a: Politoed
|-damage|p1a: Politoed|0 fnt
|faint|p1a: Politoed
|
|t:|1727316421
|switch|p2a: Starmie|Starmie|33/100|[from] U-turn
|
|-weather|RainDance|[upkeep]
|-heal|p2a: Starmie|39/100|[from] item: Leftovers
|upkeep
|
|t:|1727316426
|switch|p1a: Ferrothorn|Ferrothorn, F|65/100
|-damage|p1a: Ferrothorn|59/100|[from] Stealth Rock
|turn|30
|
|t:|1727316428
|switch|p2a: Scizor|Scizor, M|24/100
|move|p1a: Ferrothorn|Gyro Ball|p2a: Scizor
|-resisted|p2a: Scizor
|-damage|p2a: Scizor|0 fnt
|faint|p2a: Scizor
|
|-weather|RainDance|[upkeep]
|-heal|p1a: Ferrothorn|65/100|[from] item: Leftovers
|upkeep
|-message|Rick91 forfeited.
|
|win|LadderGod1
|raw|LadderGod1's rating: 1335 &rarr; <strong>1356</strong><br />(+21 for winning)
|raw|Rick91's rating: 1352 &rarr; <strong>1331</strong><br />(-21 for losing)
|l|☆Rick91
|player|p2|
