|j|☆Giovanna G
|j|☆Wally
|player|p1|Giovanna G|cynthia-gen4|1669
|player|p2|Wally|265|1425
|teamsize|p1|6
|teamsize|p2|6
|gametype|singles
|gen|5
|tier|[Gen 5] OU
|rated|
|clearpoke
|poke|p1|Politoed, M|item
|poke|p1|Garchomp, M|item
|poke|p1|Infernape, M|item
|poke|p1|Latios, M|item
|poke|p1|Jirachi|item
|poke|p1|Skarmory, M|item
|poke|p2|Politoed, F|item
|poke|p2|Jirachi|item
|poke|p2|Gastrodon, M|item
|poke|p2|Dragonite, F|item
|poke|p2|Landorus-Therian, M|item
|poke|p2|Tentacruel, F|item
|rule|Species Clause: Limit one of each Pokémon
|rule|OHKO Clause: OHKO moves are banned
|rule|Moody Clause: Moody is banned
|rule|Evasion Moves Clause: Evasion moves are banned
|rule|Endless Battle Clause: Forcing endless battles is banned
|rule|HP Percentage Mod: HP is shown in percentages
|rule|Evasion Abilities Clause: Evasion abilities are banned
|rule|Baton Pass Clause: Limit one Baton Passer, can't pass Spe and other stats simultaneously
|rule|Sleep Clause: Sleep-inducing moves are banned
|rule|Swagger Clause: Swagger is banned
|teampreview
|
|start
|switch|p1a: Infernape|Infernape, M|100/100
|switch|p2a: Politoed|Politoed, F|100/100
|-weather|RainDance|[from] ability: Drizzle|[of] p2a: Politoed
|turn|1
|
|move|p1a: Infernape|U-turn|p2a: Politoed
|-crit|p2a: Politoed
|-damage|p2a: Politoed|43/100
|
|switch|p1a: Politoed|Politoed, M|100/100|[from]move: U-turn
|move|p2a: Politoed|Hydro Pump|p1a: Politoed
|-resisted|p1a: Politoed
|-damage|p1a: Politoed|65/100
|
|-weather|RainDance|[upkeep]
|upkeep
|turn|2
|
|switch|p2a: Gastrodon|Gastrodon, M|100/100
|move|p1a: Politoed|Hydro Pump|p2a: Gastrodon
|-ability|p2a: Gastrodon|Storm Drain|boost
|-boost|p2a: Gastrodon|spa|1
|
|-weather|RainDance|[upkeep]
|upkeep
|turn|3
|
|switch|p1a: Garchomp|Garchomp, M|100/100
|move|p2a: Gastrodon|Scald|p1a: Garchomp
|-damage|p1a: Garchomp|41/100
|-status|p1a: Garchomp|brn
|
|-weather|RainDance|[upkeep]
|-damage|p1a: Garchomp|28/100 brn|[from] brn
|upkeep
|turn|4
|
|move|p1a: Garchomp|Stealth Rock|p2a: Gastrodon
|-sidestart|p2: Wally|move: Stealth Rock
|move|p2a: Gastrodon|Scald|p1a: Garchomp
|-damage|p1a: Garchomp|0 fnt
|faint|p1a: Garchomp
|
|-weather|RainDance|[upkeep]
|upkeep
|
|switch|p1a: Latios|Latios, M|100/100
|turn|5
|
|move|p1a: Latios|Draco Meteor|p2a: Gastrodon
|-damage|p2a: Gastrodon|2/100
|-unboost|p1a: Latios|spa|2
|move|p2a: Gastrodon|Recover|p2a: Gastrodon
|-heal|p2a: Gastrodon|52/100
|
|-weather|RainDance|[upkeep]
|-heal|p2a: Gastrodon|58/100|[from] item: Leftovers
|upkeep
|turn|6
|c|☆Giovanna G|fuck
|
|switch|p1a: Politoed|Politoed, M|65/100
|move|p2a: Gastrodon|Scald|p1a: Politoed
|-resisted|p1a: Politoed
|-damage|p1a: Politoed|32/100
|-status|p1a: Politoed|brn
|
|-weather|RainDance|[upkeep]
|-heal|p2a: Gastrodon|65/100|[from] item: Leftovers
|-damage|p1a: Politoed|20/100 brn|[from] brn
|upkeep
|turn|7
|
|switch|p2a: Tentacruel|Tentacruel, F|100/100
|-damage|p2a: Tentacruel|88/100|[from] Stealth Rock
|move|p1a: Politoed|Encore||[still]
|-fail|p1a: Politoed
|
|-weather|RainDance|[upkeep]
|-heal|p2a: Tentacruel|94/100|[from] ability: Rain Dish
|-heal|p2a: Tentacruel|99/100|[from] item: Black Sludge
|-damage|p1a: Politoed|7/100 brn|[from] brn
|upkeep
|turn|8
|
|move|p1a: Politoed|Encore||[still]
|-fail|p1a: Politoed
|move|p2a: Tentacruel|Rapid Spin|p1a: Politoed
|-damage|p1a: Politoed|3/100 brn
|-sideend|p2: Wally|Stealth Rock|[from] move: Rapid Spin|[of] p2a: Tentacruel
|
|-weather|RainDance|[upkeep]
|-heal|p2a: Tentacruel|100/100|[from] ability: Rain Dish
|-damage|p1a: Politoed|0 fnt|[from] brn
|faint|p1a: Politoed
|upkeep
|
|switch|p1a: Latios|Latios, M|100/100
|turn|9
|
|switch|p2a: Jirachi|Jirachi|100/100
|move|p1a: Latios|Psychic|p2a: Jirachi
|-resisted|p2a: Jirachi
|-damage|p2a: Jirachi|90/100
|
|-weather|RainDance|[upkeep]
|-heal|p2a: Jirachi|96/100|[from] item: Leftovers
|upkeep
|turn|10
|
|switch|p1a: Skarmory|Skarmory, M|100/100
|move|p2a: Jirachi|Wish|p2a: Jirachi
|
|-weather|RainDance|[upkeep]
|-heal|p2a: Jirachi|100/100|[from] item: Leftovers
|upkeep
|turn|11
|
|switch|p2a: Politoed|Politoed, F|43/100
|move|p1a: Skarmory|Spikes|p2a: Politoed
|-sidestart|p2: Wally|Spikes
|
|-weather|RainDance|[upkeep]
|-heal|p2a: Politoed|100/100|[from] move: Wish|[wisher] Jirachi
|upkeep
|turn|12
|
|move|p2a: Politoed|Surf|p1a: Skarmory
|-damage|p1a: Skarmory|20/100
|move|p1a: Skarmory|Spikes|p2a: Politoed
|-sidestart|p2: Wally|Spikes
|
|-weather|RainDance|[upkeep]
|upkeep
|turn|13
|
|move|p2a: Politoed|Surf|p1a: Skarmory
|-damage|p1a: Skarmory|0 fnt
|faint|p1a: Skarmory
|
|-weather|RainDance|[upkeep]
|upkeep
|
|switch|p1a: Latios|Latios, M|100/100
|turn|14
|
|switch|p2a: Jirachi|Jirachi|100/100
|-damage|p2a: Jirachi|84/100|[from] Spikes
|move|p1a: Latios|Surf|p2a: Jirachi
|-damage|p2a: Jirachi|40/100
|
|-weather|RainDance|[upkeep]
|-heal|p2a: Jirachi|46/100|[from] item: Leftovers
|upkeep
|turn|15
|
|switch|p1a: Infernape|Infernape, M|100/100
|move|p2a: Jirachi|Protect||[still]
|-fail|p2a: Jirachi
|
|-weather|RainDance|[upkeep]
|-heal|p2a: Jirachi|52/100|[from] item: Leftovers
|upkeep
|turn|16
|
|move|p2a: Jirachi|Protect|p2a: Jirachi
|-singleturn|p2a: Jirachi|Protect
|move|p1a: Infernape|Close Combat|p2a: Jirachi
|-activate|p2a: Jirachi|move: Protect
|
|-weather|RainDance|[upkeep]
|-heal|p2a: Jirachi|58/100|[from] item: Leftovers
|upkeep
|turn|17
|
|switch|p2a: Landorus|Landorus-Therian, M|100/100
|-ability|p2a: Landorus|Intimidate|boost
|-unboost|p1a: Infernape|atk|1
|move|p1a: Infernape|Close Combat|p2a: Landorus
|-resisted|p2a: Landorus
|-damage|p2a: Landorus|88/100
|-unboost|p1a: Infernape|def|1
|-unboost|p1a: Infernape|spd|1
|
|-weather|RainDance|[upkeep]
|-heal|p2a: Landorus|94/100|[from] item: Leftovers
|upkeep
|turn|18
|
|switch|p1a: Latios|Latios, M|100/100
|move|p2a: Landorus|Stealth Rock|p1a: Latios
|-sidestart|p1: Giovanna G|move: Stealth Rock
|
|-weather|RainDance|[upkeep]
|-heal|p2a: Landorus|99/100|[from] item: Leftovers
|upkeep
|turn|19
|
|switch|p2a: Jirachi|Jirachi|58/100
|-damage|p2a: Jirachi|42/100|[from] Spikes
|move|p1a: Latios|Draco Meteor|p2a: Jirachi
|-resisted|p2a: Jirachi
|-damage|p2a: Jirachi|10/100
|-unboost|p1a: Latios|spa|2
|
|-weather|RainDance|[upkeep]
|-heal|p2a: Jirachi|17/100|[from] item: Leftovers
|upkeep
|turn|20
|
|move|p2a: Jirachi|Protect|p2a: Jirachi
|-singleturn|p2a: Jirachi|Protect
|move|p1a: Latios|Draco Meteor|p2a: Jirachi
|-activate|p2a: Jirachi|move: Protect
|
|-weather|RainDance|[upkeep]
|-heal|p2a: Jirachi|23/100|[from] item: Leftovers
|upkeep
|turn|21
|
|move|p1a: Latios|Draco Meteor|p2a: Jirachi
|-resisted|p2a: Jirachi
|-damage|p2a: Jirachi|6/100
|-unboost|p1a: Latios|spa|2
|move|p2a: Jirachi|Wish|p2a: Jirachi
|
|-weather|RainDance|[upkeep]
|-heal|p2a: Jirachi|13/100|[from] item: Leftovers
|upkeep
|turn|22
|
|switch|p1a: Jirachi|Jirachi|100/100
|-damage|p1a: Jirachi|94/100|[from] Stealth Rock
|move|p2a: Jirachi|Body Slam|p1a: Jirachi
|-resisted|p1a: Jirachi
|-damage|p1a: Jirachi|86/100
|
|-weather|RainDance|[upkeep]
|-heal|p2a: Jirachi|63/100|[from] move: Wish|[wisher] Jirachi
|-heal|p1a: Jirachi|92/100|[from] item: Leftovers
|-heal|p2a: Jirachi|69/100|[from] item: Leftovers
|upkeep
|turn|23
|
|switch|p2a: Landorus|Landorus-Therian, M|99/100
|-ability|p2a: Landorus|Intimidate|boost
|-unboost|p1a: Jirachi|atk|1
|move|p1a: Jirachi|Calm Mind|p1a: Jirachi
|-boost|p1a: Jirachi|spa|1
|-boost|p1a: Jirachi|spd|1
|
|-weather|RainDance|[upkeep]
|-heal|p1a: Jirachi|99/100|[from] item: Leftovers
|-heal|p2a: Landorus|100/100|[from] item: Leftovers
|upkeep
|turn|24
|
|move|p1a: Jirachi|Water Pulse|p2a: Landorus
|-supereffective|p2a: Landorus
|-damage|p2a: Landorus|24/100
|move|p2a: Landorus|Earthquake|p1a: Jirachi
|-supereffective|p1a: Jirachi
|-damage|p1a: Jirachi|14/100
|
|-weather|RainDance|[upkeep]
|-heal|p1a: Jirachi|20/100|[from] item: Leftovers
|-heal|p2a: Landorus|30/100|[from] item: Leftovers
|upkeep
|turn|25
|
|move|p1a: Jirachi|Water Pulse|p2a: Landorus
|-supereffective|p2a: Landorus
|-damage|p2a: Landorus|0 fnt
|faint|p2a: Landorus
|
|-weather|RainDance|[upkeep]
|-heal|p1a: Jirachi|26/100|[from] item: Leftovers
|upkeep
|
|switch|p2a: Politoed|Politoed, F|100/100
|-damage|p2a: Politoed|84/100|[from] Spikes
|turn|26
|
|switch|p1a: Infernape|Infernape, M|100/100
|-damage|p1a: Infernape|88/100|[from] Stealth Rock
|move|p2a: Politoed|Surf|p1a: Infernape
|-supereffective|p1a: Infernape
|-damage|p1a: Infernape|0 fnt
|faint|p1a: Infernape
|
|-weather|RainDance|[upkeep]
|upkeep
|
|switch|p1a: Latios|Latios, M|100/100
|-damage|p1a: Latios|88/100|[from] Stealth Rock
|turn|27
|
|switch|p2a: Gastrodon|Gastrodon, M|65/100
|-damage|p2a: Gastrodon|48/100|[from] Spikes
|move|p1a: Latios|Draco Meteor|p2a: Gastrodon
|-damage|p2a: Gastrodon|0 fnt
|-unboost|p1a: Latios|spa|2
|faint|p2a: Gastrodon
|
|-weather|RainDance|[upkeep]
|upkeep
|
|switch|p2a: Jirachi|Jirachi|69/100
|-damage|p2a: Jirachi|52/100|[from] Spikes
|turn|28
|
|switch|p1a: Jirachi|Jirachi|26/100
|-damage|p1a: Jirachi|20/100|[from] Stealth Rock
|move|p2a: Jirachi|Body Slam|p1a: Jirachi
|-resisted|p1a: Jirachi
|-damage|p1a: Jirachi|12/100
|-status|p1a: Jirachi|par
|
|-weather|RainDance|[upkeep]
|-heal|p2a: Jirachi|58/100|[from] item: Leftovers
|-heal|p1a: Jirachi|18/100 par|[from] item: Leftovers
|upkeep
|turn|29
|
|move|p2a: Jirachi|Wish|p2a: Jirachi
|move|p1a: Jirachi|Thunder|p2a: Jirachi
|-damage|p2a: Jirachi|42/100
|-status|p2a: Jirachi|par
|
|-weather|RainDance|[upkeep]
|-heal|p1a: Jirachi|24/100 par|[from] item: Leftovers
|-heal|p2a: Jirachi|48/100 par|[from] item: Leftovers
|upkeep
|turn|30
|
|switch|p2a: Dragonite|Dragonite, F|100/100
|cant|p1a: Jirachi|par
|
|-weather|RainDance|[upkeep]
|-heal|p1a: Jirachi|30/100 par|[from] item: Leftovers
|upkeep
|turn|31
|
|move|p2a: Dragonite|Substitute|p2a: Dragonite
|-start|p2a: Dragonite|Substitute
|-damage|p2a: Dragonite|75/100
|move|p1a: Jirachi|Thunder|p2a: Dragonite
|-end|p2a: Dragonite|Substitute
|
|-weather|RainDance|[upkeep]
|-heal|p2a: Dragonite|82/100|[from] item: Leftovers
|-heal|p1a: Jirachi|36/100 par|[from] item: Leftovers
|upkeep
|turn|32
|
|move|p2a: Dragonite|Thunder|p1a: Jirachi
|-crit|p1a: Jirachi
|-damage|p1a: Jirachi|0 fnt
|faint|p1a: Jirachi
|
|-weather|RainDance|[upkeep]
|-heal|p2a: Dragonite|88/100|[from] item: Leftovers
|upkeep
|
|switch|p1a: Latios|Latios, M|88/100
|-damage|p1a: Latios|76/100|[from] Stealth Rock
|turn|33
|c|☆Wally|gg
|
|move|p1a: Latios|Dragon Pulse|p2a: Dragonite
|-supereffective|p2a: Dragonite
|-damage|p2a: Dragonite|0 fnt
|faint|p2a: Dragonite
|
|-weather|RainDance|[upkeep]
|upkeep
|
|switch|p2a: Politoed|Politoed, F|84/100
|-damage|p2a: Politoed|67/100|[from] Spikes
|turn|34
|
|move|p2a: Politoed|Ice Beam|p1a: Latios
|-supereffective|p1a: Latios
|-damage|p1a: Latios|19/100
|move|p1a: Latios|Dragon Pulse|p2a: Politoed
|-damage|p2a: Politoed|0 fnt
|faint|p2a: Politoed
|
|-weather|RainDance|[upkeep]
|upkeep
|
|switch|p2a: Tentacruel|Tentacruel, F|100/100
|-damage|p2a: Tentacruel|84/100|[from] Spikes
|turn|35
|
|move|p2a: Tentacruel|Protect|p2a: Tentacruel
|-singleturn|p2a: Tentacruel|Protect
|move|p1a: Latios|Dragon Pulse|p2a: Tentacruel
|-activate|p2a: Tentacruel|move: Protect
|
|-weather|RainDance|[upkeep]
|-heal|p2a: Tentacruel|90/100|[from] ability: Rain Dish
|-heal|p2a: Tentacruel|96/100|[from] item: Black Sludge
|upkeep
|turn|36
|
|move|p1a: Latios|Dragon Pulse|p2a: Tentacruel
|-damage|p2a: Tentacruel|35/100
|move|p2a: Tentacruel|Scald|p1a: Latios
|-resisted|p1a: Latios
|-crit|p1a: Latios
|-damage|p1a: Latios|0 fnt
|faint|p1a: Latios
|
|win|Wally
|l|☆Giovanna G
|raw|Giovanna G's rating: 1670 &rarr; <strong>1638</strong><br />(-32 for losing)
|raw|Wally's rating: 1425 &rarr; <strong>1458</strong><br />(+33 for winning)
