|j|☆scanners
|j|☆daddy_days2
|t:|1746144787
|gametype|singles
|player|p1|scanners|101|1409
|player|p2|daddy_days2|benga|1448
|teamsize|p1|6
|teamsize|p2|6
|gen|5
|tier|[Gen 5] OU
|rated|
|rule|Species Clause: Limit one of each Pokémon
|rule|OHKO Clause: OHKO moves are banned
|rule|Moody Clause: Moody is banned
|rule|Evasion Items Clause: Evasion items are banned
|rule|Evasion Moves Clause: Evasion moves are banned
|rule|Endless Battle Clause: Forcing endless battles is banned
|rule|HP Percentage Mod: HP is shown in percentages
|rule|Evasion Abilities Clause: Evasion abilities are banned
|rule|Sleep Moves Clause: Sleep-inducing moves are banned
|rule|Swagger Clause: Swagger is banned
|rule|Baton Pass Stat Clause: No Baton Passer may have a way to boost its stats
|clearpoke
|poke|p1|Garchomp, F|item
|poke|p1|Tyranitar, M|item
|poke|p1|Skarmory, F|item
|poke|p1|Jellicent, F|item
|poke|p1|Reuniclus, F|item
|poke|p1|Landorus-Therian, M|item
|poke|p2|Kyurem-Black|item
|poke|p2|Garchomp, M|item
|poke|p2|Conkeldurr, M|item
|poke|p2|Starmie|item
|poke|p2|Bisharp, F|item
|poke|p2|Scyther, M|item
|teampreview
|inactive|Battle timer is ON: inactive players will automatically lose when time's up. (requested by scanners)
|
|t:|1746144797
|start
|switch|p1a: Landorus|Landorus-Therian, M|100/100
|switch|p2a: Adolf|Bisharp, F|100/100
|-ability|p1a: Landorus|Intimidate|boost
|-unboost|p2a: Adolf|atk|1
|-ability|p2a: Adolf|Defiant|boost
|-boost|p2a: Adolf|atk|2
|-item|p2a: Adolf|Air Balloon
|turn|1
|
|t:|1746144807
|move|p1a: Landorus|U-turn|p2a: Adolf
|-crit|p2a: Adolf
|-damage|p2a: Adolf|51/100
|-enditem|p2a: Adolf|Air Balloon
|-activate|p1a: Landorus|move: Pursuit
|move|p2a: Adolf|Pursuit|p1a: Landorus|[from] Pursuit
|-damage|p1a: Landorus|20/100
|
|t:|1746144814
|switch|p1a: Skarmory|Skarmory, F|100/100|[from] U-turn
|
|upkeep
|turn|2
|
|t:|1746144826
|switch|p2a: Starlight|Starmie|100/100
|move|p1a: Skarmory|Stealth Rock|p2a: Starlight
|-sidestart|p2: daddy_days2|move: Stealth Rock
|
|upkeep
|turn|3
|
|t:|1746144831
|switch|p1a: Jellicent|Jellicent, F|100/100
|move|p2a: Starlight|Thunder Wave|p1a: Jellicent
|-status|p1a: Jellicent|par
|
|upkeep
|turn|4
|
|t:|1746144841
|switch|p2a: Adolf|Bisharp, F|51/100
|-damage|p2a: Adolf|45/100|[from] Stealth Rock
|move|p1a: Jellicent|Will-O-Wisp|p2a: Adolf
|-status|p2a: Adolf|brn
|
|-damage|p2a: Adolf|32/100 brn|[from] brn
|upkeep
|turn|5
|
|t:|1746144851
|-activate|p1a: Jellicent|move: Pursuit
|move|p2a: Adolf|Pursuit|p1a: Jellicent|[from] Pursuit
|-supereffective|p1a: Jellicent
|-damage|p1a: Jellicent|50/100 par
|switch|p1a: Skarmory|Skarmory, F|100/100
|
|-damage|p2a: Adolf|20/100 brn|[from] brn
|upkeep
|turn|6
|
|t:|1746144862
|switch|p2a: Starlight|Starmie|100/100
|-damage|p2a: Starlight|88/100|[from] Stealth Rock
|move|p1a: Skarmory|Spikes|p2a: Starlight
|-sidestart|p2: daddy_days2|Spikes
|
|-heal|p2a: Starlight|94/100|[from] item: Leftovers
|upkeep
|turn|7
|
|t:|1746144871
|switch|p1a: Jellicent|Jellicent, F|50/100 par
|move|p2a: Starlight|Psyshock|p1a: Jellicent
|-damage|p1a: Jellicent|20/100 par
|-enditem|p1a: Jellicent|Eject Button
|
|t:|1746144878
|switch|p1a: Tyranitar|Tyranitar, M|100/100
|-weather|Sandstorm|[from] ability: Sand Stream|[of] p1a: Tyranitar
|
|-weather|Sandstorm|[upkeep]
|-damage|p2a: Starlight|88/100|[from] Sandstorm
|-heal|p2a: Starlight|94/100|[from] item: Leftovers
|upkeep
|turn|8
|
|t:|1746144887
|move|p1a: Tyranitar|Crunch|p2a: Starlight
|-supereffective|p2a: Starlight
|-damage|p2a: Starlight|0 fnt
|faint|p2a: Starlight
|
|-weather|Sandstorm|[upkeep]
|upkeep
|
|t:|1746144895
|switch|p2a: Shrekster|Conkeldurr, M|100/100
|-damage|p2a: Shrekster|94/100|[from] Stealth Rock
|-damage|p2a: Shrekster|82/100|[from] Spikes
|turn|9
|
|t:|1746144908
|switch|p1a: Landorus|Landorus-Therian, M|20/100
|-ability|p1a: Landorus|Intimidate|boost
|-unboost|p2a: Shrekster|atk|1
|move|p2a: Shrekster|Drain Punch|p1a: Landorus
|-resisted|p1a: Landorus
|-damage|p1a: Landorus|0 fnt
|-heal|p2a: Shrekster|91/100|[from] drain|[of] p1a: Landorus
|faint|p1a: Landorus
|
|-weather|Sandstorm|[upkeep]
|-damage|p2a: Shrekster|85/100|[from] Sandstorm
|-heal|p2a: Shrekster|91/100|[from] item: Leftovers
|upkeep
|
|t:|1746144916
|switch|p1a: Reuniclus|Reuniclus, F|100/100
|turn|10
|
|t:|1746144924
|switch|p2a: Insane Dwayne|Kyurem-Black|100/100
|-damage|p2a: Insane Dwayne|76/100|[from] Stealth Rock
|-damage|p2a: Insane Dwayne|63/100|[from] Spikes
|-ability|p2a: Insane Dwayne|Teravolt
|move|p1a: Reuniclus|Trick Room|p1a: Reuniclus
|-fieldstart|move: Trick Room|[of] p1a: Reuniclus
|
|-weather|Sandstorm|[upkeep]
|-damage|p2a: Insane Dwayne|57/100|[from] Sandstorm
|upkeep
|turn|11
|
|t:|1746144935
|move|p1a: Reuniclus|Focus Blast|p2a: Insane Dwayne|[miss]
|-miss|p1a: Reuniclus|p2a: Insane Dwayne
|move|p2a: Insane Dwayne|Outrage|p1a: Reuniclus
|-damage|p1a: Reuniclus|0 fnt
|faint|p1a: Reuniclus
|
|-weather|Sandstorm|[upkeep]
|-damage|p2a: Insane Dwayne|51/100|[from] Sandstorm
|upkeep
|
|t:|1746144943
|switch|p1a: Skarmory|Skarmory, F|100/100
|turn|12
|
|t:|1746144948
|move|p2a: Insane Dwayne|Outrage|p1a: Skarmory|[from] lockedmove
|-resisted|p1a: Skarmory
|-damage|p1a: Skarmory|51/100
|-start|p2a: Insane Dwayne|confusion|[fatigue]
|move|p1a: Skarmory|Whirlwind|p2a: Insane Dwayne
|drag|p2a: Adolf|Bisharp, F|20/100 brn
|-damage|p2a: Adolf|14/100 brn|[from] Stealth Rock
|-damage|p2a: Adolf|2/100 brn|[from] Spikes
|
|-weather|Sandstorm|[upkeep]
|-damage|p2a: Adolf|0 fnt|[from] brn
|faint|p2a: Adolf
|upkeep
|
|t:|1746144966
|switch|p2a: Shrekster|Conkeldurr, M|91/100
|-damage|p2a: Shrekster|85/100|[from] Stealth Rock
|-damage|p2a: Shrekster|72/100|[from] Spikes
|turn|13
|
|t:|1746144981
|move|p2a: Shrekster|Thunder Punch|p1a: Skarmory
|-supereffective|p1a: Skarmory
|-damage|p1a: Skarmory|0 fnt
|faint|p1a: Skarmory
|
|-weather|Sandstorm|[upkeep]
|-damage|p2a: Shrekster|66/100|[from] Sandstorm
|-heal|p2a: Shrekster|72/100|[from] item: Leftovers
|upkeep
|
|t:|1746144987
|switch|p1a: Tyranitar|Tyranitar, M|100/100
|turn|14
|
|t:|1746145003
|switch|p1a: Jellicent|Jellicent, F|20/100 par
|move|p2a: Shrekster|Drain Punch|p1a: Jellicent
|-immune|p1a: Jellicent
|
|-weather|Sandstorm|[upkeep]
|-damage|p1a: Jellicent|14/100 par|[from] Sandstorm
|-damage|p2a: Shrekster|66/100|[from] Sandstorm
|-heal|p2a: Shrekster|72/100|[from] item: Leftovers
|-fieldend|move: Trick Room
|upkeep
|turn|15
|
|t:|1746145014
|move|p2a: Shrekster|Thunder Punch|p1a: Jellicent
|-supereffective|p1a: Jellicent
|-damage|p1a: Jellicent|0 fnt
|faint|p1a: Jellicent
|
|-weather|Sandstorm|[upkeep]
|-damage|p2a: Shrekster|66/100|[from] Sandstorm
|-heal|p2a: Shrekster|72/100|[from] item: Leftovers
|upkeep
|
|t:|1746145019
|switch|p1a: Garchomp|Garchomp, F|100/100
|turn|16
|
|t:|1746145026
|move|p1a: Garchomp|Outrage|p2a: Shrekster
|-damage|p2a: Shrekster|24/100
|move|p2a: Shrekster|Ice Punch|p1a: Garchomp
|-supereffective|p1a: Garchomp
|-damage|p1a: Garchomp|0 fnt
|-damage|p2a: Shrekster|12/100|[from] ability: Rough Skin|[of] p1a: Garchomp
|faint|p1a: Garchomp
|
|-weather|Sandstorm|[upkeep]
|-damage|p2a: Shrekster|6/100|[from] Sandstorm
|-heal|p2a: Shrekster|12/100|[from] item: Leftovers
|upkeep
|
|t:|1746145031
|switch|p1a: Tyranitar|Tyranitar, M|100/100
|turn|17
|
|t:|1746145041
|move|p2a: Shrekster|Mach Punch|p1a: Tyranitar
|-supereffective|p1a: Tyranitar
|-damage|p1a: Tyranitar|0 fnt
|faint|p1a: Tyranitar
|
|win|daddy_days2
|raw|scanners's rating: 1409 &rarr; <strong>1391</strong><br />(-18 for losing)
|raw|daddy_days2's rating: 1448 &rarr; <strong>1466</strong><br />(+18 for winning)
|l|☆scanners
|player|p1|
