|j|☆yayadooms
|j|☆game is game7❤
|player|p1|yayadooms|169
|player|p2|game is game7❤|#zinnia
|teamsize|p1|6
|teamsize|p2|6
|gametype|singles
|gen|5
|tier|[Gen 5] OU
|rated|
|rule|Sleep Clause Mod: Limit one foe put to sleep
|rule|Species Clause: Limit one of each Pokémon
|rule|OHKO Clause: OHKO moves are banned
|rule|Moody Clause: Moody is banned
|rule|Evasion Moves Clause: Evasion moves are banned
|rule|Endless Battle Clause: Forcing endless battles is banned
|rule|HP Percentage Mod: HP is shown in percentages
|rule|Evasion Abilities Clause: Evasion abilities are banned
|rule|Baton Pass Clause: Limit one Baton Passer, can't pass Spe and other stats simultaneously
|rule|Swagger Clause: Swagger is banned
|clearpoke
|poke|p1|Landorus-Therian, M|item
|poke|p1|Latios, M|item
|poke|p1|Tyranitar, F|item
|poke|p1|Gyarados, M|item
|poke|p1|Breloom, M|item
|poke|p1|Jirachi|item
|poke|p2|Politoed, F|item
|poke|p2|Gliscor, M|item
|poke|p2|Tentacruel, F|item
|poke|p2|Skarmory, M|item
|poke|p2|Chansey, F|item
|poke|p2|Kyurem|item
|teampreview
|inactive|Battle timer is ON: inactive players will automatically lose when time's up. (requested by game is game7❤)
|inactive|yayadooms has 135 seconds left.
|inactive|game is game7❤ has 135 seconds left.
|inactive|yayadooms has 120 seconds left.
|inactive|game is game7❤ has 120 seconds left.
|inactive|game is game7❤ has 105 seconds left.
|inactive|game is game7❤ has 90 seconds left.
|
|start
|switch|p1a: Latios|Latios, M|100/100
|switch|p2a: Skarmory|Skarmory, M|100/100
|turn|1
|
|switch|p1a: Breloom|Breloom, M|100/100
|switch|p2a: Politoed|Politoed, F|100/100
|-weather|RainDance|[from] ability: Drizzle|[of] p2a: Politoed
|
|-weather|RainDance|[upkeep]
|-status|p1a: Breloom|tox|[from] item: Toxic Orb
|upkeep
|turn|2
|
|switch|p2a: Tentacruel|Tentacruel, F|100/100
|move|p1a: Breloom|Spore|p2a: Tentacruel
|-status|p2a: Tentacruel|slp
|
|-weather|RainDance|[upkeep]
|upkeep
|turn|3
|inactive|yayadooms has 135 seconds left.
|inactive|game is game7❤ has 135 seconds left.
|inactive|game is game7❤ has 120 seconds left.
|inactive|yayadooms has 120 seconds left.
|
|switch|p2a: Politoed|Politoed, F|100/100
|switch|p1a: Tyranitar|Tyranitar, F|100/100
|-weather|Sandstorm|[from] ability: Sand Stream|[of] p1a: Tyranitar
|
|-weather|Sandstorm|[upkeep]
|-damage|p2a: Politoed|94/100|[from] Sandstorm
|-heal|p2a: Politoed|100/100|[from] item: Leftovers
|upkeep
|turn|4
|
|move|p2a: Politoed|Scald|p1a: Tyranitar
|-supereffective|p1a: Tyranitar
|-damage|p1a: Tyranitar|78/100
|-status|p1a: Tyranitar|brn
|move|p1a: Tyranitar|Stealth Rock|p2a: Politoed
|-sidestart|p2: game is game7❤|move: Stealth Rock
|
|-weather|Sandstorm|[upkeep]
|-damage|p2a: Politoed|94/100|[from] Sandstorm
|-heal|p2a: Politoed|100/100|[from] item: Leftovers
|-damage|p1a: Tyranitar|65/100 brn|[from] brn
|upkeep
|turn|5
|
|switch|p1a: Breloom|Breloom, M|100/100 tox
|move|p2a: Politoed|Ice Beam|p1a: Breloom
|-supereffective|p1a: Breloom
|-damage|p1a: Breloom|57/100 tox
|
|-weather|Sandstorm|[upkeep]
|-damage|p1a: Breloom|51/100 tox|[from] Sandstorm
|-damage|p2a: Politoed|94/100|[from] Sandstorm
|-heal|p2a: Politoed|100/100|[from] item: Leftovers
|-heal|p1a: Breloom|64/100 tox|[from] ability: Poison Heal
|upkeep
|turn|6
|inactive|yayadooms has 135 seconds left.
|inactive|yayadooms has 120 seconds left.
|
|move|p1a: Breloom|Drain Punch|p2a: Politoed
|-damage|p2a: Politoed|77/100
|-heal|p1a: Breloom|78/100 tox|[from] drain|[of] p2a: Politoed
|move|p2a: Politoed|Ice Beam|p1a: Breloom
|-supereffective|p1a: Breloom
|-damage|p1a: Breloom|39/100 tox
|
|-weather|Sandstorm|[upkeep]
|-damage|p1a: Breloom|33/100 tox|[from] Sandstorm
|-damage|p2a: Politoed|71/100|[from] Sandstorm
|-heal|p2a: Politoed|77/100|[from] item: Leftovers
|-heal|p1a: Breloom|45/100 tox|[from] ability: Poison Heal
|upkeep
|turn|7
|inactive|game is game7❤ has 135 seconds left.
|
|move|p1a: Breloom|Drain Punch|p2a: Politoed
|-crit|p2a: Politoed
|-damage|p2a: Politoed|28/100
|-heal|p1a: Breloom|75/100 tox|[from] drain|[of] p2a: Politoed
|move|p2a: Politoed|Ice Beam|p1a: Breloom
|-supereffective|p1a: Breloom
|-damage|p1a: Breloom|33/100 tox
|
|-weather|Sandstorm|[upkeep]
|-damage|p1a: Breloom|27/100 tox|[from] Sandstorm
|-damage|p2a: Politoed|21/100|[from] Sandstorm
|-heal|p2a: Politoed|28/100|[from] item: Leftovers
|-heal|p1a: Breloom|39/100 tox|[from] ability: Poison Heal
|upkeep
|turn|8
|inactive|game is game7❤ has 135 seconds left.
|
|switch|p2a: Skarmory|Skarmory, M|100/100
|-damage|p2a: Skarmory|88/100|[from] Stealth Rock
|move|p1a: Breloom|Seed Bomb|p2a: Skarmory
|-resisted|p2a: Skarmory
|-damage|p2a: Skarmory|84/100
|
|-weather|Sandstorm|[upkeep]
|-damage|p1a: Breloom|33/100 tox|[from] Sandstorm
|-heal|p2a: Skarmory|90/100|[from] item: Leftovers
|-heal|p1a: Breloom|45/100 tox|[from] ability: Poison Heal
|upkeep
|turn|9
|inactive|yayadooms has 135 seconds left.
|
|switch|p1a: Landorus|Landorus-Therian, M|100/100
|-ability|p1a: Landorus|Intimidate|boost
|-unboost|p2a: Skarmory|atk|1
|move|p2a: Skarmory|Spikes|p1a: Landorus
|-sidestart|p1: yayadooms|Spikes
|
|-weather|Sandstorm|[upkeep]
|-heal|p2a: Skarmory|96/100|[from] item: Leftovers
|upkeep
|turn|10
|
|move|p1a: Landorus|Gravity|p1a: Landorus
|-fieldstart|move: Gravity
|move|p2a: Skarmory|Spikes|p1a: Landorus
|-sidestart|p1: yayadooms|Spikes
|
|-weather|Sandstorm|[upkeep]
|-heal|p2a: Skarmory|100/100|[from] item: Leftovers
|upkeep
|turn|11
|inactive|yayadooms has 135 seconds left.
|inactive|game is game7❤ has 135 seconds left.
|
|switch|p2a: Gliscor|Gliscor, M|100/100
|-damage|p2a: Gliscor|88/100|[from] Stealth Rock
|move|p1a: Landorus|Earthquake|p2a: Gliscor
|-damage|p2a: Gliscor|41/100
|-damage|p1a: Landorus|91/100|[from] item: Life Orb
|
|-weather|Sandstorm|[upkeep]
|-status|p2a: Gliscor|tox|[from] item: Toxic Orb
|upkeep
|turn|12
|
|switch|p2a: Politoed|Politoed, F|28/100
|-damage|p2a: Politoed|15/100|[from] Stealth Rock
|-weather|RainDance|[from] ability: Drizzle|[of] p2a: Politoed
|move|p1a: Landorus|Earthquake|p2a: Politoed
|-damage|p2a: Politoed|0 fnt
|-damage|p1a: Landorus|81/100|[from] item: Life Orb
|faint|p2a: Politoed
|
|-weather|RainDance|[upkeep]
|upkeep
|
|switch|p2a: Kyurem|Kyurem|100/100
|-damage|p2a: Kyurem|76/100|[from] Stealth Rock
|-ability|p2a: Kyurem|Pressure
|turn|13
|
|switch|p1a: Tyranitar|Tyranitar, F|65/100 brn
|-damage|p1a: Tyranitar|49/100 brn|[from] Spikes
|-weather|Sandstorm|[from] ability: Sand Stream|[of] p1a: Tyranitar
|move|p2a: Kyurem|Ice Beam|p1a: Tyranitar
|-damage|p1a: Tyranitar|21/100 brn
|
|-weather|Sandstorm|[upkeep]
|-damage|p2a: Kyurem|69/100|[from] Sandstorm
|-heal|p2a: Kyurem|76/100|[from] item: Leftovers
|-damage|p1a: Tyranitar|9/100 brn|[from] brn
|upkeep
|turn|14
|
|move|p2a: Kyurem|Ice Beam|p1a: Tyranitar
|-damage|p1a: Tyranitar|0 fnt
|faint|p1a: Tyranitar
|
|-weather|Sandstorm|[upkeep]
|-damage|p2a: Kyurem|69/100|[from] Sandstorm
|-heal|p2a: Kyurem|76/100|[from] item: Leftovers
|-fieldend|move: Gravity
|upkeep
|
|switch|p1a: Latios|Latios, M|100/100
|turn|15
|
|switch|p2a: Chansey|Chansey, F|100/100
|-damage|p2a: Chansey|88/100|[from] Stealth Rock
|move|p1a: Latios|Draco Meteor|p2a: Chansey
|-damage|p2a: Chansey|57/100
|-unboost|p1a: Latios|spa|2
|
|-weather|Sandstorm|[upkeep]
|-damage|p1a: Latios|95/100|[from] Sandstorm
|-damage|p2a: Chansey|51/100|[from] Sandstorm
|upkeep
|turn|16
|
|switch|p1a: Jirachi|Jirachi|100/100
|-damage|p1a: Jirachi|84/100|[from] Spikes
|move|p2a: Chansey|Seismic Toss|p1a: Jirachi
|-damage|p1a: Jirachi|55/100
|
|-weather|Sandstorm|[upkeep]
|-damage|p2a: Chansey|45/100|[from] Sandstorm
|upkeep
|turn|17
|
|switch|p2a: Skarmory|Skarmory, M|100/100
|-damage|p2a: Skarmory|88/100|[from] Stealth Rock
|move|p1a: Jirachi|Iron Head|p2a: Skarmory
|-resisted|p2a: Skarmory
|-damage|p2a: Skarmory|77/100
|
|-weather|Sandstorm|[upkeep]
|-heal|p2a: Skarmory|83/100|[from] item: Leftovers
|upkeep
|turn|18
|
|move|p1a: Jirachi|Iron Head|p2a: Skarmory
|-resisted|p2a: Skarmory
|-damage|p2a: Skarmory|73/100
|cant|p2a: Skarmory|flinch
|
|-weather|Sandstorm|[upkeep]
|-heal|p2a: Skarmory|79/100|[from] item: Leftovers
|upkeep
|turn|19
|
|move|p1a: Jirachi|Iron Head|p2a: Skarmory
|-resisted|p2a: Skarmory
|-damage|p2a: Skarmory|68/100
|cant|p2a: Skarmory|flinch
|
|-weather|Sandstorm|[upkeep]
|-heal|p2a: Skarmory|74/100|[from] item: Leftovers
|upkeep
|turn|20
|
|switch|p1a: Latios|Latios, M|95/100
|move|p2a: Skarmory|Spikes|p1a: Latios
|-sidestart|p1: yayadooms|Spikes
|
|-weather|Sandstorm|[upkeep]
|-damage|p1a: Latios|89/100|[from] Sandstorm
|-heal|p2a: Skarmory|80/100|[from] item: Leftovers
|upkeep
|turn|21
|inactive|game is game7❤ has 135 seconds left.
|inactive|game is game7❤ has 120 seconds left.
|inactive|game is game7❤ has 105 seconds left.
|
|switch|p2a: Tentacruel|Tentacruel, F|100/100 slp
|-damage|p2a: Tentacruel|88/100 slp|[from] Stealth Rock
|move|p1a: Latios|Surf|p2a: Tentacruel
|-resisted|p2a: Tentacruel
|-crit|p2a: Tentacruel
|-damage|p2a: Tentacruel|56/100 slp
|
|-weather|Sandstorm|[upkeep]
|-damage|p1a: Latios|83/100|[from] Sandstorm
|-damage|p2a: Tentacruel|50/100 slp|[from] Sandstorm
|-heal|p2a: Tentacruel|56/100 slp|[from] item: Black Sludge
|upkeep
|turn|22
|inactive|game is game7❤ has 135 seconds left.
|inactive|game is game7❤ has 120 seconds left.
|
|switch|p1a: Gyarados|Gyarados, M|100/100
|switch|p2a: Kyurem|Kyurem|76/100
|-damage|p2a: Kyurem|51/100|[from] Stealth Rock
|-ability|p2a: Kyurem|Pressure
|
|-weather|Sandstorm|[upkeep]
|-damage|p2a: Kyurem|44/100|[from] Sandstorm
|-damage|p1a: Gyarados|94/100|[from] Sandstorm
|-heal|p2a: Kyurem|51/100|[from] item: Leftovers
|upkeep
|turn|23
|
|move|p2a: Kyurem|Roost|p2a: Kyurem
|-heal|p2a: Kyurem|100/100
|move|p1a: Gyarados|Dragon Dance|p1a: Gyarados
|-boost|p1a: Gyarados|atk|1
|-boost|p1a: Gyarados|spe|1
|
|-weather|Sandstorm|[upkeep]
|-damage|p1a: Gyarados|88/100|[from] Sandstorm
|-damage|p2a: Kyurem|94/100|[from] Sandstorm
|-heal|p2a: Kyurem|100/100|[from] item: Leftovers
|upkeep
|turn|24
|
|move|p1a: Gyarados|Outrage|p2a: Kyurem
|-enditem|p1a: Gyarados|Dragon Gem|[from] gem|[move] Outrage
|-supereffective|p2a: Kyurem
|-damage|p2a: Kyurem|0 fnt
|faint|p2a: Kyurem
|-ability|p1a: Gyarados|Moxie|boost
|-boost|p1a: Gyarados|atk|1
|
|-weather|Sandstorm|[upkeep]
|-damage|p1a: Gyarados|82/100|[from] Sandstorm
|upkeep
|
|switch|p2a: Skarmory|Skarmory, M|80/100
|-damage|p2a: Skarmory|67/100|[from] Stealth Rock
|turn|25
|
|move|p1a: Gyarados|Outrage|p2a: Skarmory|[from]lockedmove
|-resisted|p2a: Skarmory
|-damage|p2a: Skarmory|43/100
|-start|p1a: Gyarados|confusion|[fatigue]
|move|p2a: Skarmory|Roost|p2a: Skarmory
|-heal|p2a: Skarmory|94/100
|
|-weather|Sandstorm|[upkeep]
|-damage|p1a: Gyarados|76/100|[from] Sandstorm
|-heal|p2a: Skarmory|99/100|[from] item: Leftovers
|upkeep
|turn|26
|
|-activate|p1a: Gyarados|confusion
|-damage|p1a: Gyarados|39/100|[from] confusion
|move|p2a: Skarmory|Whirlwind|p1a: Gyarados
|drag|p1a: Landorus|Landorus-Therian, M|81/100
|-ability|p1a: Landorus|Intimidate|boost
|-unboost|p2a: Skarmory|atk|1
|
|-weather|Sandstorm|[upkeep]
|-heal|p2a: Skarmory|100/100|[from] item: Leftovers
|upkeep
|turn|27
|
|move|p1a: Landorus|Gravity|p1a: Landorus
|-fieldstart|move: Gravity
|move|p2a: Skarmory|Whirlwind|p1a: Landorus
|drag|p1a: Jirachi|Jirachi|55/100
|-damage|p1a: Jirachi|30/100|[from] Spikes
|
|-weather|Sandstorm|[upkeep]
|upkeep
|turn|28
|
|switch|p1a: Breloom|Breloom, M|45/100 tox
|-damage|p1a: Breloom|20/100 tox|[from] Spikes
|move|p2a: Skarmory|Whirlwind|p1a: Breloom
|drag|p1a: Latios|Latios, M|83/100
|-damage|p1a: Latios|58/100|[from] Spikes
|
|-weather|Sandstorm|[upkeep]
|-damage|p1a: Latios|52/100|[from] Sandstorm
|upkeep
|turn|29
|inactive|yayadooms has 135 seconds left.
|inactive|game is game7❤ has 135 seconds left.
|
|switch|p1a: Breloom|Breloom, M|20/100 tox
|-damage|p1a: Breloom|0 fnt|[from] Spikes
|faint|p1a: Breloom
|switch|p2a: Gliscor|Gliscor, M|41/100 tox
|-damage|p2a: Gliscor|29/100 tox|[from] Stealth Rock
|
|-weather|Sandstorm|[upkeep]
|-heal|p2a: Gliscor|41/100 tox|[from] ability: Poison Heal
|upkeep
|
|switch|p1a: Landorus|Landorus-Therian, M|81/100
|-damage|p1a: Landorus|56/100|[from] Spikes
|-ability|p1a: Landorus|Intimidate|boost
|-unboost|p2a: Gliscor|atk|1
|turn|30
|inactive|yayadooms has 135 seconds left.
|
|move|p1a: Landorus|Earthquake|p2a: Gliscor
|-damage|p2a: Gliscor|0 fnt
|-damage|p1a: Landorus|46/100|[from] item: Life Orb
|faint|p2a: Gliscor
|
|-weather|Sandstorm|[upkeep]
|upkeep
|
|switch|p2a: Tentacruel|Tentacruel, F|56/100 slp
|-damage|p2a: Tentacruel|43/100 slp|[from] Stealth Rock
|turn|31
|
|move|p1a: Landorus|Earthquake|p2a: Tentacruel
|-supereffective|p2a: Tentacruel
|-damage|p2a: Tentacruel|0 fnt
|-damage|p1a: Landorus|36/100|[from] item: Life Orb
|faint|p2a: Tentacruel
|
|-weather|Sandstorm|[upkeep]
|-fieldend|move: Gravity
|upkeep
|
|switch|p2a: Skarmory|Skarmory, M|100/100
|-damage|p2a: Skarmory|88/100|[from] Stealth Rock
|turn|32
|
|switch|p1a: Gyarados|Gyarados, M|39/100
|move|p2a: Skarmory|Brave Bird|p1a: Gyarados
|-damage|p1a: Gyarados|0 fnt
|-damage|p2a: Skarmory|76/100|[from] Recoil
|faint|p1a: Gyarados
|
|-weather|Sandstorm|[upkeep]
|-heal|p2a: Skarmory|82/100|[from] item: Leftovers
|upkeep
|
|switch|p1a: Jirachi|Jirachi|30/100
|-damage|p1a: Jirachi|5/100|[from] Spikes
|turn|33
|
|move|p1a: Jirachi|Healing Wish|p1a: Jirachi
|faint|p1a: Jirachi
|move|p2a: Skarmory|Roost|p2a: Skarmory
|-heal|p2a: Skarmory|100/100
|
|-weather|Sandstorm|[upkeep]
|upkeep
|
|switch|p1a: Landorus|Landorus-Therian, M|36/100
|-heal|p1a: Landorus|100/100|[from] move: Healing Wish
|-ability|p1a: Landorus|Intimidate|boost
|-unboost|p2a: Skarmory|atk|1
|turn|34
|
|move|p1a: Landorus|Gravity|p1a: Landorus
|-fieldstart|move: Gravity
|move|p2a: Skarmory|Whirlwind|p1a: Landorus
|drag|p1a: Latios|Latios, M|52/100
|-damage|p1a: Latios|27/100|[from] Spikes
|
|-weather|Sandstorm|[upkeep]
|-damage|p1a: Latios|21/100|[from] Sandstorm
|upkeep
|turn|35
|inactive|game is game7❤ has 135 seconds left.
|inactive|yayadooms has 135 seconds left.
|inactive|game is game7❤ has 120 seconds left.
|
|switch|p1a: Landorus|Landorus-Therian, M|100/100
|-damage|p1a: Landorus|76/100|[from] Spikes
|-ability|p1a: Landorus|Intimidate|boost
|-unboost|p2a: Skarmory|atk|1
|move|p2a: Skarmory|Brave Bird|p1a: Landorus
|-damage|p1a: Landorus|58/100
|-damage|p2a: Skarmory|94/100|[from] Recoil
|
|-weather|Sandstorm|[upkeep]
|-heal|p2a: Skarmory|100/100|[from] item: Leftovers
|upkeep
|turn|36
|
|move|p1a: Landorus|Earthquake|p2a: Skarmory
|-supereffective|p2a: Skarmory
|-damage|p2a: Skarmory|1/100
|-damage|p1a: Landorus|48/100|[from] item: Life Orb
|move|p2a: Skarmory|Whirlwind|p1a: Landorus
|drag|p1a: Latios|Latios, M|21/100
|-damage|p1a: Latios|0 fnt|[from] Spikes
|faint|p1a: Latios
|
|-weather|Sandstorm|[upkeep]
|-heal|p2a: Skarmory|7/100|[from] item: Leftovers
|upkeep
|
|switch|p1a: Landorus|Landorus-Therian, M|48/100
|-damage|p1a: Landorus|23/100|[from] Spikes
|-ability|p1a: Landorus|Intimidate|boost
|-unboost|p2a: Skarmory|atk|1
|turn|37
|
|move|p1a: Landorus|Earthquake|p2a: Skarmory
|-supereffective|p2a: Skarmory
|-damage|p2a: Skarmory|0 fnt
|-damage|p1a: Landorus|13/100|[from] item: Life Orb
|faint|p2a: Skarmory
|
|-weather|Sandstorm|[upkeep]
|upkeep
|-message|game is game7❤ forfeited.
|
|win|yayadooms
|l|☆game is game7❤
|raw|yayadooms's rating: 1522 &rarr; <strong>1532</strong><br />(+10 for winning)
|raw|game is game7❤'s rating: 1325 &rarr; <strong>1315</strong><br />(-10 for losing)
|l|☆yayadooms
|j|☆game is game7❤
