|j|☆Aa tozz (----)
|j|☆Gh0st of Perdition
|player|p1|Aa tozz (----)|swimmer-gen4dp|1432
|player|p2|Gh0st of Perdition|guitarist-gen4|1583
|teamsize|p1|6
|teamsize|p2|6
|gametype|singles
|gen|5
|tier|[Gen 5] OU
|rated|
|clearpoke
|poke|p1|Politoed, F|item
|poke|p1|Gliscor, M|item
|poke|p1|Bronzong|item
|poke|p1|Ferrothorn, F|item
|poke|p1|Tentacruel, M|item
|poke|p1|Tornadus, M|item
|poke|p2|Tyranitar, M|item
|poke|p2|Landorus-Therian, M|item
|poke|p2|Terrakion|item
|poke|p2|Excadrill, M|item
|poke|p2|Breloom, M|item
|poke|p2|Rotom-Wash|item
|rule|Species Clause: Limit one of each Pokémon
|rule|OHKO Clause: OHKO moves are banned
|rule|Moody Clause: Moody is banned
|rule|Evasion Moves Clause: Evasion moves are banned
|rule|Endless Battle Clause: Forcing endless battles is banned
|rule|HP Percentage Mod: HP is shown in percentages
|rule|Evasion Abilities Clause: Evasion abilities are banned
|rule|Baton Pass Clause: Limit one Baton Passer, can't pass Spe and other stats simultaneously
|rule|Sleep Clause: Sleep-inducing moves are banned
|rule|Swagger Clause: Swagger is banned
|teampreview
|inactive|Battle timer is ON: inactive players will automatically lose when time's up. (requested by Aa tozz (----))
|
|start
|switch|p1a: Bronzong|Bronzong|100/100
|switch|p2a: Breloom|Breloom, M|100/100
|turn|1
|
|move|p2a: Breloom|Swords Dance|p2a: Breloom
|-boost|p2a: Breloom|atk|2
|move|p1a: Bronzong|Stealth Rock|p2a: Breloom
|-sidestart|p2: Gh0st of Perdition|move: Stealth Rock
|
|-status|p2a: Breloom|tox|[from] item: Toxic Orb
|upkeep
|turn|2
|
|move|p2a: Breloom|Facade|p1a: Bronzong
|-resisted|p1a: Bronzong
|-damage|p1a: Bronzong|72/100
|move|p1a: Bronzong|Hidden Power|p2a: Breloom
|-supereffective|p2a: Breloom
|-damage|p2a: Breloom|66/100 tox
|
|-heal|p1a: Bronzong|78/100|[from] item: Leftovers
|-heal|p2a: Breloom|79/100 tox|[from] ability: Poison Heal
|upkeep
|turn|3
|
|move|p2a: Breloom|Drain Punch|p1a: Bronzong
|-damage|p1a: Bronzong|24/100
|-heal|p2a: Breloom|100/100 tox|[from] drain|[of] p1a: Bronzong
|move|p1a: Bronzong|Hidden Power|p2a: Breloom
|-supereffective|p2a: Breloom
|-damage|p2a: Breloom|67/100 tox
|
|-heal|p1a: Bronzong|30/100|[from] item: Leftovers
|-heal|p2a: Breloom|79/100 tox|[from] ability: Poison Heal
|upkeep
|turn|4
|
|move|p2a: Breloom|Drain Punch|p1a: Bronzong
|-damage|p1a: Bronzong|0 fnt
|-heal|p2a: Breloom|95/100 tox|[from] drain|[of] p1a: Bronzong
|faint|p1a: Bronzong
|
|-heal|p2a: Breloom|100/100 tox|[from] ability: Poison Heal
|upkeep
|
|switch|p1a: Tornadus|Tornadus, M|100/100
|turn|5
|
|move|p2a: Breloom|Protect|p2a: Breloom
|-singleturn|p2a: Breloom|Protect
|move|p1a: Tornadus|U-turn|p2a: Breloom
|-activate|p2a: Breloom|move: Protect
|
|upkeep
|turn|6
|
|move|p1a: Tornadus|U-turn|p2a: Breloom
|-damage|p2a: Breloom|79/100 tox
|
|switch|p1a: Politoed|Politoed, F|100/100|[from]move: U-turn
|-weather|RainDance|[from] ability: Drizzle|[of] p1a: Politoed
|move|p2a: Breloom|Drain Punch|p1a: Politoed
|-damage|p1a: Politoed|46/100
|-heal|p2a: Breloom|100/100 tox|[from] drain|[of] p1a: Politoed
|
|-weather|RainDance|[upkeep]
|-heal|p1a: Politoed|52/100|[from] item: Leftovers
|upkeep
|turn|7
|
|move|p2a: Breloom|Drain Punch|p1a: Politoed
|-damage|p1a: Politoed|0 fnt
|faint|p1a: Politoed
|
|-weather|RainDance|[upkeep]
|upkeep
|
|switch|p1a: Tornadus|Tornadus, M|100/100
|turn|8
|
|move|p2a: Breloom|Protect|p2a: Breloom
|-singleturn|p2a: Breloom|Protect
|move|p1a: Tornadus|Hurricane|p2a: Breloom
|-activate|p2a: Breloom|move: Protect
|
|-weather|RainDance|[upkeep]
|upkeep
|turn|9
|
|switch|p2a: Tyranitar|Tyranitar, M|100/100
|-damage|p2a: Tyranitar|88/100|[from] Stealth Rock
|-weather|Sandstorm|[from] ability: Sand Stream|[of] p2a: Tyranitar
|move|p1a: Tornadus|Hurricane|p2a: Tyranitar
|-resisted|p2a: Tyranitar
|-damage|p2a: Tyranitar|67/100
|-start|p2a: Tyranitar|confusion
|
|-weather|Sandstorm|[upkeep]
|-damage|p1a: Tornadus|94/100|[from] Sandstorm
|upkeep
|turn|10
|
|-activate|p1a: Tornadus|move: Pursuit
|-activate|p2a: Tyranitar|confusion
|-damage|p2a: Tyranitar|56/100|[from] confusion
|switch|p1a: Ferrothorn|Ferrothorn, F|100/100
|
|-weather|Sandstorm|[upkeep]
|upkeep
|turn|11
|
|switch|p2a: Excadrill|Excadrill, M|100/100
|-damage|p2a: Excadrill|97/100|[from] Stealth Rock
|move|p1a: Ferrothorn|Spikes|p2a: Excadrill
|-sidestart|p2: Gh0st of Perdition|Spikes
|
|-weather|Sandstorm|[upkeep]
|-heal|p2a: Excadrill|100/100|[from] item: Leftovers
|upkeep
|turn|12
|
|move|p2a: Excadrill|Rapid Spin|p1a: Ferrothorn
|-resisted|p1a: Ferrothorn
|-damage|p1a: Ferrothorn|98/100
|-damage|p2a: Excadrill|88/100|[from] ability: Iron Barbs|[of] p1a: Ferrothorn
|-sideend|p2: Gh0st of Perdition|Spikes|[from] move: Rapid Spin|[of] p2a: Excadrill
|-sideend|p2: Gh0st of Perdition|Stealth Rock|[from] move: Rapid Spin|[of] p2a: Excadrill
|move|p1a: Ferrothorn|Power Whip|p2a: Excadrill
|-damage|p2a: Excadrill|31/100
|
|-weather|Sandstorm|[upkeep]
|-heal|p2a: Excadrill|37/100|[from] item: Leftovers
|-heal|p1a: Ferrothorn|100/100|[from] item: Leftovers
|upkeep
|turn|13
|
|move|p2a: Excadrill|Earthquake|p1a: Ferrothorn
|-damage|p1a: Ferrothorn|49/100
|move|p1a: Ferrothorn|Power Whip|p2a: Excadrill
|-damage|p2a: Excadrill|0 fnt
|faint|p2a: Excadrill
|
|-weather|Sandstorm|[upkeep]
|-heal|p1a: Ferrothorn|55/100|[from] item: Leftovers
|upkeep
|
|switch|p2a: Breloom|Breloom, M|100/100 tox
|turn|14
|
|switch|p1a: Tornadus|Tornadus, M|94/100
|move|p2a: Breloom|Swords Dance|p2a: Breloom
|-boost|p2a: Breloom|atk|2
|
|-weather|Sandstorm|[upkeep]
|-damage|p1a: Tornadus|88/100|[from] Sandstorm
|-damage|p2a: Breloom|94/100 tox|[from] Sandstorm
|-heal|p2a: Breloom|100/100 tox|[from] ability: Poison Heal
|upkeep
|turn|15
|
|move|p2a: Breloom|Protect|p2a: Breloom
|-singleturn|p2a: Breloom|Protect
|move|p1a: Tornadus|Hurricane|p2a: Breloom
|-activate|p2a: Breloom|move: Protect
|
|-weather|Sandstorm|[upkeep]
|-damage|p1a: Tornadus|82/100|[from] Sandstorm
|-damage|p2a: Breloom|94/100 tox|[from] Sandstorm
|-heal|p2a: Breloom|100/100 tox|[from] ability: Poison Heal
|upkeep
|turn|16
|
|switch|p2a: Tyranitar|Tyranitar, M|56/100
|move|p1a: Tornadus|Hurricane|p2a: Tyranitar
|-resisted|p2a: Tyranitar
|-damage|p2a: Tyranitar|34/100
|
|-weather|Sandstorm|[upkeep]
|-damage|p1a: Tornadus|76/100|[from] Sandstorm
|upkeep
|turn|17
|
|switch|p1a: Ferrothorn|Ferrothorn, F|55/100
|move|p2a: Tyranitar|Ice Beam|p1a: Ferrothorn
|-crit|p1a: Ferrothorn
|-damage|p1a: Ferrothorn|25/100
|
|-weather|Sandstorm|[upkeep]
|-heal|p1a: Ferrothorn|32/100|[from] item: Leftovers
|upkeep
|turn|18
|
|move|p2a: Tyranitar|Fire Blast|p1a: Ferrothorn
|-supereffective|p1a: Ferrothorn
|-damage|p1a: Ferrothorn|0 fnt
|faint|p1a: Ferrothorn
|
|-weather|Sandstorm|[upkeep]
|upkeep
|
|switch|p1a: Tornadus|Tornadus, M|76/100
|turn|19
|
|switch|p2a: Landorus|Landorus-Therian, M|100/100
|-ability|p2a: Landorus|Intimidate|boost
|-unboost|p1a: Tornadus|atk|1
|move|p1a: Tornadus|Hurricane|p2a: Landorus
|-damage|p2a: Landorus|0 fnt
|faint|p2a: Landorus
|
|-weather|Sandstorm|[upkeep]
|-damage|p1a: Tornadus|70/100|[from] Sandstorm
|upkeep
|
|switch|p2a: Rotom|Rotom-Wash|100/100
|turn|20
|
|switch|p1a: Tentacruel|Tentacruel, M|100/100
|move|p2a: Rotom|Will-O-Wisp|p1a: Tentacruel
|-status|p1a: Tentacruel|brn
|
|-weather|Sandstorm|[upkeep]
|-damage|p1a: Tentacruel|94/100 brn|[from] Sandstorm
|-damage|p2a: Rotom|95/100|[from] Sandstorm
|-heal|p1a: Tentacruel|100/100 brn|[from] item: Leftovers
|-heal|p2a: Rotom|100/100|[from] item: Leftovers
|-damage|p1a: Tentacruel|88/100 brn|[from] brn
|upkeep
|turn|21
|
|move|p1a: Tentacruel|Scald|p2a: Rotom
|-resisted|p2a: Rotom
|-crit|p2a: Rotom
|-damage|p2a: Rotom|83/100
|move|p2a: Rotom|Volt Switch|p1a: Tentacruel
|-supereffective|p1a: Tentacruel
|-damage|p1a: Tentacruel|48/100 brn
|
|switch|p2a: Breloom|Breloom, M|100/100 tox|[from]move: Volt Switch
|
|-weather|Sandstorm|[upkeep]
|-damage|p1a: Tentacruel|42/100 brn|[from] Sandstorm
|-damage|p2a: Breloom|94/100 tox|[from] Sandstorm
|-heal|p1a: Tentacruel|48/100 brn|[from] item: Leftovers
|-damage|p1a: Tentacruel|36/100 brn|[from] brn
|-heal|p2a: Breloom|100/100 tox|[from] ability: Poison Heal
|upkeep
|turn|22
|
|switch|p1a: Tornadus|Tornadus, M|70/100
|move|p2a: Breloom|Facade|p1a: Tornadus
|-damage|p1a: Tornadus|0 fnt
|faint|p1a: Tornadus
|
|-weather|Sandstorm|[upkeep]
|-damage|p2a: Breloom|94/100 tox|[from] Sandstorm
|-heal|p2a: Breloom|100/100 tox|[from] ability: Poison Heal
|upkeep
|-message|Aa tozz (----) forfeited.
|
|win|Gh0st of Perdition
|l|☆Aa tozz (----)
|j|☆Aa tozz (----)
|player|p1|Aa tozz (----)|swimmer-gen4dp
|raw|Aa tozz (----)'s rating: 1432 &rarr; <strong>1420</strong><br />(-12 for losing)
|raw|Gh0st of Perdition's rating: 1584 &rarr; <strong>1596</strong><br />(+12 for winning)
