|join|Tokyo Tom✨
|join|Mustounet
|player|p1|Tokyo Tom✨|7
|player|p2|Mustounet|27
|gametype|singles
|gen|5
|tier|[Gen 5] OU
|rated
|rule|Evasion Abilities Clause: Evasion abilities are banned
|clearpoke
|poke|p1|Keldeo-Resolute
|poke|p1|Politoed, M
|poke|p1|Moltres
|poke|p1|Starmie
|poke|p1|Celebi
|poke|p1|Jirachi
|poke|p2|Tyranitar, F
|poke|p2|Amoonguss, F
|poke|p2|Slowbro, M
|poke|p2|Garchomp, F
|poke|p2|Magnezone
|poke|p2|Gengar, M
|rule|Sleep Clause Mod: Limit one foe put to sleep
|rule|Species Clause: Limit one of each Pokémon
|rule|OHKO Clause: OHKO moves are banned
|rule|Moody Clause: Moody is banned
|rule|Evasion Moves Clause: Evasion moves are banned
|rule|Endless Battle Clause: Forcing endless battles is banned
|rule|HP Percentage Mod: HP is shown in percentages
|teampreview
|join|irl cat
|
|start
|switch|p1a: QuESt|Jirachi|351/351
|switch|p2a: Magnezone|Magnezone|282/282
|turn|1
|
|move|p2a: Magnezone|Thunderbolt|p1a: QuESt
|-damage|p1a: QuESt|191/351
|move|p1a: QuESt|Stealth Rock|p2a: Magnezone
|-sidestart|p2: Mustounet|move: Stealth Rock
|
|turn|2
|
|move|p2a: Magnezone|Thunderbolt|p1a: QuESt
|-damage|p1a: QuESt|11/351
|move|p1a: QuESt|Icy Wind|p2a: Magnezone
|-resisted|p2a: Magnezone
|-damage|p2a: Magnezone|249/282
|-unboost|p2a: Magnezone|spe|1
|
|turn|3
|
|move|p1a: QuESt|Iron Head|p2a: Magnezone
|-resisted|p2a: Magnezone
|-damage|p2a: Magnezone|225/282
|cant|p2a: Magnezone|flinch
|
|turn|4
|
|move|p1a: QuESt|Iron Head|p2a: Magnezone
|-resisted|p2a: Magnezone
|-damage|p2a: Magnezone|204/282
|move|p2a: Magnezone|Thunderbolt|p1a: QuESt
|-damage|p1a: QuESt|0 fnt
|faint|p1a: QuESt
|
|
|switch|p1a: Jon Bellion|Celebi|401/401
|turn|5
|leave|irl cat
|
|switch|p2a: Tyranitar|Tyranitar, F|404/404
|-damage|p2a: Tyranitar|354/404|[from] Stealth Rock
|-weather|Sandstorm|[from] ability: Sand Stream|[of] p2a: Tyranitar
|move|p1a: Jon Bellion|Baton Pass|p1a: Jon Bellion
|
|switch|p1a: 6ix|Politoed, M|359/359
|-weather|RainDance|[from] ability: Drizzle|[of] p1a: 6ix
|
|-weather|RainDance|[upkeep]
|-heal|p2a: Tyranitar|379/404|[from] item: Leftovers
|turn|6
|
|switch|p2a: Slowbro|Slowbro, M|393/393
|-damage|p2a: Slowbro|344/393|[from] Stealth Rock
|move|p1a: 6ix|Ice Beam|p2a: Slowbro
|-resisted|p2a: Slowbro
|-damage|p2a: Slowbro|283/393
|
|-weather|RainDance|[upkeep]
|-heal|p2a: Slowbro|307/393|[from] item: Leftovers
|turn|7
|
|switch|p1a: Jon Bellion|Celebi|401/401
|move|p2a: Slowbro|Thunder Wave|p1a: Jon Bellion
|-status|p1a: Jon Bellion|par
|
|-weather|RainDance|[upkeep]
|-heal|p2a: Slowbro|331/393|[from] item: Leftovers
|turn|8
|
|switch|p2a: Magnezone|Magnezone|204/282
|-damage|p2a: Magnezone|187/282|[from] Stealth Rock
|move|p1a: Jon Bellion|Baton Pass|p1a: Jon Bellion
|
|switch|p1a: Phil Ade|Keldeo-Resolute|323/323
|
|-weather|RainDance|[upkeep]
|turn|9
|
|switch|p2a: Amoonguss|Amoonguss, F|430/430
|-damage|p2a: Amoonguss|377/430|[from] Stealth Rock
|move|p1a: Phil Ade|Surf|p2a: Amoonguss
|-resisted|p2a: Amoonguss
|-damage|p2a: Amoonguss|270/430
|
|-weather|RainDance|[upkeep]
|-heal|p2a: Amoonguss|296/430|[from] item: Black Sludge
|turn|10
|
|switch|p1a: Jon Bellion|Celebi|401/401
|move|p2a: Amoonguss|Spore|p1a: Jon Bellion
|-status|p1a: Jon Bellion|slp
|
|-weather|RainDance|[upkeep]
|-heal|p2a: Amoonguss|322/430|[from] item: Black Sludge
|turn|11
|
|cant|p1a: Jon Bellion|slp
|move|p2a: Amoonguss|Stun Spore|p1a: Jon Bellion
|-fail|p1a: Jon Bellion
|
|-weather|RainDance|[upkeep]
|-heal|p2a: Amoonguss|348/430|[from] item: Black Sludge
|turn|12
|
|switch|p1a: 6ix|Politoed, M|359/359
|switch|p2a: Gengar|Gengar, M|262/262
|-damage|p2a: Gengar|230/262|[from] Stealth Rock
|
|-weather|RainDance|[upkeep]
|turn|13
|
|move|p2a: Gengar|Protect|p2a: Gengar
|-singleturn|p2a: Gengar|Protect
|move|p1a: 6ix|Hydro Pump|p2a: Gengar
|-activate|p2a: Gengar|Protect
|
|-weather|RainDance|[upkeep]
|turn|14
|
|switch|p2a: Amoonguss|Amoonguss, F|430/430
|-damage|p2a: Amoonguss|377/430|[from] Stealth Rock
|move|p1a: 6ix|Psychic|p2a: Amoonguss
|-supereffective|p2a: Amoonguss
|-damage|p2a: Amoonguss|199/430
|
|-weather|RainDance|[upkeep]
|-heal|p2a: Amoonguss|225/430|[from] item: Black Sludge
|turn|15
|
|switch|p1a: Jon Bellion|Celebi|401/401
|move|p2a: Amoonguss|Giga Drain|p1a: Jon Bellion
|-resisted|p1a: Jon Bellion
|-damage|p1a: Jon Bellion|374/401
|-heal|p2a: Amoonguss|239/430|[from] drain|[of] p1a: Jon Bellion
|
|-weather|RainDance|[upkeep]
|-heal|p1a: Jon Bellion|399/401|[from] item: Leftovers
|-heal|p2a: Amoonguss|265/430|[from] item: Black Sludge
|turn|16
|
|switch|p2a: Tyranitar|Tyranitar, F|379/404
|-damage|p2a: Tyranitar|329/404|[from] Stealth Rock
|-weather|Sandstorm|[from] ability: Sand Stream|[of] p2a: Tyranitar
|move|p1a: Jon Bellion|Nasty Plot|p1a: Jon Bellion
|-boost|p1a: Jon Bellion|spa|2
|
|-weather|Sandstorm|[upkeep]
|-damage|p1a: Jon Bellion|374/401|[from] sandstorm
|-heal|p1a: Jon Bellion|399/401|[from] item: Leftovers
|-heal|p2a: Tyranitar|354/404|[from] item: Leftovers
|turn|17
|
|move|p1a: Jon Bellion|Baton Pass|p1a: Jon Bellion
|
|switch|p1a: Phil Ade|Keldeo-Resolute|323/323
|move|p2a: Tyranitar|Superpower|p1a: Phil Ade
|-damage|p1a: Phil Ade|182/323
|-unboost|p2a: Tyranitar|atk|1
|-unboost|p2a: Tyranitar|def|1
|
|-weather|Sandstorm|[upkeep]
|-damage|p1a: Phil Ade|162/323|[from] sandstorm
|-heal|p2a: Tyranitar|379/404|[from] item: Leftovers
|turn|18
|
|switch|p2a: Slowbro|Slowbro, M|393/393
|-damage|p2a: Slowbro|344/393|[from] Stealth Rock
|move|p1a: Phil Ade|Surf|p2a: Slowbro
|-resisted|p2a: Slowbro
|-damage|p2a: Slowbro|158/393
|
|-weather|Sandstorm|[upkeep]
|-damage|p1a: Phil Ade|142/323|[from] sandstorm
|-damage|p2a: Slowbro|134/393|[from] sandstorm
|-heal|p2a: Slowbro|158/393|[from] item: Leftovers
|turn|19
|
|switch|p2a: Amoonguss|Amoonguss, F|408/430
|-damage|p2a: Amoonguss|355/430|[from] Stealth Rock
|move|p1a: Phil Ade|Surf|p2a: Amoonguss
|-resisted|p2a: Amoonguss
|-damage|p2a: Amoonguss|223/430
|
|-weather|Sandstorm|[upkeep]
|-damage|p1a: Phil Ade|122/323|[from] sandstorm
|-damage|p2a: Amoonguss|197/430|[from] sandstorm
|-heal|p2a: Amoonguss|223/430|[from] item: Black Sludge
|turn|20
|
|switch|p1a: Jon Bellion|Celebi|399/401
|move|p2a: Amoonguss|Giga Drain|p1a: Jon Bellion
|-resisted|p1a: Jon Bellion
|-damage|p1a: Jon Bellion|369/401
|-heal|p2a: Amoonguss|238/430|[from] drain|[of] p1a: Jon Bellion
|
|-weather|Sandstorm|[upkeep]
|-damage|p1a: Jon Bellion|344/401|[from] sandstorm
|-damage|p2a: Amoonguss|212/430|[from] sandstorm
|-heal|p1a: Jon Bellion|369/401|[from] item: Leftovers
|-heal|p2a: Amoonguss|238/430|[from] item: Black Sludge
|turn|21
|
|move|p1a: Jon Bellion|Nasty Plot|p1a: Jon Bellion
|-boost|p1a: Jon Bellion|spa|2
|move|p2a: Amoonguss|Spore|p1a: Jon Bellion
|-status|p1a: Jon Bellion|slp
|
|-weather|Sandstorm|[upkeep]
|-damage|p1a: Jon Bellion|344/401 slp|[from] sandstorm
|-damage|p2a: Amoonguss|212/430|[from] sandstorm
|-heal|p1a: Jon Bellion|369/401 slp|[from] item: Leftovers
|-heal|p2a: Amoonguss|238/430|[from] item: Black Sludge
|turn|22
|
|switch|p2a: Gengar|Gengar, M|230/262
|-damage|p2a: Gengar|198/262|[from] Stealth Rock
|cant|p1a: Jon Bellion|slp
|
|-weather|Sandstorm|[upkeep]
|-damage|p2a: Gengar|182/262|[from] sandstorm
|-damage|p1a: Jon Bellion|344/401 slp|[from] sandstorm
|-heal|p1a: Jon Bellion|369/401 slp|[from] item: Leftovers
|turn|23
|
|switch|p1a: Young Sinatra|Moltres|351/351
|-ability|p1a: Young Sinatra|Pressure
|move|p2a: Gengar|Shadow Ball|p1a: Young Sinatra
|-crit|p1a: Young Sinatra
|-damage|p1a: Young Sinatra|12/351
|
|-weather|Sandstorm|[upkeep]
|-damage|p2a: Gengar|166/262|[from] sandstorm
|-damage|p1a: Young Sinatra|0 fnt|[from] sandstorm
|faint|p1a: Young Sinatra
|
|switch|p1a: Castro|Starmie|261/261
|turn|24
|
|switch|p2a: Tyranitar|Tyranitar, F|379/404
|-damage|p2a: Tyranitar|329/404|[from] Stealth Rock
|move|p1a: Castro|Ice Beam|p2a: Tyranitar
|-damage|p2a: Tyranitar|251/404
|-damage|p1a: Castro|235/261|[from] item: Life Orb
|
|-weather|Sandstorm|[upkeep]
|-damage|p1a: Castro|219/261|[from] sandstorm
|-heal|p2a: Tyranitar|276/404|[from] item: Leftovers
|turn|25
|
|move|p1a: Castro|Surf|p2a: Tyranitar
|-supereffective|p2a: Tyranitar
|-damage|p2a: Tyranitar|81/404
|-damage|p1a: Castro|193/261|[from] item: Life Orb
|move|p2a: Tyranitar|Pursuit|p1a: Castro
|-supereffective|p1a: Castro
|-damage|p1a: Castro|35/261
|
|-weather|Sandstorm|[upkeep]
|-damage|p1a: Castro|19/261|[from] sandstorm
|-heal|p2a: Tyranitar|106/404|[from] item: Leftovers
|turn|26
|
|switch|p2a: Amoonguss|Amoonguss, F|381/430
|-damage|p2a: Amoonguss|328/430|[from] Stealth Rock
|move|p1a: Castro|Thunder|p2a: Amoonguss
|-resisted|p2a: Amoonguss
|-damage|p2a: Amoonguss|247/430
|-damage|p1a: Castro|0 fnt|[from] item: Life Orb
|faint|p1a: Castro
|
|-weather|Sandstorm|[upkeep]
|-damage|p2a: Amoonguss|221/430|[from] sandstorm
|-heal|p2a: Amoonguss|247/430|[from] item: Black Sludge
|
|switch|p1a: 6ix|Politoed, M|359/359
|-weather|RainDance|[from] ability: Drizzle|[of] p1a: 6ix
|turn|27
|
|switch|p1a: Jon Bellion|Celebi|369/401
|switch|p2a: Slowbro|Slowbro, M|289/393
|-damage|p2a: Slowbro|240/393|[from] Stealth Rock
|
|-weather|RainDance|[upkeep]
|-heal|p1a: Jon Bellion|394/401|[from] item: Leftovers
|-heal|p2a: Slowbro|264/393|[from] item: Leftovers
|turn|28
|
|switch|p2a: Tyranitar|Tyranitar, F|106/404
|-damage|p2a: Tyranitar|56/404|[from] Stealth Rock
|-weather|Sandstorm|[from] ability: Sand Stream|[of] p2a: Tyranitar
|move|p1a: Jon Bellion|Nasty Plot|p1a: Jon Bellion
|-boost|p1a: Jon Bellion|spa|2
|
|-weather|Sandstorm|[upkeep]
|-damage|p1a: Jon Bellion|369/401|[from] sandstorm
|-heal|p1a: Jon Bellion|394/401|[from] item: Leftovers
|-heal|p2a: Tyranitar|81/404|[from] item: Leftovers
|turn|29
|
|move|p1a: Jon Bellion|Giga Drain|p2a: Tyranitar
|-supereffective|p2a: Tyranitar
|-damage|p2a: Tyranitar|0 fnt
|-heal|p1a: Jon Bellion|401/401|[from] drain|[of] p2a: Tyranitar
|faint|p2a: Tyranitar
|
|-weather|Sandstorm|[upkeep]
|-damage|p1a: Jon Bellion|376/401|[from] sandstorm
|-heal|p1a: Jon Bellion|401/401|[from] item: Leftovers
|
|switch|p2a: Gengar|Gengar, M|166/262
|-damage|p2a: Gengar|134/262|[from] Stealth Rock
|turn|30
|
|move|p2a: Gengar|Shadow Ball|p1a: Jon Bellion
|-supereffective|p1a: Jon Bellion
|-damage|p1a: Jon Bellion|156/401
|move|p1a: Jon Bellion|Giga Drain|p2a: Gengar
|-resisted|p2a: Gengar
|-damage|p2a: Gengar|21/262
|-heal|p1a: Jon Bellion|213/401|[from] drain|[of] p2a: Gengar
|
|-weather|Sandstorm|[upkeep]
|-damage|p2a: Gengar|5/262|[from] sandstorm
|-damage|p1a: Jon Bellion|188/401|[from] sandstorm
|-heal|p1a: Jon Bellion|213/401|[from] item: Leftovers
|turn|31
|
|switch|p1a: 6ix|Politoed, M|359/359
|-weather|RainDance|[from] ability: Drizzle|[of] p1a: 6ix
|move|p2a: Gengar|Shadow Ball|p1a: 6ix
|-damage|p1a: 6ix|212/359
|
|-weather|RainDance|[upkeep]
|turn|32
|
|move|p2a: Gengar|Shadow Ball|p1a: 6ix
|-damage|p1a: 6ix|68/359
|move|p1a: 6ix|Ice Beam|p2a: Gengar
|-damage|p2a: Gengar|0 fnt
|faint|p2a: Gengar
|
|-weather|RainDance|[upkeep]
|
|switch|p2a: Magnezone|Magnezone|187/282
|-damage|p2a: Magnezone|170/282|[from] Stealth Rock
|turn|33
|
|switch|p1a: Jon Bellion|Celebi|213/401
|move|p2a: Magnezone|Volt Switch|p1a: Jon Bellion
|-resisted|p1a: Jon Bellion
|-damage|p1a: Jon Bellion|168/401
|
|switch|p2a: Garchomp|Garchomp, F|357/357
|-damage|p2a: Garchomp|335/357|[from] Stealth Rock
|
|-weather|RainDance|[upkeep]
|-heal|p1a: Jon Bellion|193/401|[from] item: Leftovers
|turn|34
|
|switch|p1a: 6ix|Politoed, M|68/359
|move|p2a: Garchomp|Draco Meteor|p1a: 6ix
|-enditem|p2a: Garchomp|Dragon Gem|[from] gem|[move] Draco Meteor
|-damage|p1a: 6ix|0 fnt
|-unboost|p2a: Garchomp|spa|2
|faint|p1a: 6ix
|
|-weather|RainDance|[upkeep]
|
|switch|p1a: Jon Bellion|Celebi|193/401
|turn|35
|
|move|p2a: Garchomp|Swords Dance|p2a: Garchomp
|-boost|p2a: Garchomp|atk|2
|move|p1a: Jon Bellion|Recover|p1a: Jon Bellion
|-heal|p1a: Jon Bellion|394/401
|
|-weather|RainDance|[upkeep]
|-heal|p1a: Jon Bellion|401/401|[from] item: Leftovers
|turn|36
|
|move|p2a: Garchomp|Swords Dance|p2a: Garchomp
|-boost|p2a: Garchomp|atk|2
|move|p1a: Jon Bellion|Baton Pass|p1a: Jon Bellion
|
|switch|p1a: Phil Ade|Keldeo-Resolute|122/323
|
|-weather|RainDance|[upkeep]
|turn|37
|
|switch|p2a: Amoonguss|Amoonguss, F|390/430
|-damage|p2a: Amoonguss|337/430|[from] Stealth Rock
|move|p1a: Phil Ade|Hidden Power|p2a: Amoonguss
|-supereffective|p2a: Amoonguss
|-damage|p2a: Amoonguss|201/430
|
|-weather|RainDance|[upkeep]
|-heal|p2a: Amoonguss|227/430|[from] item: Black Sludge
|turn|38
|
|switch|p1a: Jon Bellion|Celebi|401/401
|move|p2a: Amoonguss|Giga Drain|p1a: Jon Bellion
|-resisted|p1a: Jon Bellion
|-damage|p1a: Jon Bellion|370/401
|-heal|p2a: Amoonguss|243/430|[from] drain|[of] p1a: Jon Bellion
|
|-weather|RainDance|[upkeep]
|-heal|p1a: Jon Bellion|395/401|[from] item: Leftovers
|-heal|p2a: Amoonguss|269/430|[from] item: Black Sludge
|turn|39
|join|Zenadark
|
|switch|p2a: Garchomp|Garchomp, F|335/357
|-damage|p2a: Garchomp|313/357|[from] Stealth Rock
|move|p1a: Jon Bellion|Nasty Plot|p1a: Jon Bellion
|-boost|p1a: Jon Bellion|spa|2
|
|-weather|RainDance|[upkeep]
|-heal|p1a: Jon Bellion|401/401|[from] item: Leftovers
|turn|40
|c| Zenadark|Hi Besta :) 
|c|★Mustounet|Hi ma salope
|c| Zenadark|comment ça va bien ?
|
|move|p2a: Garchomp|Swords Dance|p2a: Garchomp
|-boost|p2a: Garchomp|atk|2
|move|p1a: Jon Bellion|Nasty Plot|p1a: Jon Bellion
|-boost|p1a: Jon Bellion|spa|2
|
|-weather|RainDance|[upkeep]
|turn|41
|c|★Mustounet|oklm
|c|★Mustounet|Je viens de me réveiller
|
|move|p2a: Garchomp|Earthquake|p1a: Jon Bellion
|-resisted|p1a: Jon Bellion
|-damage|p1a: Jon Bellion|248/401
|move|p1a: Jon Bellion|Baton Pass|p1a: Jon Bellion
|
|switch|p1a: Phil Ade|Keldeo-Resolute|122/323
|
|-weather|RainDance|[upkeep]
|turn|42
|c| Zenadark| bon vu que personne veux BW avec toi je vais être obligé de faire des efforts $$ 
|c| Zenadark|^^ 
|c|★Mustounet|Je veux pas non plus BW avec toi
|
|switch|p2a: Slowbro|Slowbro, M|393/393
|-damage|p2a: Slowbro|344/393|[from] Stealth Rock
|move|p1a: Phil Ade|Surf|p2a: Slowbro
|-resisted|p2a: Slowbro
|-damage|p2a: Slowbro|0 fnt
|faint|p2a: Slowbro
|
|-weather|RainDance|[upkeep]
|c| Zenadark|Pourquoi :/
|
|switch|p2a: Amoonguss|Amoonguss, F|412/430
|-damage|p2a: Amoonguss|359/430|[from] Stealth Rock
|turn|43
|c|★Tokyo Tom✨|je veux BW =[
|
|switch|p1a: Jon Bellion|Celebi|248/401
|move|p2a: Amoonguss|Spore|p1a: Jon Bellion
|-status|p1a: Jon Bellion|slp
|
|-weather|RainDance|[upkeep]
|-heal|p1a: Jon Bellion|273/401 slp|[from] item: Leftovers
|-heal|p2a: Amoonguss|385/430|[from] item: Black Sludge
|turn|44
|c|★Mustounet|Je passe pas Celebi sinon
|c|★Mustounet|C'est cool
|join|churos1.5
|
|cant|p1a: Jon Bellion|slp
|move|p2a: Amoonguss|Hidden Power|p1a: Jon Bellion
|-supereffective|p1a: Jon Bellion
|-damage|p1a: Jon Bellion|197/401 slp
|
|-weather|RainDance|[upkeep]
|-heal|p1a: Jon Bellion|222/401 slp|[from] item: Leftovers
|-heal|p2a: Amoonguss|411/430|[from] item: Black Sludge
|turn|45
|c| Zenadark| tu te places avec chomp
|c|★Tokyo Tom✨|oui, mais je peux double
|c|★Tokyo Tom✨|entre Keldeo
|c|★Mustounet|y
|c|★Mustounet|Et vu qu'il est scarf son Keldeo, il me viol bien
|
|cant|p1a: Jon Bellion|slp
|move|p2a: Amoonguss|Hidden Power|p1a: Jon Bellion
|-supereffective|p1a: Jon Bellion
|-damage|p1a: Jon Bellion|148/401 slp
|
|-weather|RainDance|[upkeep]
|-heal|p1a: Jon Bellion|173/401 slp|[from] item: Leftovers
|-heal|p2a: Amoonguss|430/430|[from] item: Black Sludge
|turn|46
|c|★Tokyo Tom✨|oui, c'est Scarf
|c|★Mustounet|Surtout avec la HP Ice
|
|cant|p1a: Jon Bellion|slp
|move|p2a: Amoonguss|Hidden Power|p1a: Jon Bellion
|-supereffective|p1a: Jon Bellion
|-damage|p1a: Jon Bellion|101/401 slp
|
|-weather|RainDance|[upkeep]
|-heal|p1a: Jon Bellion|126/401 slp|[from] item: Leftovers
|turn|47
|leave|churos1.5
|c|★Mustounet|Imo tu te réveilles pas
|c|★Mustounet|Et je crit
|
|-curestatus|p1a: Jon Bellion|slp
|move|p1a: Jon Bellion|Recover|p1a: Jon Bellion
|-heal|p1a: Jon Bellion|327/401
|move|p2a: Amoonguss|Hidden Power|p1a: Jon Bellion
|-supereffective|p1a: Jon Bellion
|-damage|p1a: Jon Bellion|261/401
|
|-weather|RainDance|[upkeep]
|-heal|p1a: Jon Bellion|286/401|[from] item: Leftovers
|turn|48
|c|★Tokyo Tom✨|c'est un longue sommeil
|
|move|p1a: Jon Bellion|Nasty Plot|p1a: Jon Bellion
|-boost|p1a: Jon Bellion|spa|2
|move|p2a: Amoonguss|Stun Spore|p1a: Jon Bellion
|-status|p1a: Jon Bellion|par
|
|-weather|RainDance|[upkeep]
|-heal|p1a: Jon Bellion|311/401 par|[from] item: Leftovers
|turn|49
|c| Zenadark|imo tu devrais jouer chomp sub salac Mustounet
|c|★Mustounet|C'est de la merde
|c|★Mustounet|Chomp < ChainChomp
|
|move|p2a: Amoonguss|Hidden Power|p1a: Jon Bellion
|-crit|p1a: Jon Bellion
|-supereffective|p1a: Jon Bellion
|-damage|p1a: Jon Bellion|157/401 par
|move|p1a: Jon Bellion|Nasty Plot|p1a: Jon Bellion
|-boost|p1a: Jon Bellion|spa|2
|
|-weather|RainDance|[upkeep]
|-heal|p1a: Jon Bellion|182/401 par|[from] item: Leftovers
|turn|50
|
|move|p2a: Amoonguss|Hidden Power|p1a: Jon Bellion
|-supereffective|p1a: Jon Bellion
|-damage|p1a: Jon Bellion|114/401 par
|cant|p1a: Jon Bellion|par
|
|-weather|RainDance|[upkeep]
|-heal|p1a: Jon Bellion|139/401 par|[from] item: Leftovers
|turn|51
|c| Zenadark|tente la parahaxx
|
|move|p2a: Amoonguss|Hidden Power|p1a: Jon Bellion
|-supereffective|p1a: Jon Bellion
|-damage|p1a: Jon Bellion|73/401 par
|move|p1a: Jon Bellion|Recover|p1a: Jon Bellion
|-heal|p1a: Jon Bellion|274/401 par
|
|-weather|RainDance|[upkeep]
|-heal|p1a: Jon Bellion|299/401 par|[from] item: Leftovers
|turn|52
|c| Zenadark|je te file mon haxx
|c|★Mustounet|Lel
|
|switch|p2a: Garchomp|Garchomp, F|313/357
|-damage|p2a: Garchomp|291/357|[from] Stealth Rock
|cant|p1a: Jon Bellion|par
|
|-weather|RainDance|[upkeep]
|-heal|p1a: Jon Bellion|324/401 par|[from] item: Leftovers
|turn|53
|c|★Mustounet|Ca marche que quand c'est Baha qui le dit
|
|move|p2a: Garchomp|Swords Dance|p2a: Garchomp
|-boost|p2a: Garchomp|atk|2
|move|p1a: Jon Bellion|Baton Pass|p1a: Jon Bellion
|
|switch|p1a: Phil Ade|Keldeo-Resolute|122/323
|
|-weather|RainDance|[upkeep]
|turn|54
|c| Zenadark| et elle vient d'ou la parahaxx du coup ? 
|
|switch|p2a: Magnezone|Magnezone|170/282
|-damage|p2a: Magnezone|153/282|[from] Stealth Rock
|move|p1a: Phil Ade|Hidden Power|p2a: Magnezone
|-resisted|p2a: Magnezone
|-damage|p2a: Magnezone|7/282
|
|-weather|RainDance|[upkeep]
|turn|55
|
|move|p1a: Phil Ade|Hidden Power|p2a: Magnezone
|-resisted|p2a: Magnezone
|-damage|p2a: Magnezone|0 fnt
|faint|p2a: Magnezone
|
|-weather|RainDance|[upkeep]
|c|★Tokyo Tom✨|pourquoi magnezone?
|
|switch|p2a: Amoonguss|Amoonguss, F|430/430
|-damage|p2a: Amoonguss|377/430|[from] Stealth Rock
|turn|56
|c| Zenadark|resist ice
|c|★Mustounet|Nan
|c|★Tokyo Tom✨|mais je pense que je peux OHKO Amoonguss ici
|c|★Mustounet|On va voir
|c|★Tokyo Tom✨|+4 252 SpA Keldeo Hidden Power Ice vs. 252 HP / 252+ SpD Amoonguss: 378-446 (87.5 - 103.2%) -- 25% chance to OHKO
|c|★Tokyo Tom✨|x_x
|c|★Tokyo Tom✨|un chance
|
|move|p1a: Phil Ade|Hidden Power|p2a: Amoonguss
|-supereffective|p2a: Amoonguss
|-damage|p2a: Amoonguss|0 fnt
|faint|p2a: Amoonguss
|
|-weather|RainDance|[upkeep]
|c| Zenadark|roll*
|c|★Tokyo Tom✨|what's chance in french? it's not chance right
|c|★Tokyo Tom✨|un opportunite
|
|switch|p2a: Garchomp|Garchomp, F|291/357
|-damage|p2a: Garchomp|269/357|[from] Stealth Rock
|turn|57
|c|★Mustounet|GG
|c|★Tokyo Tom✨|GG
|c|★Mustounet|Miss HP Ice
|
|move|p1a: Phil Ade|Hidden Power|p2a: Garchomp
|-crit|p2a: Garchomp
|-supereffective|p2a: Garchomp
|-damage|p2a: Garchomp|0 fnt
|faint|p2a: Garchomp
|
|win|Tokyo Tom✨
|raw|Ladder updating...
|raw|Tokyo Tom✨'s rating: 1398 &rarr; <strong>1416</strong><br />(+18 for winning)
|raw|Mustounet's rating: 1360 &rarr; <strong>1342</strong><br />(-18 for losing)
|leave|Zenadark
|leave|Mustounet
|player|p2
|join|Latios pls;s alt
|leave|Latios pls;s alt