|j|☆kobepayne
|j|☆BUGO NELL'ACQUA
|player|p1|kobepayne|dahlia|1593
|player|p2|BUGO NELL'ACQUA|rosa|1556
|teamsize|p1|6
|teamsize|p2|6
|gametype|singles
|gen|5
|tier|[Gen 5] OU
|rated|
|clearpoke
|poke|p1|Tyranitar, M|item
|poke|p1|Garchomp, M|item
|poke|p1|Rotom-Wash|item
|poke|p1|Landorus-Therian, M|item
|poke|p1|Ferrothorn, F|item
|poke|p1|Alakazam, M|item
|poke|p2|Politoed, F|item
|poke|p2|Tentacruel, F|item
|poke|p2|Breloom, F|item
|poke|p2|Jirachi|item
|poke|p2|Keldeo|item
|poke|p2|Landorus-Therian, M|item
|rule|Species Clause: Limit one of each Pokémon
|rule|OHKO Clause: OHKO moves are banned
|rule|Moody Clause: Moody is banned
|rule|Evasion Moves Clause: Evasion moves are banned
|rule|Endless Battle Clause: Forcing endless battles is banned
|rule|HP Percentage Mod: HP is shown in percentages
|rule|Evasion Abilities Clause: Evasion abilities are banned
|rule|Baton Pass Clause: Limit one Baton Passer, can't pass Spe and other stats simultaneously
|rule|Sleep Clause: Sleep-inducing moves are banned
|rule|Swagger Clause: Swagger is banned
|teampreview
|inactive|Battle timer is ON: inactive players will automatically lose when time's up. (requested by kobepayne)
|
|start
|switch|p1a: Tyranitar|Tyranitar, M|100/100
|switch|p2a: Landorus|Landorus-Therian, M|100/100
|-ability|p2a: Landorus|Intimidate|boost
|-unboost|p1a: Tyranitar|atk|1
|-weather|Sandstorm|[from] ability: Sand Stream|[of] p1a: Tyranitar
|turn|1
|
|switch|p1a: Ferrothorn|Ferrothorn, F|100/100
|move|p2a: Landorus|Stealth Rock|p1a: Ferrothorn
|-sidestart|p1: kobepayne|move: Stealth Rock
|
|-weather|Sandstorm|[upkeep]
|upkeep
|turn|2
|
|switch|p2a: Breloom|Breloom, F|100/100
|move|p1a: Ferrothorn|Spikes|p2a: Breloom
|-sidestart|p2: BUGO NELL'ACQUA|Spikes
|
|-weather|Sandstorm|[upkeep]
|-damage|p2a: Breloom|94/100|[from] Sandstorm
|-status|p2a: Breloom|tox|[from] item: Toxic Orb
|upkeep
|turn|3
|
|switch|p1a: Alakazam|Alakazam, M|100/100
|move|p2a: Breloom|Substitute|p2a: Breloom
|-start|p2a: Breloom|Substitute
|-damage|p2a: Breloom|69/100 tox
|
|-weather|Sandstorm|[upkeep]
|-damage|p2a: Breloom|63/100 tox|[from] Sandstorm
|-heal|p2a: Breloom|76/100 tox|[from] ability: Poison Heal
|upkeep
|turn|4
|
|move|p1a: Alakazam|Psychic|p2a: Breloom
|-supereffective|p2a: Breloom
|-end|p2a: Breloom|Substitute
|move|p2a: Breloom|Seed Bomb|p1a: Alakazam
|-damage|p1a: Alakazam|0 fnt
|faint|p1a: Alakazam
|
|-weather|Sandstorm|[upkeep]
|-damage|p2a: Breloom|69/100 tox|[from] Sandstorm
|-heal|p2a: Breloom|82/100 tox|[from] ability: Poison Heal
|upkeep
|
|switch|p1a: Garchomp|Garchomp, M|100/100
|-damage|p1a: Garchomp|94/100|[from] Stealth Rock
|turn|5
|
|switch|p2a: Landorus|Landorus-Therian, M|100/100
|-ability|p2a: Landorus|Intimidate|boost
|-unboost|p1a: Garchomp|atk|1
|move|p1a: Garchomp|Stealth Rock|p2a: Landorus
|-sidestart|p2: BUGO NELL'ACQUA|move: Stealth Rock
|
|-weather|Sandstorm|[upkeep]
|upkeep
|turn|6
|
|move|p1a: Garchomp|Draco Meteor|p2a: Landorus
|-damage|p2a: Landorus|18/100
|-unboost|p1a: Garchomp|spa|2
|-damage|p1a: Garchomp|85/100|[from] item: Life Orb
|move|p2a: Landorus|U-turn|p1a: Garchomp
|-damage|p1a: Garchomp|64/100
|-damage|p2a: Landorus|6/100|[from] ability: Rough Skin|[of] p1a: Garchomp
|
|switch|p2a: Politoed|Politoed, F|100/100|[from]move: U-turn
|-damage|p2a: Politoed|88/100|[from] Spikes
|-damage|p2a: Politoed|75/100|[from] Stealth Rock
|-weather|RainDance|[from] ability: Drizzle|[of] p2a: Politoed
|
|-weather|RainDance|[upkeep]
|-heal|p2a: Politoed|82/100|[from] item: Leftovers
|upkeep
|turn|7
|
|switch|p1a: Tyranitar|Tyranitar, M|100/100
|-damage|p1a: Tyranitar|88/100|[from] Stealth Rock
|-weather|Sandstorm|[from] ability: Sand Stream|[of] p1a: Tyranitar
|switch|p2a: Breloom|Breloom, F|82/100 tox
|-damage|p2a: Breloom|76/100 tox|[from] Stealth Rock
|-damage|p2a: Breloom|63/100 tox|[from] Spikes
|
|-weather|Sandstorm|[upkeep]
|-damage|p2a: Breloom|57/100 tox|[from] Sandstorm
|-heal|p2a: Breloom|69/100 tox|[from] ability: Poison Heal
|upkeep
|turn|8
|
|move|p2a: Breloom|Seed Bomb|p1a: Tyranitar
|-supereffective|p1a: Tyranitar
|-damage|p1a: Tyranitar|11/100
|move|p1a: Tyranitar|Ice Beam|p2a: Breloom
|-supereffective|p2a: Breloom
|-damage|p2a: Breloom|2/100 tox
|
|-weather|Sandstorm|[upkeep]
|-damage|p2a: Breloom|0 fnt|[from] Sandstorm
|faint|p2a: Breloom
|upkeep
|
|switch|p2a: Politoed|Politoed, F|82/100
|-damage|p2a: Politoed|69/100|[from] Stealth Rock
|-damage|p2a: Politoed|57/100|[from] Spikes
|-weather|RainDance|[from] ability: Drizzle|[of] p2a: Politoed
|turn|9
|
|switch|p1a: Ferrothorn|Ferrothorn, F|100/100
|-damage|p1a: Ferrothorn|94/100|[from] Stealth Rock
|move|p2a: Politoed|Scald|p1a: Ferrothorn
|-resisted|p1a: Ferrothorn
|-damage|p1a: Ferrothorn|80/100
|
|-weather|RainDance|[upkeep]
|-heal|p2a: Politoed|63/100|[from] item: Leftovers
|-heal|p1a: Ferrothorn|87/100|[from] item: Leftovers
|upkeep
|turn|10
|
|switch|p1a: Garchomp|Garchomp, M|64/100
|-damage|p1a: Garchomp|58/100|[from] Stealth Rock
|move|p2a: Politoed|Scald|p1a: Garchomp
|-damage|p1a: Garchomp|11/100
|
|-weather|RainDance|[upkeep]
|-heal|p2a: Politoed|69/100|[from] item: Leftovers
|upkeep
|turn|11
|
|move|p2a: Politoed|Protect|p2a: Politoed
|-singleturn|p2a: Politoed|Protect
|move|p1a: Garchomp|Draco Meteor|p2a: Politoed
|-activate|p2a: Politoed|move: Protect
|
|-weather|RainDance|[upkeep]
|-heal|p2a: Politoed|75/100|[from] item: Leftovers
|upkeep
|turn|12
|
|move|p1a: Garchomp|Earthquake|p2a: Politoed
|-damage|p2a: Politoed|31/100
|-damage|p1a: Garchomp|1/100|[from] item: Life Orb
|move|p2a: Politoed|Scald|p1a: Garchomp
|-damage|p1a: Garchomp|0 fnt
|faint|p1a: Garchomp
|
|-weather|RainDance|[upkeep]
|-heal|p2a: Politoed|37/100|[from] item: Leftovers
|upkeep
|
|switch|p1a: Landorus|Landorus-Therian, M|100/100
|-damage|p1a: Landorus|88/100|[from] Stealth Rock
|-ability|p1a: Landorus|Intimidate|boost
|-unboost|p2a: Politoed|atk|1
|turn|13
|
|move|p2a: Politoed|Protect|p2a: Politoed
|-singleturn|p2a: Politoed|Protect
|move|p1a: Landorus|Earthquake|p2a: Politoed
|-activate|p2a: Politoed|move: Protect
|
|-weather|RainDance|[upkeep]
|-heal|p2a: Politoed|43/100|[from] item: Leftovers
|upkeep
|turn|14
|
|switch|p2a: Landorus|Landorus-Therian, M|6/100
|-damage|p2a: Landorus|0 fnt|[from] Stealth Rock
|faint|p2a: Landorus
|move|p1a: Landorus|Earthquake|p2: Landorus|[notarget]
|-fail|p1a: Landorus
|
|-weather|RainDance|[upkeep]
|upkeep
|
|switch|p2a: Keldeo|Keldeo|100/100
|-damage|p2a: Keldeo|88/100|[from] Spikes
|-damage|p2a: Keldeo|82/100|[from] Stealth Rock
|turn|15
|
|switch|p1a: Tyranitar|Tyranitar, M|11/100
|-damage|p1a: Tyranitar|0 fnt|[from] Stealth Rock
|faint|p1a: Tyranitar
|move|p2a: Keldeo|Hydro Pump|p1: Tyranitar|[notarget]
|-fail|p2a: Keldeo
|
|-weather|RainDance|[upkeep]
|upkeep
|
|switch|p1a: Ferrothorn|Ferrothorn, F|87/100
|-damage|p1a: Ferrothorn|80/100|[from] Stealth Rock
|turn|16
|
|switch|p2a: Tentacruel|Tentacruel, F|100/100
|-damage|p2a: Tentacruel|88/100|[from] Spikes
|-damage|p2a: Tentacruel|76/100|[from] Stealth Rock
|switch|p1a: Landorus|Landorus-Therian, M|88/100
|-damage|p1a: Landorus|76/100|[from] Stealth Rock
|-ability|p1a: Landorus|Intimidate|boost
|-unboost|p2a: Tentacruel|atk|1
|
|-weather|RainDance|[upkeep]
|-heal|p2a: Tentacruel|82/100|[from] ability: Rain Dish
|-heal|p2a: Tentacruel|88/100|[from] item: Black Sludge
|upkeep
|turn|17
|
|move|p2a: Tentacruel|Protect|p2a: Tentacruel
|-singleturn|p2a: Tentacruel|Protect
|move|p1a: Landorus|Earthquake|p2a: Tentacruel
|-activate|p2a: Tentacruel|move: Protect
|
|-weather|RainDance|[upkeep]
|-heal|p2a: Tentacruel|94/100|[from] ability: Rain Dish
|-heal|p2a: Tentacruel|99/100|[from] item: Black Sludge
|upkeep
|turn|18
|
|switch|p2a: Politoed|Politoed, F|43/100
|-damage|p2a: Politoed|31/100|[from] Stealth Rock
|-damage|p2a: Politoed|18/100|[from] Spikes
|move|p1a: Landorus|Earthquake|p2a: Politoed
|-damage|p2a: Politoed|0 fnt
|faint|p2a: Politoed
|
|-weather|RainDance|[upkeep]
|upkeep
|
|switch|p2a: Keldeo|Keldeo|82/100
|-damage|p2a: Keldeo|70/100|[from] Spikes
|-damage|p2a: Keldeo|63/100|[from] Stealth Rock
|turn|19
|
|move|p2a: Keldeo|Secret Sword|p1a: Landorus
|-resisted|p1a: Landorus
|-damage|p1a: Landorus|56/100
|move|p1a: Landorus|Earthquake|p2a: Keldeo
|-damage|p2a: Keldeo|7/100
|
|-weather|RainDance|[upkeep]
|upkeep
|turn|20
|-message|BUGO NELL'ACQUA forfeited.
|
|win|kobepayne
|l|☆BUGO NELL'ACQUA
|raw|kobepayne's rating: 1593 &rarr; <strong>1610</strong><br />(+17 for winning)
|raw|BUGO NELL&apos;ACQUA's rating: 1537 &rarr; <strong>1521</strong><br />(-16 for losing)
