|j|☆firelit nights
|j|☆LEOSHAKUR
|player|p1|firelit nights|142
|player|p2|LEOSHAKUR|221
|teamsize|p1|6
|teamsize|p2|6
|gametype|singles
|gen|5
|tier|[Gen 5] OU
|rated|
|rule|Sleep Clause Mod: Limit one foe put to sleep
|rule|Species Clause: Limit one of each Pokémon
|rule|OHKO Clause: OHKO moves are banned
|rule|Moody Clause: Moody is banned
|rule|Evasion Moves Clause: Evasion moves are banned
|rule|Endless Battle Clause: Forcing endless battles is banned
|rule|HP Percentage Mod: HP is shown in percentages
|rule|Evasion Abilities Clause: Evasion abilities are banned
|rule|Baton Pass Clause: Limit one Baton Passer, can't pass Spe and other stats simultaneously
|rule|Swagger Clause: Swagger is banned
|clearpoke
|poke|p1|Scizor, F|item
|poke|p1|Magnezone|item
|poke|p1|Landorus-Therian, M|item
|poke|p1|Seismitoad, M|item
|poke|p1|Heatran, F|item
|poke|p1|Latios, M|item
|poke|p2|Alakazam, M|item
|poke|p2|Volcarona, M|item
|poke|p2|Garchomp, M|item
|poke|p2|Starmie|item
|poke|p2|Breloom, M|item
|poke|p2|Scizor, M|item
|teampreview
|c|☆firelit nights|gl hf
|
|start
|switch|p1a: Seismitoad|Seismitoad, M|414/414
|switch|p2a: Breloom|Breloom, M|261/261
|turn|1
|
|switch|p1a: Latios|Latios, M|304/304
|move|p2a: Breloom|Bullet Seed|p1a: Latios
|-resisted|p1a: Latios
|-damage|p1a: Latios|261/304
|-resisted|p1a: Latios
|-damage|p1a: Latios|221/304
|-resisted|p1a: Latios
|-damage|p1a: Latios|179/304
|-hitcount|p1a: Latios|3
|
|upkeep
|turn|2
|
|move|p1a: Latios|Draco Meteor|p2a: Breloom
|-enditem|p2a: Breloom|Focus Sash
|-damage|p2a: Breloom|1/261
|-unboost|p1a: Latios|spa|2
|move|p2a: Breloom|Spore|p1a: Latios
|-status|p1a: Latios|slp|[from] move: Spore
|
|upkeep
|turn|3
|
|switch|p1a: Landorus|Landorus-Therian, M|338/338
|-ability|p1a: Landorus|Intimidate|boost
|-unboost|p2a: Breloom|atk|1
|move|p2a: Breloom|Low Sweep|p1a: Landorus
|-resisted|p1a: Landorus
|-damage|p1a: Landorus|275/338
|-unboost|p1a: Landorus|spe|1
|
|-heal|p1a: Landorus|296/338|[from] item: Leftovers
|upkeep
|turn|4
|
|switch|p1a: Scizor|Scizor, F|284/284
|move|p2a: Breloom|Bullet Seed|p1a: Scizor
|-resisted|p1a: Scizor
|-damage|p1a: Scizor|274/284
|-resisted|p1a: Scizor
|-damage|p1a: Scizor|263/284
|-resisted|p1a: Scizor
|-crit|p1a: Scizor
|-damage|p1a: Scizor|232/284
|-resisted|p1a: Scizor
|-damage|p1a: Scizor|221/284
|-hitcount|p1a: Scizor|4
|
|upkeep
|turn|5
|
|move|p2a: Breloom|Mach Punch|p1a: Scizor
|-damage|p1a: Scizor|151/284
|move|p1a: Scizor|U-turn|p2a: Breloom
|-damage|p2a: Breloom|0 fnt
|faint|p2a: Breloom
|
|switch|p1a: Seismitoad|Seismitoad, M|414/414
|
|upkeep
|
|switch|p2a: Volcarona|Volcarona, M|374/374
|turn|6
|
|switch|p1a: Heatran|Heatran, F|330/330
|move|p2a: Volcarona|Giga Drain|p1a: Heatran
|-resisted|p1a: Heatran
|-damage|p1a: Heatran|313/330
|
|upkeep
|turn|7
|
|switch|p2a: Garchomp|Garchomp, M|357/357
|switch|p1a: Latios|Latios, M|179/304 slp
|
|upkeep
|turn|8
|
|switch|p2a: Scizor|Scizor, M|281/281
|cant|p1a: Latios|slp
|move|p1a: Latios|Sleep Talk|p1a: Latios
|move|p1a: Latios|Surf|p2a: Scizor|[from]Sleep Talk
|-damage|p2a: Scizor|76/281
|
|upkeep
|turn|9
|
|move|p2a: Scizor|Bullet Punch|p1a: Latios
|-damage|p1a: Latios|7/304 slp
|-damage|p2a: Scizor|48/281|[from] item: Life Orb
|-curestatus|p1a: Latios|slp|[msg]
|move|p1a: Latios|Sleep Talk||[still]
|-fail|p1a: Latios
|
|upkeep
|turn|10
|
|switch|p1a: Landorus|Landorus-Therian, M|296/338
|-ability|p1a: Landorus|Intimidate|boost
|-unboost|p2a: Scizor|atk|1
|move|p2a: Scizor|Bullet Punch|p1a: Landorus
|-damage|p1a: Landorus|197/338
|-damage|p2a: Scizor|20/281|[from] item: Life Orb
|
|-heal|p1a: Landorus|218/338|[from] item: Leftovers
|upkeep
|turn|11
|
|move|p2a: Scizor|Bullet Punch|p1a: Landorus
|-damage|p1a: Landorus|119/338
|-damage|p2a: Scizor|0 fnt|[from] item: Life Orb
|faint|p2a: Scizor
|move|p1a: Landorus|Earthquake|p2: Scizor|[notarget]
|-fail|p1a: Landorus
|
|-heal|p1a: Landorus|140/338|[from] item: Leftovers
|upkeep
|
|switch|p2a: Garchomp|Garchomp, M|357/357
|turn|12
|
|switch|p1a: Magnezone|Magnezone|291/291
|-item|p1a: Magnezone|Air Balloon
|move|p2a: Garchomp|Stealth Rock|p1a: Magnezone
|-sidestart|p1: firelit nights|move: Stealth Rock
|
|upkeep
|turn|13
|
|switch|p2a: Volcarona|Volcarona, M|374/374
|move|p1a: Magnezone|Flash Cannon|p2a: Volcarona
|-resisted|p2a: Volcarona
|-damage|p2a: Volcarona|310/374
|
|upkeep
|turn|14
|l|☆firelit nights
|player|p1|
|inactive|Battle timer is ON: inactive players will automatically lose when time's up. (requested by LEOSHAKUR)
|inactive|firelit nights has 30 seconds to reconnect!
|inactive|firelit nights has 20 seconds to reconnect!
|inactive|firelit nights has 15 seconds to reconnect!
|inactive|firelit nights has 10 seconds to reconnect!
|inactive|firelit nights has 5 seconds to reconnect!
|j|☆firelit nights
|inactive|firelit nights reconnected and has 95 seconds left.
|player|p1|firelit nights|142
|inactive|firelit nights has 90 seconds left.
|c|☆firelit nights|lag sry
|
|move|p2a: Volcarona|Bug Buzz|p1a: Magnezone
|-resisted|p1a: Magnezone
|-damage|p1a: Magnezone|222/291
|-enditem|p1a: Magnezone|Air Balloon
|move|p1a: Magnezone|Thunderbolt|p2a: Volcarona
|-damage|p2a: Volcarona|162/374
|
|upkeep
|turn|15
|
|switch|p1a: Latios|Latios, M|7/304
|-damage|p1a: Latios|0 fnt|[from] Stealth Rock
|faint|p1a: Latios
|move|p2a: Volcarona|Fiery Dance|p1: Latios|[notarget]
|-fail|p2a: Volcarona
|
|upkeep
|c|☆LEOSHAKUR|clicker
|
|switch|p1a: Heatran|Heatran, F|313/330
|-damage|p1a: Heatran|272/330|[from] Stealth Rock
|turn|16
|
|switch|p2a: Starmie|Starmie|261/261
|move|p1a: Heatran|Magma Storm|p2a: Starmie
|-resisted|p2a: Starmie
|-damage|p2a: Starmie|136/261
|-activate|p2a: Starmie|move: Magma Storm|[of] p1a: Heatran
|
|-heal|p2a: Starmie|152/261|[from] item: Leftovers
|-damage|p2a: Starmie|136/261|[from] move: Magma Storm|[partiallytrapped]
|upkeep
|turn|17
|
|switch|p1a: Seismitoad|Seismitoad, M|414/414
|-damage|p1a: Seismitoad|389/414|[from] Stealth Rock
|move|p2a: Starmie|Hydro Pump|p1a: Seismitoad
|-heal|p1a: Seismitoad|414/414|[from] ability: Water Absorb|[of] p2a: Starmie
|
|-heal|p2a: Starmie|152/261|[from] item: Leftovers
|upkeep
|turn|18
|
|switch|p2a: Volcarona|Volcarona, M|162/374
|move|p1a: Seismitoad|Stealth Rock|p2a: Volcarona
|-sidestart|p2: LEOSHAKUR|move: Stealth Rock
|
|upkeep
|turn|19
|
|switch|p1a: Heatran|Heatran, F|272/330
|-damage|p1a: Heatran|231/330|[from] Stealth Rock
|move|p2a: Volcarona|Quiver Dance|p2a: Volcarona
|-boost|p2a: Volcarona|spa|1
|-boost|p2a: Volcarona|spd|1
|-boost|p2a: Volcarona|spe|1
|
|upkeep
|turn|20
|
|move|p2a: Volcarona|Bug Buzz|p1a: Heatran
|-resisted|p1a: Heatran
|-damage|p1a: Heatran|182/330
|-unboost|p1a: Heatran|spd|1
|move|p1a: Heatran|Magma Storm|p2a: Volcarona
|-damage|p2a: Volcarona|50/374
|-activate|p2a: Volcarona|move: Magma Storm|[of] p1a: Heatran
|
|-damage|p2a: Volcarona|27/374|[from] move: Magma Storm|[partiallytrapped]
|upkeep
|turn|21
|
|move|p2a: Volcarona|Bug Buzz|p1a: Heatran
|-resisted|p1a: Heatran
|-damage|p1a: Heatran|106/330
|move|p1a: Heatran|Magma Storm|p2a: Volcarona|[miss]
|-miss|p1a: Heatran|p2a: Volcarona
|
|-damage|p2a: Volcarona|4/374|[from] move: Magma Storm|[partiallytrapped]
|upkeep
|turn|22
|
|move|p2a: Volcarona|Bug Buzz|p1a: Heatran
|-resisted|p1a: Heatran
|-damage|p1a: Heatran|27/330
|move|p1a: Heatran|Earth Power|p2a: Volcarona
|-damage|p2a: Volcarona|0 fnt
|faint|p2a: Volcarona
|
|upkeep
|
|switch|p2a: Garchomp|Garchomp, M|357/357
|-damage|p2a: Garchomp|335/357|[from] Stealth Rock
|turn|23
|
|move|p2a: Garchomp|Earthquake|p1a: Heatran
|-supereffective|p1a: Heatran
|-damage|p1a: Heatran|0 fnt
|faint|p1a: Heatran
|
|upkeep
|
|switch|p1a: Seismitoad|Seismitoad, M|414/414
|-damage|p1a: Seismitoad|389/414|[from] Stealth Rock
|turn|24
|
|switch|p2a: Starmie|Starmie|152/261
|-damage|p2a: Starmie|120/261|[from] Stealth Rock
|move|p1a: Seismitoad|Ice Punch|p2a: Starmie
|-resisted|p2a: Starmie
|-damage|p2a: Starmie|93/261
|
|-heal|p2a: Starmie|109/261|[from] item: Leftovers
|-heal|p1a: Seismitoad|414/414|[from] item: Leftovers
|upkeep
|turn|25
|
|move|p2a: Starmie|Ice Beam|p1a: Seismitoad
|-damage|p1a: Seismitoad|286/414
|move|p1a: Seismitoad|Earthquake|p2a: Starmie
|-damage|p2a: Starmie|0 fnt
|faint|p2a: Starmie
|
|-heal|p1a: Seismitoad|311/414|[from] item: Leftovers
|upkeep
|
|switch|p2a: Alakazam|Alakazam, M|252/252
|turn|26
|
|switch|p1a: Magnezone|Magnezone|222/291
|-damage|p1a: Magnezone|204/291|[from] Stealth Rock
|move|p2a: Alakazam|Psychic|p1a: Magnezone
|-resisted|p1a: Magnezone
|-damage|p1a: Magnezone|108/291
|
|upkeep
|turn|27
|
|move|p2a: Alakazam|Focus Blast|p1a: Magnezone|[miss]
|-miss|p2a: Alakazam|p1a: Magnezone
|move|p1a: Magnezone|Flash Cannon|p2a: Alakazam
|-damage|p2a: Alakazam|63/252
|
|upkeep
|turn|28
|
|move|p2a: Alakazam|Focus Blast|p1a: Magnezone|[miss]
|-miss|p2a: Alakazam|p1a: Magnezone
|move|p1a: Magnezone|Flash Cannon|p2a: Alakazam
|-damage|p2a: Alakazam|0 fnt
|faint|p2a: Alakazam
|
|upkeep
|c|☆LEOSHAKUR|imbecil
|c|☆LEOSHAKUR|se mata
|
|switch|p2a: Garchomp|Garchomp, M|335/357
|-damage|p2a: Garchomp|313/357|[from] Stealth Rock
|turn|29
|c|☆firelit nights|yes
|c|☆firelit nights|i am
|
|move|p2a: Garchomp|Swords Dance|p2a: Garchomp
|-boost|p2a: Garchomp|atk|2
|move|p1a: Magnezone|Flash Cannon|p2a: Garchomp
|-damage|p2a: Garchomp|148/357
|
|upkeep
|turn|30
|c|☆firelit nights|imbelice
|
|move|p2a: Garchomp|Earthquake|p1a: Magnezone
|-supereffective|p1a: Magnezone
|-damage|p1a: Magnezone|0 fnt
|faint|p1a: Magnezone
|
|upkeep
|c|☆LEOSHAKUR|espero q vc morra
|
|switch|p1a: Scizor|Scizor, F|151/284
|-damage|p1a: Scizor|116/284|[from] Stealth Rock
|turn|31
|
|move|p1a: Scizor|Bug Bite|p2a: Garchomp
|-damage|p2a: Garchomp|0 fnt
|-damage|p1a: Scizor|81/284|[from] ability: Rough Skin|[of] p2a: Garchomp
|-enditem|p2a: Garchomp|Yache Berry|[from] stealeat|[move] Bug Bite|[of] p1a: Scizor
|faint|p2a: Garchomp
|
|win|firelit nights
|c|☆firelit nights|gg
|raw|firelit nights's rating: 1410 &rarr; <strong>1431</strong><br />(+21 for winning)
|raw|LEOSHAKUR's rating: 1426 &rarr; <strong>1405</strong><br />(-21 for losing)
|c|☆LEOSHAKUR|retardado
|c|☆LEOSHAKUR|gg o caralho
|c|☆firelit nights|yes
|c|☆LEOSHAKUR|vai se fuder
|c|☆firelit nights|i am all that
|c|☆firelit nights|d('-'
|c|☆LEOSHAKUR|sua mae é uma vagabunda
|l|☆LEOSHAKUR
|l|☆firelit nights
|j|☆firelit nights
|inactive|firelit nights reconnected.
|player|p1|firelit nights|142
