|j|☆ismokebareherb
|j|☆funzsp
|t:|1597593843
|player|p1|ismokebareherb|200|1399
|player|p2|funzsp|psychic-gen2|1494
|teamsize|p1|6
|teamsize|p2|6
|gametype|singles
|gen|5
|tier|[Gen 5] OU
|rated|
|clearpoke
|poke|p1|Politoed, F|item
|poke|p1|Toxicroak, M|item
|poke|p1|Jirachi|item
|poke|p1|Starmie|item
|poke|p1|Dragonite, F|item
|poke|p1|Ferrothorn, F|item
|poke|p2|Tyranitar, F|item
|poke|p2|Terrakion|item
|poke|p2|Excadrill, M|item
|poke|p2|Landorus-Therian, M|item
|poke|p2|Amoonguss, M|item
|poke|p2|Rotom-Wash|item
|rule|Species Clause: Limit one of each Pokémon
|rule|OHKO Clause: OHKO moves are banned
|rule|Moody Clause: Moody is banned
|rule|Evasion Moves Clause: Evasion moves are banned
|rule|Endless Battle Clause: Forcing endless battles is banned
|rule|HP Percentage Mod: HP is shown in percentages
|rule|Evasion Abilities Clause: Evasion abilities are banned
|rule|Baton Pass Clause: Limit one Baton Passer, can't pass Spe and other stats simultaneously
|rule|Sleep Clause: Sleep-inducing moves are banned
|rule|Swagger Clause: Swagger is banned
|teampreview
|c|☆funzsp|hf
|c|☆ismokebareherb|gl
|
|t:|1597593856
|start
|switch|p1a: Politoed|Politoed, F|100/100
|switch|p2a: Tyranitar|Tyranitar, F|100/100
|-weather|RainDance|[from] ability: Drizzle|[of] p1a: Politoed
|-weather|Sandstorm|[from] ability: Sand Stream|[of] p2a: Tyranitar
|turn|1
|
|t:|1597593864
|move|p1a: Politoed|Scald|p2a: Tyranitar
|-supereffective|p2a: Tyranitar
|-damage|p2a: Tyranitar|59/100
|-status|p2a: Tyranitar|brn
|move|p2a: Tyranitar|Stealth Rock|p1a: Politoed
|-sidestart|p1: ismokebareherb|move: Stealth Rock
|
|-weather|Sandstorm|[upkeep]
|-damage|p1a: Politoed|94/100|[from] Sandstorm
|-damage|p2a: Tyranitar|46/100 brn|[from] brn
|upkeep
|turn|2
|
|t:|1597593872
|move|p1a: Politoed|Scald|p2a: Tyranitar
|-supereffective|p2a: Tyranitar
|-damage|p2a: Tyranitar|9/100 brn
|move|p2a: Tyranitar|Crunch|p1a: Politoed
|-damage|p1a: Politoed|71/100
|-unboost|p1a: Politoed|def|1
|
|-weather|Sandstorm|[upkeep]
|-damage|p1a: Politoed|65/100|[from] Sandstorm
|-damage|p2a: Tyranitar|0 fnt|[from] brn
|faint|p2a: Tyranitar
|upkeep
|
|t:|1597593884
|switch|p2a: Rotom|Rotom-Wash|100/100
|turn|3
|
|t:|1597593886
|switch|p1a: Ferrothorn|Ferrothorn, F|100/100
|-damage|p1a: Ferrothorn|94/100|[from] Stealth Rock
|move|p2a: Rotom|Volt Switch|p1a: Ferrothorn
|-resisted|p1a: Ferrothorn
|-damage|p1a: Ferrothorn|85/100
|
|t:|1597593890
|switch|p2a: Terrakion|Terrakion|100/100|[from]move: Volt Switch
|
|-weather|Sandstorm|[upkeep]
|upkeep
|turn|4
|
|t:|1597593902
|move|p2a: Terrakion|Substitute|p2a: Terrakion
|-start|p2a: Terrakion|Substitute
|-damage|p2a: Terrakion|76/100
|move|p1a: Ferrothorn|Gyro Ball|p2a: Terrakion
|-supereffective|p2a: Terrakion
|-end|p2a: Terrakion|Substitute
|
|-weather|Sandstorm|[upkeep]
|upkeep
|turn|5
|
|t:|1597593908
|switch|p2a: Landorus|Landorus-Therian, M|100/100
|-ability|p2a: Landorus|Intimidate|boost
|-unboost|p1a: Ferrothorn|atk|1
|move|p1a: Ferrothorn|Gyro Ball|p2a: Landorus
|-damage|p2a: Landorus|69/100
|
|-weather|Sandstorm|[upkeep]
|upkeep
|turn|6
|j| IIIFlareIII
|
|t:|1597593915
|move|p2a: Landorus|U-turn|p1a: Ferrothorn
|-crit|p1a: Ferrothorn
|-damage|p1a: Ferrothorn|48/100
|-damage|p2a: Landorus|57/100|[from] ability: Iron Barbs|[of] p1a: Ferrothorn
|-damage|p2a: Landorus|40/100|[from] item: Rocky Helmet|[of] p1a: Ferrothorn
|
|t:|1597593920
|switch|p2a: Amoonguss|Amoonguss, M|100/100|[from]move: U-turn
|move|p1a: Ferrothorn|Stealth Rock|p2a: Amoonguss
|-sidestart|p2: funzsp|move: Stealth Rock
|
|-weather|Sandstorm|[upkeep]
|-damage|p2a: Amoonguss|94/100|[from] Sandstorm
|-heal|p2a: Amoonguss|100/100|[from] item: Black Sludge
|upkeep
|turn|7
|
|t:|1597593924
|move|p2a: Amoonguss|Hidden Power|p1a: Ferrothorn
|-supereffective|p1a: Ferrothorn
|-damage|p1a: Ferrothorn|3/100
|move|p1a: Ferrothorn|Gyro Ball|p2a: Amoonguss
|-damage|p2a: Amoonguss|93/100
|
|-weather|Sandstorm|[upkeep]
|-damage|p2a: Amoonguss|87/100|[from] Sandstorm
|-heal|p2a: Amoonguss|93/100|[from] item: Black Sludge
|upkeep
|turn|8
|
|t:|1597593929
|move|p2a: Amoonguss|Stun Spore|p1a: Ferrothorn
|-status|p1a: Ferrothorn|par
|move|p1a: Ferrothorn|Gyro Ball|p2a: Amoonguss
|-damage|p2a: Amoonguss|69/100
|
|-weather|Sandstorm|[upkeep]
|-damage|p2a: Amoonguss|63/100|[from] Sandstorm
|-heal|p2a: Amoonguss|69/100|[from] item: Black Sludge
|upkeep
|turn|9
|
|t:|1597593935
|switch|p2a: Landorus|Landorus-Therian, M|40/100
|-damage|p2a: Landorus|28/100|[from] Stealth Rock
|-ability|p2a: Landorus|Intimidate|boost
|-unboost|p1a: Ferrothorn|atk|1
|cant|p1a: Ferrothorn|par
|
|-weather|Sandstorm|[upkeep]
|upkeep
|turn|10
|c|☆ismokebareherb|nice
|
|t:|1597593941
|move|p2a: Landorus|U-turn|p1a: Ferrothorn
|-damage|p1a: Ferrothorn|0 fnt
|-damage|p2a: Landorus|15/100|[from] ability: Iron Barbs|[of] p1a: Ferrothorn
|-damage|p2a: Landorus|0 fnt|[from] item: Rocky Helmet|[of] p1a: Ferrothorn
|faint|p2a: Landorus
|faint|p1a: Ferrothorn
|
|-weather|Sandstorm|[upkeep]
|upkeep
|
|t:|1597593944
|switch|p2a: Terrakion|Terrakion|76/100
|switch|p1a: Politoed|Politoed, F|65/100
|-damage|p2a: Terrakion|70/100|[from] Stealth Rock
|-damage|p1a: Politoed|53/100|[from] Stealth Rock
|-weather|RainDance|[from] ability: Drizzle|[of] p1a: Politoed
|turn|11
|
|t:|1597593948
|switch|p1a: Starmie|Starmie|100/100
|-damage|p1a: Starmie|88/100|[from] Stealth Rock
|move|p2a: Terrakion|Close Combat|p1a: Starmie
|-resisted|p1a: Starmie
|-damage|p1a: Starmie|44/100
|-unboost|p2a: Terrakion|def|1
|-unboost|p2a: Terrakion|spd|1
|
|-weather|RainDance|[upkeep]
|upkeep
|turn|12
|
|t:|1597593956
|switch|p2a: Amoonguss|Amoonguss, M|100/100
|-damage|p2a: Amoonguss|88/100|[from] Stealth Rock
|move|p1a: Starmie|Scald|p2a: Amoonguss
|-resisted|p2a: Amoonguss
|-damage|p2a: Amoonguss|57/100
|-damage|p1a: Starmie|34/100|[from] item: Life Orb
|
|-weather|RainDance|[upkeep]
|-heal|p2a: Amoonguss|63/100|[from] item: Black Sludge
|upkeep
|turn|13
|
|t:|1597593962
|switch|p2a: Rotom|Rotom-Wash|100/100
|-damage|p2a: Rotom|88/100|[from] Stealth Rock
|move|p1a: Starmie|Ice Beam|p2a: Rotom
|-resisted|p2a: Rotom
|-damage|p2a: Rotom|74/100
|-damage|p1a: Starmie|24/100|[from] item: Life Orb
|
|-weather|RainDance|[upkeep]
|-heal|p2a: Rotom|80/100|[from] item: Leftovers
|upkeep
|turn|14
|
|t:|1597593968
|move|p1a: Starmie|Thunder|p2a: Rotom
|-damage|p2a: Rotom|46/100
|-damage|p1a: Starmie|14/100|[from] item: Life Orb
|move|p2a: Rotom|Volt Switch|p1a: Starmie
|-supereffective|p1a: Starmie
|-damage|p1a: Starmie|0 fnt
|faint|p1a: Starmie
|
|t:|1597593976
|switch|p2a: Terrakion|Terrakion|70/100|[from]move: Volt Switch
|-damage|p2a: Terrakion|63/100|[from] Stealth Rock
|
|-weather|RainDance|[upkeep]
|upkeep
|
|t:|1597593988
|switch|p1a: Jirachi|Jirachi|100/100
|-damage|p1a: Jirachi|94/100|[from] Stealth Rock
|turn|15
|
|t:|1597593990
|move|p1a: Jirachi|Iron Head|p2a: Terrakion
|-supereffective|p2a: Terrakion
|-damage|p2a: Terrakion|0 fnt
|faint|p2a: Terrakion
|
|-weather|RainDance|[upkeep]
|upkeep
|
|t:|1597593993
|switch|p2a: Excadrill|Excadrill, M|100/100
|-damage|p2a: Excadrill|97/100|[from] Stealth Rock
|turn|16
|
|t:|1597593996
|switch|p1a: What's STAB?|Dragonite, F|100/100
|-damage|p1a: What's STAB?|76/100|[from] Stealth Rock
|move|p2a: Excadrill|Earthquake|p1a: What's STAB?
|-immune|p1a: What's STAB?
|
|-weather|RainDance|[upkeep]
|-heal|p2a: Excadrill|100/100|[from] item: Leftovers
|upkeep
|turn|17
|
|t:|1597593999
|move|p2a: Excadrill|Iron Head|p1a: What's STAB?
|-damage|p1a: What's STAB?|14/100
|move|p1a: What's STAB?|Dragon Dance|p1a: What's STAB?
|-boost|p1a: What's STAB?|atk|1
|-boost|p1a: What's STAB?|spe|1
|
|-weather|RainDance|[upkeep]
|upkeep
|turn|18
|
|t:|1597594005
|move|p1a: What's STAB?|Earthquake|p2a: Excadrill
|-supereffective|p2a: Excadrill
|-damage|p2a: Excadrill|0 fnt
|faint|p2a: Excadrill
|
|-weather|RainDance|[upkeep]
|upkeep
|
|t:|1597594007
|switch|p2a: Rotom|Rotom-Wash|46/100
|-damage|p2a: Rotom|34/100|[from] Stealth Rock
|turn|19
|
|t:|1597594009
|move|p1a: What's STAB?|Hurricane|p2a: Rotom
|-resisted|p2a: Rotom
|-damage|p2a: Rotom|13/100
|-start|p2a: Rotom|confusion
|-activate|p2a: Rotom|confusion
|move|p2a: Rotom|Volt Switch|p1a: What's STAB?
|-damage|p1a: What's STAB?|0 fnt
|faint|p1a: What's STAB?
|
|t:|1597594018
|switch|p2a: Amoonguss|Amoonguss, M|96/100|[from]move: Volt Switch
|-damage|p2a: Amoonguss|84/100|[from] Stealth Rock
|
|-weather|RainDance|[upkeep]
|-heal|p2a: Amoonguss|90/100|[from] item: Black Sludge
|upkeep
|
|t:|1597594020
|switch|p1a: Politoed|Politoed, F|53/100
|-damage|p1a: Politoed|40/100|[from] Stealth Rock
|turn|20
|
|t:|1597594025
|move|p1a: Politoed|Ice Beam|p2a: Amoonguss
|-supereffective|p2a: Amoonguss
|-damage|p2a: Amoonguss|13/100
|move|p2a: Amoonguss|Stun Spore|p1a: Politoed|[miss]
|-miss|p2a: Amoonguss|p1a: Politoed
|
|-weather|RainDance|[upkeep]
|-heal|p2a: Amoonguss|19/100|[from] item: Black Sludge
|upkeep
|turn|21
|c|☆ismokebareherb|ice blast
|-message|funzsp forfeited.
|
|win|ismokebareherb
|l|☆funzsp
|raw|ismokebareherb's rating: 1400 &rarr; <strong>1425</strong><br />(+25 for winning)
|raw|funzsp's rating: 1494 &rarr; <strong>1469</strong><br />(-25 for losing)
|l|☆ismokebareherb
