|j|☆django kill
|j|☆Clawdia Chauchat
|t:|1745147973
|gametype|singles
|player|p1|django kill|1|1358
|player|p2|Clawdia Chauchat|winona|1429
|teamsize|p1|6
|teamsize|p2|6
|gen|5
|tier|[Gen 5] OU
|rated|
|rule|Species Clause: Limit one of each Pokémon
|rule|OHKO Clause: OHKO moves are banned
|rule|Moody Clause: Moody is banned
|rule|Evasion Items Clause: Evasion items are banned
|rule|Evasion Moves Clause: Evasion moves are banned
|rule|Endless Battle Clause: Forcing endless battles is banned
|rule|HP Percentage Mod: HP is shown in percentages
|rule|Evasion Abilities Clause: Evasion abilities are banned
|rule|Sleep Moves Clause: Sleep-inducing moves are banned
|rule|Swagger Clause: Swagger is banned
|rule|Baton Pass Stat Clause: No Baton Passer may have a way to boost its stats
|clearpoke
|poke|p1|Tyranitar, F|item
|poke|p1|Landorus-Therian, M|item
|poke|p1|Ferrothorn, M|item
|poke|p1|Latios, M|item
|poke|p1|Alakazam, M|item
|poke|p1|Jellicent, M|item
|poke|p2|Tangrowth, M|item
|poke|p2|Starmie|item
|poke|p2|Forretress, M|item
|poke|p2|Blissey, F|item
|poke|p2|Jirachi|item
|poke|p2|Suicune|item
|teampreview
|
|t:|1745147983
|start
|switch|p1a: Ferrothorn|Ferrothorn, M|100/100
|switch|p2a: Jirachi|Jirachi|100/100
|turn|1
|
|t:|1745147987
|move|p2a: Jirachi|Substitute|p2a: Jirachi
|-start|p2a: Jirachi|Substitute
|-damage|p2a: Jirachi|76/100
|move|p1a: Ferrothorn|Stealth Rock|p2a: Jirachi
|-sidestart|p2: Clawdia Chauchat|move: Stealth Rock
|
|-heal|p2a: Jirachi|82/100|[from] item: Leftovers
|upkeep
|turn|2
|
|t:|1745147993
|move|p2a: Jirachi|Fire Punch|p1a: Ferrothorn
|-supereffective|p1a: Ferrothorn
|-damage|p1a: Ferrothorn|37/100
|-damage|p2a: Jirachi|69/100|[from] ability: Iron Barbs|[of] p1a: Ferrothorn
|move|p1a: Ferrothorn|Spikes|p2a: Jirachi
|-sidestart|p2: Clawdia Chauchat|Spikes
|
|-heal|p2a: Jirachi|76/100|[from] item: Leftovers
|upkeep
|turn|3
|
|t:|1745148004
|switch|p1a: Tyranitar|Tyranitar, F|100/100
|-weather|Sandstorm|[from] ability: Sand Stream|[of] p1a: Tyranitar
|move|p2a: Jirachi|Fire Punch|p1a: Tyranitar
|-resisted|p1a: Tyranitar
|-damage|p1a: Tyranitar|89/100
|
|-weather|Sandstorm|[upkeep]
|-heal|p2a: Jirachi|82/100|[from] item: Leftovers
|upkeep
|turn|4
|
|t:|1745148006
|move|p1a: Tyranitar|Earthquake|p2a: Jirachi
|-supereffective|p2a: Jirachi
|-end|p2a: Jirachi|Substitute
|move|p2a: Jirachi|Iron Head|p1a: Tyranitar
|-supereffective|p1a: Tyranitar
|-crit|p1a: Tyranitar
|-damage|p1a: Tyranitar|0 fnt
|faint|p1a: Tyranitar
|
|-weather|Sandstorm|[upkeep]
|-heal|p2a: Jirachi|88/100|[from] item: Leftovers
|upkeep
|
|t:|1745148010
|switch|p1a: Landorus|Landorus-Therian, M|100/100
|-ability|p1a: Landorus|Intimidate|boost
|-unboost|p2a: Jirachi|atk|1
|turn|5
|
|t:|1745148016
|switch|p2a: Forretress|Forretress, M|100/100
|-damage|p2a: Forretress|88/100|[from] Stealth Rock
|-damage|p2a: Forretress|76/100|[from] Spikes
|move|p1a: Landorus|Earthquake|p2a: Forretress
|-damage|p2a: Forretress|38/100
|
|-weather|Sandstorm|[upkeep]
|-heal|p2a: Forretress|43/100|[from] item: Leftovers
|upkeep
|turn|6
|
|t:|1745148020
|switch|p1a: Jellicent|Jellicent, M|100/100
|-item|p1a: Jellicent|Air Balloon
|move|p2a: Forretress|Toxic Spikes|p1a: Jellicent
|-sidestart|p1: django kill|move: Toxic Spikes
|
|-weather|Sandstorm|[upkeep]
|-damage|p1a: Jellicent|94/100|[from] Sandstorm
|-heal|p2a: Forretress|49/100|[from] item: Leftovers
|upkeep
|turn|7
|
|t:|1745148028
|switch|p2a: Blissey|Blissey, F|100/100
|-damage|p2a: Blissey|88/100|[from] Stealth Rock
|-damage|p2a: Blissey|76/100|[from] Spikes
|move|p1a: Jellicent|Will-O-Wisp|p2a: Blissey
|-status|p2a: Blissey|brn
|
|-weather|Sandstorm|[upkeep]
|-damage|p1a: Jellicent|88/100|[from] Sandstorm
|-damage|p2a: Blissey|69/100 brn|[from] Sandstorm
|-heal|p2a: Blissey|76/100 brn|[from] item: Leftovers
|-damage|p2a: Blissey|63/100 brn|[from] brn
|upkeep
|turn|8
|
|t:|1745148037
|-curestatus|p2a: Blissey|brn|[from] ability: Natural Cure
|switch|p2a: Jirachi|Jirachi|88/100
|-damage|p2a: Jirachi|82/100|[from] Stealth Rock
|-damage|p2a: Jirachi|69/100|[from] Spikes
|move|p1a: Jellicent|Taunt|p2a: Jirachi
|-start|p2a: Jirachi|move: Taunt
|
|-weather|Sandstorm|[upkeep]
|-damage|p1a: Jellicent|82/100|[from] Sandstorm
|-heal|p2a: Jirachi|76/100|[from] item: Leftovers
|upkeep
|turn|9
|
|t:|1745148044
|switch|p1a: Ferrothorn|Ferrothorn, M|37/100
|move|p2a: Jirachi|Iron Head|p1a: Ferrothorn
|-resisted|p1a: Ferrothorn
|-damage|p1a: Ferrothorn|24/100
|-damage|p2a: Jirachi|63/100|[from] ability: Iron Barbs|[of] p1a: Ferrothorn
|
|-weather|Sandstorm|[upkeep]
|-heal|p2a: Jirachi|69/100|[from] item: Leftovers
|upkeep
|turn|10
|
|t:|1745148100
|move|p2a: Jirachi|Fire Punch|p1a: Ferrothorn
|-supereffective|p1a: Ferrothorn
|-damage|p1a: Ferrothorn|0 fnt
|-damage|p2a: Jirachi|57/100|[from] ability: Iron Barbs|[of] p1a: Ferrothorn
|faint|p1a: Ferrothorn
|
|-weather|Sandstorm|[upkeep]
|-heal|p2a: Jirachi|63/100|[from] item: Leftovers
|-end|p2a: Jirachi|move: Taunt
|upkeep
|
|t:|1745148109
|switch|p1a: Landorus|Landorus-Therian, M|100/100
|-ability|p1a: Landorus|Intimidate|boost
|-unboost|p2a: Jirachi|atk|1
|turn|11
|
|t:|1745148124
|switch|p2a: Tangrowth|Tangrowth, M|100/100
|-damage|p2a: Tangrowth|88/100|[from] Stealth Rock
|-damage|p2a: Tangrowth|76/100|[from] Spikes
|move|p1a: Landorus|Earthquake|p2a: Tangrowth
|-resisted|p2a: Tangrowth
|-damage|p2a: Tangrowth|60/100
|
|-weather|Sandstorm|[upkeep]
|-damage|p2a: Tangrowth|54/100|[from] Sandstorm
|upkeep
|turn|12
|
|t:|1745148131
|move|p1a: Landorus|Hidden Power|p2a: Tangrowth
|-supereffective|p2a: Tangrowth
|-damage|p2a: Tangrowth|4/100
|move|p2a: Tangrowth|Stun Spore|p1a: Landorus|[miss]
|-miss|p2a: Tangrowth|p1a: Landorus
|
|-weather|Sandstorm|[upkeep]
|-damage|p2a: Tangrowth|0 fnt|[from] Sandstorm
|faint|p2a: Tangrowth
|upkeep
|
|t:|1745148145
|switch|p2a: Starmie|Starmie|100/100
|-damage|p2a: Starmie|88/100|[from] Stealth Rock
|-damage|p2a: Starmie|76/100|[from] Spikes
|turn|13
|
|t:|1745148150
|switch|p1a: Jellicent|Jellicent, M|82/100
|-item|p1a: Jellicent|Air Balloon
|move|p2a: Starmie|Trick|p1a: Jellicent
|-activate|p2a: Starmie|move: Trick|[of] p1a: Jellicent
|-item|p1a: Jellicent|Flame Orb|[from] move: Trick
|-item|p2a: Starmie|Air Balloon
|-item|p2a: Starmie|Air Balloon|[from] move: Trick
|
|-weather|Sandstorm|[upkeep]
|-damage|p2a: Starmie|70/100|[from] Sandstorm
|-damage|p1a: Jellicent|76/100|[from] Sandstorm
|-status|p1a: Jellicent|brn|[from] item: Flame Orb
|upkeep
|turn|14
|
|t:|1745148188
|switch|p2a: Forretress|Forretress, M|49/100
|-damage|p2a: Forretress|37/100|[from] Stealth Rock
|-damage|p2a: Forretress|25/100|[from] Spikes
|move|p1a: Jellicent|Night Shade|p2a: Forretress
|-damage|p2a: Forretress|0 fnt
|faint|p2a: Forretress
|
|-weather|Sandstorm|[upkeep]
|-damage|p1a: Jellicent|70/100 brn|[from] Sandstorm
|-damage|p1a: Jellicent|57/100 brn|[from] brn
|upkeep
|
|t:|1745148191
|switch|p2a: Jirachi|Jirachi|63/100
|-damage|p2a: Jirachi|57/100|[from] Stealth Rock
|-damage|p2a: Jirachi|45/100|[from] Spikes
|turn|15
|
|t:|1745148199
|switch|p1a: Landorus|Landorus-Therian, M|100/100
|-ability|p1a: Landorus|Intimidate|boost
|-unboost|p2a: Jirachi|atk|1
|move|p2a: Jirachi|Substitute|p2a: Jirachi
|-start|p2a: Jirachi|Substitute
|-damage|p2a: Jirachi|20/100
|
|-weather|Sandstorm|[upkeep]
|-heal|p2a: Jirachi|26/100|[from] item: Leftovers
|upkeep
|turn|16
|
|t:|1745148201
|move|p2a: Jirachi|Ice Punch|p1a: Landorus
|-supereffective|p1a: Landorus
|-enditem|p1a: Landorus|Yache Berry|[eat]
|-enditem|p1a: Landorus|Yache Berry|[weaken]
|-damage|p1a: Landorus|66/100
|move|p1a: Landorus|Earthquake|p2a: Jirachi
|-supereffective|p2a: Jirachi
|-end|p2a: Jirachi|Substitute
|
|-weather|Sandstorm|[upkeep]
|-heal|p2a: Jirachi|32/100|[from] item: Leftovers
|upkeep
|turn|17
|
|t:|1745148210
|switch|p1a: Latios|Latios, M|100/100
|move|p2a: Jirachi|Ice Punch|p1a: Latios
|-supereffective|p1a: Latios
|-damage|p1a: Latios|63/100
|
|-weather|Sandstorm|[upkeep]
|-damage|p1a: Latios|57/100|[from] Sandstorm
|-heal|p2a: Jirachi|38/100|[from] item: Leftovers
|upkeep
|turn|18
|
|t:|1745148225
|move|p1a: Latios|Hidden Power|p2a: Jirachi
|-supereffective|p2a: Jirachi
|-damage|p2a: Jirachi|0 fnt
|faint|p2a: Jirachi
|
|-weather|Sandstorm|[upkeep]
|-damage|p1a: Latios|50/100|[from] Sandstorm
|upkeep
|
|t:|1745148229
|switch|p2a: Suicune|Suicune|100/100
|-damage|p2a: Suicune|88/100|[from] Stealth Rock
|-damage|p2a: Suicune|76/100|[from] Spikes
|-ability|p2a: Suicune|Pressure
|turn|19
|
|t:|1745148237
|move|p1a: Latios|Calm Mind|p1a: Latios
|-boost|p1a: Latios|spa|1
|-boost|p1a: Latios|spd|1
|move|p2a: Suicune|Substitute|p2a: Suicune
|-start|p2a: Suicune|Substitute
|-damage|p2a: Suicune|51/100
|
|-weather|Sandstorm|[upkeep]
|-damage|p1a: Latios|44/100|[from] Sandstorm
|-damage|p2a: Suicune|45/100|[from] Sandstorm
|-heal|p2a: Suicune|51/100|[from] item: Leftovers
|upkeep
|turn|20
|
|t:|1745148258
|move|p2a: Suicune|Protect|p2a: Suicune
|-singleturn|p2a: Suicune|Protect
|move|p1a: Latios|Surf|p2a: Suicune
|-activate|p2a: Suicune|move: Protect
|
|-weather|Sandstorm|[upkeep]
|-damage|p1a: Latios|38/100|[from] Sandstorm
|-damage|p2a: Suicune|45/100|[from] Sandstorm
|-heal|p2a: Suicune|51/100|[from] item: Leftovers
|upkeep
|turn|21
|
|t:|1745148264
|move|p1a: Latios|Surf|p2a: Suicune
|-resisted|p2a: Suicune
|-activate|p2a: Suicune|Substitute|[damage]
|move|p2a: Suicune|Calm Mind|p2a: Suicune
|-boost|p2a: Suicune|spa|1
|-boost|p2a: Suicune|spd|1
|
|-weather|Sandstorm|[upkeep]
|-damage|p1a: Latios|32/100|[from] Sandstorm
|-damage|p2a: Suicune|45/100|[from] Sandstorm
|-heal|p2a: Suicune|51/100|[from] item: Leftovers
|upkeep
|turn|22
|
|t:|1745148275
|move|p2a: Suicune|Protect|p2a: Suicune
|-singleturn|p2a: Suicune|Protect
|move|p1a: Latios|Calm Mind|p1a: Latios
|-boost|p1a: Latios|spa|1
|-boost|p1a: Latios|spd|1
|
|-weather|Sandstorm|[upkeep]
|-damage|p1a: Latios|25/100|[from] Sandstorm
|-damage|p2a: Suicune|45/100|[from] Sandstorm
|-heal|p2a: Suicune|51/100|[from] item: Leftovers
|upkeep
|turn|23
|
|t:|1745148311
|move|p1a: Latios|Surf|p2a: Suicune
|-resisted|p2a: Suicune
|-end|p2a: Suicune|Substitute
|move|p2a: Suicune|Scald|p1a: Latios
|-resisted|p1a: Latios
|-damage|p1a: Latios|16/100
|
|-weather|Sandstorm|[upkeep]
|-damage|p1a: Latios|10/100|[from] Sandstorm
|-damage|p2a: Suicune|45/100|[from] Sandstorm
|-heal|p2a: Suicune|51/100|[from] item: Leftovers
|upkeep
|turn|24
|
|t:|1745148318
|move|p1a: Latios|Draco Meteor|p2a: Suicune
|-damage|p2a: Suicune|0 fnt
|-unboost|p1a: Latios|spa|2
|faint|p2a: Suicune
|
|-weather|Sandstorm|[upkeep]
|-damage|p1a: Latios|4/100|[from] Sandstorm
|upkeep
|
|t:|1745148334
|switch|p2a: Starmie|Starmie|70/100
|-damage|p2a: Starmie|57/100|[from] Stealth Rock
|-item|p2a: Starmie|Air Balloon
|turn|25
|
|t:|1745148337
|switch|p1a: Jellicent|Jellicent, M|57/100 brn
|move|p2a: Starmie|Rapid Spin|p1a: Jellicent
|-immune|p1a: Jellicent
|
|-weather|Sandstorm|[upkeep]
|-damage|p2a: Starmie|51/100|[from] Sandstorm
|-damage|p1a: Jellicent|51/100 brn|[from] Sandstorm
|-damage|p1a: Jellicent|39/100 brn|[from] brn
|upkeep
|turn|26
|
|t:|1745148345
|move|p2a: Starmie|Toxic|p1a: Jellicent|[miss]
|-miss|p2a: Starmie|p1a: Jellicent
|move|p1a: Jellicent|Recover|p1a: Jellicent
|-heal|p1a: Jellicent|89/100 brn
|
|-weather|Sandstorm|[upkeep]
|-damage|p2a: Starmie|45/100|[from] Sandstorm
|-damage|p1a: Jellicent|83/100 brn|[from] Sandstorm
|-damage|p1a: Jellicent|70/100 brn|[from] brn
|upkeep
|turn|27
|-message|Clawdia Chauchat forfeited.
|
|win|django kill
|raw|django kill's rating: 1358 &rarr; <strong>1382</strong><br />(+24 for winning)
|raw|Clawdia Chauchat's rating: 1429 &rarr; <strong>1405</strong><br />(-24 for losing)
|l|☆Clawdia Chauchat
|player|p2|
