|join|arm94
|join|PCR2
|player|p1|arm94|87
|player|p2|PCR2|163
|gametype|singles
|gen|5
|tier|[Gen 5] OU
|rated
|rule|Evasion Abilities Clause: Evasion abilities are banned
|clearpoke
|poke|p1|Latias, F
|poke|p1|Infernape, M
|poke|p1|Alakazam, M
|poke|p1|Donphan, F
|poke|p1|Landorus-Therian, M
|poke|p1|Scizor, M
|poke|p2|Donphan, F
|poke|p2|Breloom, M
|poke|p2|Rotom-Wash
|poke|p2|Yanmega, F
|poke|p2|Mamoswine, M
|poke|p2|Darmanitan, M, shiny
|rule|Sleep Clause Mod: Limit one foe put to sleep
|rule|Species Clause: Limit one of each Pokemon
|rule|OHKO Clause: OHKO moves are banned
|rule|Moody Clause: Moody is banned
|rule|Evasion Moves Clause: Evasion moves are banned
|rule|Endless Battle Clause: Forcing endless battles is banned.
|rule|HP Percentage Mod: HP is reported as percentages
|teampreview
|
|start
|switch|p1a: Latias|Latias, F|363/363
|switch|p2a: Donphan|Donphan, F|384/384
|turn|1
|
|switch|p1a: Landorus-Therian|Landorus-Therian, M|331/331
|-ability|p1a: Landorus-Therian|Intimidate|[of] p2a: Donphan
|-unboost|p2a: Donphan|atk|1
|move|p2a: Donphan|Stealth Rock|p1a: Landorus-Therian
|-sidestart|p1: arm94|move: Stealth Rock
|
|turn|2
|
|switch|p1a: Scizor|Scizor, M|344/344
|-damage|p1a: Scizor|301/344|[from] Stealth Rock
|switch|p2a: Yanmega|Yanmega, F|314/314
|
|turn|3
|
|switch|p2a: Rotom-Wash|Rotom-Wash|304/304
|move|p1a: Scizor|Bullet Punch|p2a: Rotom-Wash
|-resisted|p2a: Rotom-Wash
|-damage|p2a: Rotom-Wash|278/304
|
|-heal|p2a: Rotom-Wash|297/304|[from] item: Leftovers
|turn|4
|
|switch|p1a: Infernape|Infernape, M|293/293
|-damage|p1a: Infernape|257/293|[from] Stealth Rock
|move|p2a: Rotom-Wash|Toxic|p1a: Infernape
|-status|p1a: Infernape|tox
|
|-heal|p2a: Rotom-Wash|304/304|[from] item: Leftovers
|-damage|p1a: Infernape|239/293 tox|[from] psn
|turn|5
|
|move|p1a: Infernape|Fake Out|p2a: Rotom-Wash
|-damage|p2a: Rotom-Wash|267/304
|cant|p2a: Rotom-Wash|flinch
|
|-heal|p2a: Rotom-Wash|286/304|[from] item: Leftovers
|-damage|p1a: Infernape|203/293 tox|[from] psn
|turn|6
|
|move|p1a: Infernape|Stealth Rock|p2a: Rotom-Wash
|-sidestart|p2: PCR2|move: Stealth Rock
|move|p2a: Rotom-Wash|Hydro Pump|p1a: Infernape|[miss]
|-miss|p2a: Rotom-Wash|p1a: Infernape
|
|-heal|p2a: Rotom-Wash|304/304|[from] item: Leftovers
|-damage|p1a: Infernape|149/293 tox|[from] psn
|turn|7
|join|PandaOrgy
|
|move|p1a: Infernape|Close Combat|p2a: Rotom-Wash
|-damage|p2a: Rotom-Wash|120/304
|-unboost|p1a: Infernape|def|1
|-unboost|p1a: Infernape|spd|1
|move|p2a: Rotom-Wash|Hydro Pump|p1a: Infernape
|-supereffective|p1a: Infernape
|-damage|p1a: Infernape|0 fnt
|faint|p1a: Infernape
|
|-heal|p2a: Rotom-Wash|139/304|[from] item: Leftovers
|leave|PandaOrgy
|
|switch|p1a: Latias|Latias, F|363/363
|-damage|p1a: Latias|318/363|[from] Stealth Rock
|turn|8
|
|move|p1a: Latias|Substitute|p1a: Latias
|-start|p1a: Latias|Substitute
|-damage|p1a: Latias|228/363
|move|p2a: Rotom-Wash|Pain Split|p1a: Latias
|
|-heal|p1a: Latias|250/363|[from] item: Leftovers
|-heal|p2a: Rotom-Wash|158/304|[from] item: Leftovers
|turn|9
|
|move|p1a: Latias|Calm Mind|p1a: Latias
|-boost|p1a: Latias|spa|1
|-boost|p1a: Latias|spd|1
|move|p2a: Rotom-Wash|Hydro Pump|p1a: Latias
|-crit|p1a: Latias
|-resisted|p1a: Latias
|-activate|p1a: Latias|Substitute|[damage]
|
|-heal|p1a: Latias|272/363|[from] item: Leftovers
|-heal|p2a: Rotom-Wash|177/304|[from] item: Leftovers
|turn|10
|
|switch|p2a: Donphan|Donphan, F|384/384
|-damage|p2a: Donphan|360/384|[from] Stealth Rock
|move|p1a: Latias|Calm Mind|p1a: Latias
|-boost|p1a: Latias|spa|1
|-boost|p1a: Latias|spd|1
|
|-heal|p1a: Latias|294/363|[from] item: Leftovers
|-heal|p2a: Donphan|384/384|[from] item: Leftovers
|turn|11
|
|move|p1a: Latias|Dragon Pulse|p2a: Donphan
|-damage|p2a: Donphan|17/384
|move|p2a: Donphan|Roar|p1a: Latias
|drag|p1a: Donphan|Donphan, F|384/384
|-damage|p1a: Donphan|360/384|[from] Stealth Rock
|
|-heal|p1a: Donphan|384/384|[from] item: Leftovers
|-heal|p2a: Donphan|41/384|[from] item: Leftovers
|turn|12
|
|move|p1a: Donphan|Ice Shard|p2a: Donphan
|-supereffective|p2a: Donphan
|-damage|p2a: Donphan|0 fnt
|faint|p2a: Donphan
|
|
|switch|p2a: Breloom|Breloom, M|262/262
|-damage|p2a: Breloom|246/262|[from] Stealth Rock
|turn|13
|
|move|p1a: Donphan|Ice Shard|p2a: Breloom
|-supereffective|p2a: Breloom
|-damage|p2a: Breloom|152/262
|move|p2a: Breloom|Bullet Seed|p1a: Donphan
|-supereffective|p1a: Donphan
|-damage|p1a: Donphan|304/384
|-supereffective|p1a: Donphan
|-damage|p1a: Donphan|226/384
|-supereffective|p1a: Donphan
|-damage|p1a: Donphan|134/384
|-supereffective|p1a: Donphan
|-damage|p1a: Donphan|56/384
|-hitcount|p1a: Donphan|4
|
|-heal|p1a: Donphan|80/384|[from] item: Leftovers
|turn|14
|
|move|p2a: Breloom|Mach Punch|p1a: Donphan
|-damage|p1a: Donphan|10/384
|move|p1a: Donphan|Ice Shard|p2a: Breloom
|-supereffective|p2a: Breloom
|-damage|p2a: Breloom|60/262
|
|-heal|p1a: Donphan|34/384|[from] item: Leftovers
|turn|15
|
|move|p2a: Breloom|Mach Punch|p1a: Donphan
|-damage|p1a: Donphan|0 fnt
|faint|p1a: Donphan
|
|
|switch|p1a: Scizor|Scizor, M|301/344
|-damage|p1a: Scizor|258/344|[from] Stealth Rock
|turn|16
|
|move|p2a: Breloom|Mach Punch|p1a: Scizor
|-damage|p1a: Scizor|143/344
|move|p1a: Scizor|Bullet Punch|p2a: Breloom
|-damage|p2a: Breloom|0 fnt
|faint|p2a: Breloom
|
|
|switch|p2a: Darmanitan|Darmanitan, M, shiny|351/351
|-damage|p2a: Darmanitan|264/351|[from] Stealth Rock
|turn|17
|
|switch|p1a: Landorus-Therian|Landorus-Therian, M|331/331
|-damage|p1a: Landorus-Therian|290/331|[from] Stealth Rock
|-ability|p1a: Landorus-Therian|Intimidate|[of] p2a: Darmanitan
|-unboost|p2a: Darmanitan|atk|1
|move|p2a: Darmanitan|Flare Blitz|p1a: Landorus-Therian
|-damage|p1a: Landorus-Therian|0 fnt
|-damage|p2a: Darmanitan|168/351|[from] recoil|[of] p1a: Landorus-Therian
|faint|p1a: Landorus-Therian
|
|
|switch|p1a: Alakazam|Alakazam, M|251/251
|turn|18
|chat|PCR2|>:D
|
|move|p1a: Alakazam|Psychic|p2a: Darmanitan
|-damage|p2a: Darmanitan|0 fnt
|faint|p2a: Darmanitan
|
|
|switch|p2a: Rotom-Wash|Rotom-Wash|177/304
|-damage|p2a: Rotom-Wash|139/304|[from] Stealth Rock
|turn|19
|
|move|p1a: Alakazam|Psychic|p2a: Rotom-Wash
|-damage|p2a: Rotom-Wash|33/304
|move|p2a: Rotom-Wash|Pain Split|p1a: Alakazam
|-sethp|p1a: Alakazam|142/251|p2a: Rotom-Wash|142/304|[from] move: Pain Split
|
|-heal|p2a: Rotom-Wash|161/304|[from] item: Leftovers
|turn|20
|
|switch|p1a: Latias|Latias, F|294/363
|-damage|p1a: Latias|249/363|[from] Stealth Rock
|move|p2a: Rotom-Wash|Hydro Pump|p1a: Latias
|-resisted|p1a: Latias
|-damage|p1a: Latias|205/363
|
|-heal|p1a: Latias|227/363|[from] item: Leftovers
|-heal|p2a: Rotom-Wash|180/304|[from] item: Leftovers
|turn|21
|
|switch|p2a: Yanmega|Yanmega, F|314/314
|-damage|p2a: Yanmega|157/314|[from] Stealth Rock
|move|p1a: Latias|Substitute|p1a: Latias
|-start|p1a: Latias|Substitute
|-damage|p1a: Latias|137/363
|
|-heal|p1a: Latias|159/363|[from] item: Leftovers
|turn|22
|
|move|p2a: Yanmega|Bug Buzz|p1a: Latias
|-supereffective|p1a: Latias
|-end|p1a: Latias|Substitute
|-damage|p2a: Yanmega|126/314|[from] item: Life Orb
|move|p1a: Latias|Dragon Pulse|p2a: Yanmega
|-damage|p2a: Yanmega|0 fnt
|faint|p2a: Yanmega
|
|-heal|p1a: Latias|181/363|[from] item: Leftovers
|
|switch|p2a: Manoswine|Mamoswine, M|361/361
|-damage|p2a: Manoswine|316/361|[from] Stealth Rock
|turn|23
|
|switch|p1a: Scizor|Scizor, M|143/344
|-damage|p1a: Scizor|100/344|[from] Stealth Rock
|move|p2a: Manoswine|Ice Shard|p1a: Scizor
|-resisted|p1a: Scizor
|-damage|p1a: Scizor|58/344
|
|turn|24
|
|move|p2a: Manoswine|Ice Shard|p1a: Scizor
|-resisted|p1a: Scizor
|-damage|p1a: Scizor|20/344
|move|p1a: Scizor|Bullet Punch|p2a: Manoswine
|-supereffective|p2a: Manoswine
|-damage|p2a: Manoswine|40/361
|
|turn|25
|chat|PCR2|gg lol you got me
|
|move|p2a: Manoswine|Ice Shard|p1a: Scizor
|-resisted|p1a: Scizor
|-damage|p1a: Scizor|0 fnt
|faint|p1a: Scizor
|
|
|switch|p1a: Alakazam|Alakazam, M|142/251
|turn|26
|
|move|p2a: Manoswine|Ice Shard|p1a: Alakazam
|-damage|p1a: Alakazam|0 fnt
|faint|p1a: Alakazam
|
|
|switch|p1a: Latias|Latias, F|181/363
|-damage|p1a: Latias|136/363|[from] Stealth Rock
|turn|27
|
|move|p2a: Manoswine|Ice Shard|p1a: Latias
|-supereffective|p1a: Latias
|-damage|p1a: Latias|0 fnt
|faint|p1a: Latias
|
|win|PCR2
|raw|Ladder updating...
|raw|arm94's rating: 1339 &rarr; <strong>1316</strong><br />(-23 for losing)
|raw|PCR2's rating: 1288 &rarr; <strong>1316</strong><br />(+28 for winning)
|leave|arm94
|player|p1