|j|☆Laone.L.ous
|j|☆Blossummm
|t:|1714962818
|gametype|singles
|player|p1|Laone.L.ous|1|1271
|player|p2|Blossummm|roxie|1420
|teamsize|p1|6
|teamsize|p2|6
|gen|5
|tier|[Gen 5] OU
|rated|
|rule|Species Clause: Limit one of each Pokémon
|rule|OHKO Clause: OHKO moves are banned
|rule|Moody Clause: Moody is banned
|rule|Evasion Items Clause: Evasion items are banned
|rule|Evasion Moves Clause: Evasion moves are banned
|rule|Endless Battle Clause: Forcing endless battles is banned
|rule|HP Percentage Mod: HP is shown in percentages
|rule|Evasion Abilities Clause: Evasion abilities are banned
|rule|Sleep Moves Clause: Sleep-inducing moves are banned
|rule|Swagger Clause: Swagger is banned
|rule|Baton Pass Stat Clause: No Baton Passer may have a way to boost its stats
|clearpoke
|poke|p1|Keldeo-Resolute|item
|poke|p1|Politoed, F|item
|poke|p1|Scizor, F|item
|poke|p1|Thundurus-Therian, M|item
|poke|p1|Ferrothorn, F|item
|poke|p1|Tentacruel, F|item
|poke|p2|Tyranitar, F|item
|poke|p2|Alakazam, F|item
|poke|p2|Latios, M|item
|poke|p2|Ferrothorn, F|item
|poke|p2|Keldeo|item
|poke|p2|Landorus-Therian, M|item
|teampreview
|inactive|Battle timer is ON: inactive players will automatically lose when time's up. (requested by Laone.L.ous)
|
|t:|1714962835
|start
|switch|p1a: Scizor|Scizor, F, shiny|100/100
|switch|p2a: Ferrothorn|Ferrothorn, F|100/100
|turn|1
|
|t:|1714962845
|switch|p2a: Landorus|Landorus-Therian, M|100/100
|-ability|p2a: Landorus|Intimidate|boost
|-unboost|p1a: Scizor|atk|1
|move|p1a: Scizor|Superpower|p2a: Landorus
|-resisted|p2a: Landorus
|-damage|p2a: Landorus|82/100
|-unboost|p1a: Scizor|atk|1
|-unboost|p1a: Scizor|def|1
|
|-heal|p2a: Landorus|88/100|[from] item: Leftovers
|upkeep
|turn|2
|
|t:|1714962852
|switch|p1a: Politoed|Politoed, F, shiny|100/100
|-weather|RainDance|[from] ability: Drizzle|[of] p1a: Politoed
|move|p2a: Landorus|Stealth Rock|p1a: Politoed
|-sidestart|p1: Laone.L.ous|move: Stealth Rock
|
|-weather|RainDance|[upkeep]
|-heal|p2a: Landorus|94/100|[from] item: Leftovers
|upkeep
|turn|3
|inactive|Blossummm has 120 seconds left.
|
|t:|1714962882
|switch|p2a: Ferrothorn|Ferrothorn, F|100/100
|move|p1a: Politoed|Hydro Pump|p2a: Ferrothorn
|-resisted|p2a: Ferrothorn
|-damage|p2a: Ferrothorn|55/100
|
|-weather|RainDance|[upkeep]
|upkeep
|turn|4
|inactive|Blossummm has 120 seconds left.
|
|t:|1714962898
|switch|p1a: Ferrothorn|Ferrothorn, F, shiny|100/100
|-damage|p1a: Ferrothorn|94/100|[from] Stealth Rock
|move|p2a: Ferrothorn|Power Whip|p1a: Ferrothorn|[miss]
|-miss|p2a: Ferrothorn|p1a: Ferrothorn
|
|-weather|RainDance|[upkeep]
|-heal|p1a: Ferrothorn|100/100|[from] item: Leftovers
|upkeep
|turn|5
|inactive|Blossummm has 120 seconds left.
|
|t:|1714962906
|move|p1a: Ferrothorn|Stealth Rock|p2a: Ferrothorn
|-sidestart|p2: Blossummm|move: Stealth Rock
|move|p2a: Ferrothorn|Spikes|p1a: Ferrothorn
|-sidestart|p1: Laone.L.ous|Spikes
|
|-weather|RainDance|[upkeep]
|upkeep
|turn|6
|inactive|Blossummm has 120 seconds left.
|
|t:|1714962932
|switch|p2a: Tyranitar|Tyranitar, F, shiny|100/100
|-damage|p2a: Tyranitar|88/100|[from] Stealth Rock
|-weather|Sandstorm|[from] ability: Sand Stream|[of] p2a: Tyranitar
|move|p1a: Ferrothorn|Spikes|p2a: Tyranitar
|-sidestart|p2: Blossummm|Spikes
|
|-weather|Sandstorm|[upkeep]
|upkeep
|turn|7
|
|t:|1714962940
|move|p2a: Tyranitar|Thunder Wave|p1a: Ferrothorn
|-status|p1a: Ferrothorn|par
|cant|p1a: Ferrothorn|par
|
|-weather|Sandstorm|[upkeep]
|upkeep
|turn|8
|
|t:|1714962945
|move|p2a: Tyranitar|Flamethrower|p1a: Ferrothorn
|-supereffective|p1a: Ferrothorn
|-damage|p1a: Ferrothorn|37/100 par
|move|p1a: Ferrothorn|Gyro Ball|p2a: Tyranitar
|-supereffective|p2a: Tyranitar
|-damage|p2a: Tyranitar|8/100
|
|-weather|Sandstorm|[upkeep]
|-heal|p1a: Ferrothorn|43/100 par|[from] item: Leftovers
|upkeep
|turn|9
|
|t:|1714962953
|switch|p1a: Politoed|Politoed, F, shiny|100/100
|-damage|p1a: Politoed|88/100|[from] Stealth Rock
|-damage|p1a: Politoed|76/100|[from] Spikes
|-weather|RainDance|[from] ability: Drizzle|[of] p1a: Politoed
|move|p2a: Tyranitar|Flamethrower|p1a: Politoed
|-resisted|p1a: Politoed
|-damage|p1a: Politoed|71/100
|
|-weather|RainDance|[upkeep]
|upkeep
|turn|10
|
|t:|1714962961
|move|p1a: Politoed|Hydro Pump|p2a: Tyranitar|[miss]
|-miss|p1a: Politoed|p2a: Tyranitar
|move|p2a: Tyranitar|Thunder Wave|p1a: Politoed
|-status|p1a: Politoed|par
|
|-weather|RainDance|[upkeep]
|upkeep
|turn|11
|
|t:|1714962965
|move|p2a: Tyranitar|Crunch|p1a: Politoed
|-damage|p1a: Politoed|20/100 par
|move|p1a: Politoed|Hydro Pump|p2a: Tyranitar
|-supereffective|p2a: Tyranitar
|-damage|p2a: Tyranitar|0 fnt
|faint|p2a: Tyranitar
|
|-weather|RainDance|[upkeep]
|upkeep
|inactive|Blossummm has 120 seconds left.
|
|t:|1714962992
|switch|p2a: Keldeo|Keldeo|100/100
|-damage|p2a: Keldeo|94/100|[from] Stealth Rock
|-damage|p2a: Keldeo|82/100|[from] Spikes
|turn|12
|
|t:|1714962999
|switch|p1a: Tentacruel|Tentacruel, F, shiny|100/100
|-damage|p1a: Tentacruel|88/100|[from] Stealth Rock
|-damage|p1a: Tentacruel|76/100|[from] Spikes
|move|p2a: Keldeo|Secret Sword|p1a: Tentacruel
|-resisted|p1a: Tentacruel
|-damage|p1a: Tentacruel|53/100
|
|-weather|RainDance|[upkeep]
|-heal|p1a: Tentacruel|59/100|[from] ability: Rain Dish
|-heal|p2a: Keldeo|88/100|[from] item: Leftovers
|-heal|p1a: Tentacruel|65/100|[from] item: Black Sludge
|upkeep
|turn|13
|
|t:|1714963007
|move|p2a: Keldeo|Hidden Power|p1a: Tentacruel
|-damage|p1a: Tentacruel|46/100
|move|p1a: Tentacruel|Rapid Spin|p2a: Keldeo
|-damage|p2a: Keldeo|85/100
|-sideend|p1: Laone.L.ous|Spikes|[from] move: Rapid Spin|[of] p1a: Tentacruel
|-sideend|p1: Laone.L.ous|Stealth Rock|[from] move: Rapid Spin|[of] p1a: Tentacruel
|
|-weather|RainDance|[upkeep]
|-heal|p1a: Tentacruel|52/100|[from] ability: Rain Dish
|-heal|p2a: Keldeo|91/100|[from] item: Leftovers
|-heal|p1a: Tentacruel|58/100|[from] item: Black Sludge
|upkeep
|turn|14
|
|t:|1714963019
|switch|p2a: Alakazam|Alakazam, F|100/100
|move|p1a: Tentacruel|Toxic Spikes|p2a: Alakazam
|-sidestart|p2: Blossummm|move: Toxic Spikes
|
|-weather|RainDance|[upkeep]
|-heal|p1a: Tentacruel|64/100|[from] ability: Rain Dish
|-heal|p1a: Tentacruel|70/100|[from] item: Black Sludge
|upkeep
|turn|15
|
|t:|1714963025
|move|p1a: Tentacruel|Protect|p1a: Tentacruel
|-singleturn|p1a: Tentacruel|Protect
|move|p2a: Alakazam|Psyshock|p1a: Tentacruel
|-activate|p1a: Tentacruel|move: Protect
|
|-weather|RainDance|[upkeep]
|-heal|p1a: Tentacruel|76/100|[from] ability: Rain Dish
|-heal|p1a: Tentacruel|82/100|[from] item: Black Sludge
|upkeep
|turn|16
|
|t:|1714963032
|switch|p1a: Politoed|Politoed, F, shiny|20/100 par
|move|p2a: Alakazam|Hidden Power|p1a: Politoed
|-resisted|p1a: Politoed
|-damage|p1a: Politoed|13/100 par
|
|-weather|RainDance|[upkeep]
|upkeep
|turn|17
|
|t:|1714963049
|move|p2a: Alakazam|Psyshock|p1a: Politoed
|-damage|p1a: Politoed|0 fnt
|faint|p1a: Politoed
|
|-weather|RainDance|[upkeep]
|upkeep
|
|t:|1714963054
|switch|p1a: Ferrothorn|Ferrothorn, F, shiny|43/100 par
|turn|18
|
|t:|1714963057
|move|p2a: Alakazam|Hidden Power|p1a: Ferrothorn
|-supereffective|p1a: Ferrothorn
|-damage|p1a: Ferrothorn|0 fnt
|faint|p1a: Ferrothorn
|
|-weather|RainDance|[upkeep]
|upkeep
|
|t:|1714963065
|switch|p1a: Scizor|Scizor, F, shiny|100/100
|turn|19
|
|t:|1714963068
|move|p1a: Scizor|Bullet Punch|p2a: Alakazam
|-damage|p2a: Alakazam|1/100
|move|p2a: Alakazam|Hidden Power|p1a: Scizor
|-supereffective|p1a: Scizor
|-damage|p1a: Scizor|8/100
|
|-weather|RainDance|[upkeep]
|upkeep
|turn|20
|
|t:|1714963077
|switch|p1a: Keldeo|Keldeo-Resolute|100/100
|move|p2a: Alakazam|Hidden Power|p1a: Keldeo
|-resisted|p1a: Keldeo
|-damage|p1a: Keldeo|92/100
|
|-weather|RainDance|[upkeep]
|upkeep
|turn|21
|inactive|Blossummm has 120 seconds left.
|
|t:|1714963113
|switch|p1a: Tentacruel|Tentacruel, F, shiny|82/100
|move|p2a: Alakazam|Psyshock|p1a: Tentacruel
|-supereffective|p1a: Tentacruel
|-crit|p1a: Tentacruel
|-damage|p1a: Tentacruel|0 fnt
|faint|p1a: Tentacruel
|
|-weather|RainDance|[upkeep]
|upkeep
|
|t:|1714963118
|switch|p1a: Scizor|Scizor, F, shiny|8/100
|turn|22
|
|t:|1714963122
|move|p1a: Scizor|Bullet Punch|p2a: Alakazam
|-crit|p2a: Alakazam
|-damage|p2a: Alakazam|0 fnt
|faint|p2a: Alakazam
|
|-weather|RainDance|[upkeep]
|upkeep
|
|t:|1714963128
|switch|p2a: Landorus|Landorus-Therian, M|94/100
|-damage|p2a: Landorus|82/100|[from] Stealth Rock
|-ability|p2a: Landorus|Intimidate|boost
|-unboost|p1a: Scizor|atk|1
|turn|23
|
|t:|1714963132
|move|p1a: Scizor|Bullet Punch|p2a: Landorus
|-damage|p2a: Landorus|50/100
|move|p2a: Landorus|Stealth Rock|p1a: Scizor
|-sidestart|p1: Laone.L.ous|move: Stealth Rock
|
|-weather|RainDance|[upkeep]
|-heal|p2a: Landorus|56/100|[from] item: Leftovers
|upkeep
|turn|24
|
|t:|1714963141
|move|p1a: Scizor|Bullet Punch|p2a: Landorus
|-damage|p2a: Landorus|28/100
|move|p2a: Landorus|Earthquake|p1a: Scizor
|-damage|p1a: Scizor|0 fnt
|faint|p1a: Scizor
|
|-weather|RainDance|[upkeep]
|-heal|p2a: Landorus|34/100|[from] item: Leftovers
|upkeep
|
|t:|1714963146
|switch|p1a: Thundurus|Thundurus-Therian, M, shiny|100/100
|-damage|p1a: Thundurus|76/100|[from] Stealth Rock
|turn|25
|
|t:|1714963149
|move|p1a: Thundurus|Hidden Power|p2a: Landorus
|-supereffective|p2a: Landorus
|-crit|p2a: Landorus
|-damage|p2a: Landorus|0 fnt
|faint|p2a: Landorus
|
|-weather|RainDance|[upkeep]
|upkeep
|inactive|Blossummm has 120 seconds left.
|inactive|Blossummm has 90 seconds left.
|inactive|Blossummm has 60 seconds left.
|
|t:|1714963248
|switch|p2a: Latios|Latios, M|100/100
|-damage|p2a: Latios|88/100|[from] Stealth Rock
|turn|26
|
|t:|1714963253
|move|p2a: Latios|Draco Meteor|p1a: Thundurus
|-damage|p1a: Thundurus|0 fnt
|-unboost|p2a: Latios|spa|2
|faint|p1a: Thundurus
|
|-weather|RainDance|[upkeep]
|upkeep
|
|t:|1714963256
|switch|p1a: Keldeo|Keldeo-Resolute|92/100
|-damage|p1a: Keldeo|85/100|[from] Stealth Rock
|turn|27
|
|t:|1714963261
|switch|p2a: Ferrothorn|Ferrothorn, F|55/100
|-damage|p2a: Ferrothorn|50/100|[from] Stealth Rock
|-damage|p2a: Ferrothorn|37/100|[from] Spikes
|move|p1a: Keldeo|Hydro Pump|p2a: Ferrothorn
|-resisted|p2a: Ferrothorn
|-damage|p2a: Ferrothorn|0 fnt
|faint|p2a: Ferrothorn
|
|-weather|RainDance|[upkeep]
|upkeep
|
|t:|1714963267
|switch|p2a: Latios|Latios, M|88/100
|-damage|p2a: Latios|76/100|[from] Stealth Rock
|turn|28
|
|t:|1714963269
|move|p2a: Latios|Draco Meteor|p1a: Keldeo|[miss]
|-miss|p2a: Latios|p1a: Keldeo
|move|p1a: Keldeo|Hydro Pump|p2a: Latios
|-resisted|p2a: Latios
|-damage|p2a: Latios|0 fnt
|faint|p2a: Latios
|
|-weather|RainDance|[upkeep]
|upkeep
|inactive|Blossummm has 90 seconds left.
|
|t:|1714963274
|switch|p2a: Keldeo|Keldeo|91/100
|-damage|p2a: Keldeo|85/100|[from] Stealth Rock
|-damage|p2a: Keldeo|73/100|[from] Spikes
|-status|p2a: Keldeo|psn
|turn|29
|
|t:|1714963277
|move|p1a: Keldeo|Hydro Pump|p2a: Keldeo
|-resisted|p2a: Keldeo
|-damage|p2a: Keldeo|0 fnt
|faint|p2a: Keldeo
|
|win|Laone.L.ous
|raw|Laone.L.ous's rating: 1271 &rarr; <strong>1306</strong><br />(+35 for winning)
|raw|Blossummm's rating: 1420 &rarr; <strong>1392</strong><br />(-28 for losing)
|c|☆Laone.L.ous|lucky
|c|☆Laone.L.ous|gg
