|j|☆Iryion
|j|☆HANMA JACK
|t:|1735459640
|gametype|singles
|player|p1|Iryion|101|1301
|player|p2|HANMA JACK|#phosphor|1587
|teamsize|p1|6
|teamsize|p2|6
|gen|5
|tier|[Gen 5] OU
|rated|
|rule|Species Clause: Limit one of each Pokémon
|rule|OHKO Clause: OHKO moves are banned
|rule|Moody Clause: Moody is banned
|rule|Evasion Items Clause: Evasion items are banned
|rule|Evasion Moves Clause: Evasion moves are banned
|rule|Endless Battle Clause: Forcing endless battles is banned
|rule|HP Percentage Mod: HP is shown in percentages
|rule|Evasion Abilities Clause: Evasion abilities are banned
|rule|Sleep Moves Clause: Sleep-inducing moves are banned
|rule|Swagger Clause: Swagger is banned
|rule|Baton Pass Stat Clause: No Baton Passer may have a way to boost its stats
|clearpoke
|poke|p1|Reuniclus, M|item
|poke|p1|Tyranitar, M|item
|poke|p1|Lucario, M|item
|poke|p1|Landorus-Therian, M|item
|poke|p1|Jellicent, M|item
|poke|p1|Excadrill, M|item
|poke|p2|Ninetales, F|item
|poke|p2|Excadrill, F|item
|poke|p2|Volcarona, M|item
|poke|p2|Chansey, F|item
|poke|p2|Cresselia, F|item
|poke|p2|Rotom-Wash|item
|teampreview
|c|☆HANMA JACK|gl hf
|
|t:|1735459650
|start
|switch|p1a: Landorus|Landorus-Therian, M|100/100
|switch|p2a: Rotom|Rotom-Wash|100/100
|-ability|p1a: Landorus|Intimidate|boost
|-unboost|p2a: Rotom|atk|1
|turn|1
|inactive|Battle timer is ON: inactive players will automatically lose when time's up. (requested by Iryion)
|inactive|Iryion has 120 seconds left.
|
|t:|1735459686
|move|p1a: Landorus|Stealth Rock|p2a: Rotom
|-sidestart|p2: HANMA JACK|move: Stealth Rock
|move|p2a: Rotom|Hydro Pump|p1a: Landorus
|-supereffective|p1a: Landorus
|-damage|p1a: Landorus|4/100
|
|-heal|p1a: Landorus|10/100|[from] item: Leftovers
|upkeep
|turn|2
|
|t:|1735459694
|move|p1a: Landorus|U-turn|p2a: Rotom
|-damage|p2a: Rotom|82/100
|
|t:|1735459701
|switch|p1a: Tyranitar|Tyranitar, M|100/100|[from] U-turn
|-weather|Sandstorm|[from] ability: Sand Stream|[of] p1a: Tyranitar
|move|p2a: Rotom|Volt Switch|p1a: Tyranitar
|-damage|p1a: Tyranitar|88/100
|
|t:|1735459708
|switch|p2a: Excadrill|Excadrill, F|100/100|[from] Volt Switch
|-damage|p2a: Excadrill|98/100|[from] Stealth Rock
|-ability|p2a: Excadrill|Mold Breaker
|
|-weather|Sandstorm|[upkeep]
|-heal|p2a: Excadrill|100/100|[from] item: Leftovers
|upkeep
|turn|3
|
|t:|1735459713
|switch|p1a: Landorus|Landorus-Therian, M|10/100
|-ability|p1a: Landorus|Intimidate|boost
|-unboost|p2a: Excadrill|atk|1
|move|p2a: Excadrill|Substitute|p2a: Excadrill
|-start|p2a: Excadrill|Substitute
|-damage|p2a: Excadrill|75/100
|
|-weather|Sandstorm|[upkeep]
|-heal|p1a: Landorus|16/100|[from] item: Leftovers
|-heal|p2a: Excadrill|82/100|[from] item: Leftovers
|upkeep
|turn|4
|
|t:|1735459723
|move|p1a: Landorus|Earthquake|p2a: Excadrill
|-supereffective|p2a: Excadrill
|-end|p2a: Excadrill|Substitute
|move|p2a: Excadrill|Toxic|p1a: Landorus
|-status|p1a: Landorus|tox
|
|-weather|Sandstorm|[upkeep]
|-heal|p1a: Landorus|22/100 tox|[from] item: Leftovers
|-heal|p2a: Excadrill|88/100|[from] item: Leftovers
|-damage|p1a: Landorus|16/100 tox|[from] psn
|upkeep
|turn|5
|
|t:|1735459734
|switch|p2a: Rotom|Rotom-Wash|82/100
|-damage|p2a: Rotom|70/100|[from] Stealth Rock
|move|p1a: Landorus|Earthquake|p2a: Rotom
|-immune|p2a: Rotom|[from] ability: Levitate
|
|-weather|Sandstorm|[upkeep]
|-damage|p2a: Rotom|63/100|[from] Sandstorm
|-heal|p1a: Landorus|22/100 tox|[from] item: Leftovers
|-heal|p2a: Rotom|70/100|[from] item: Leftovers
|-damage|p1a: Landorus|10/100 tox|[from] psn
|upkeep
|turn|6
|
|t:|1735459739
|move|p1a: Landorus|U-turn|p2a: Rotom
|-damage|p2a: Rotom|52/100
|j| Body Catcher
|
|t:|1735459761
|switch|p1a: Jellicent|Jellicent, M|100/100|[from] U-turn
|move|p2a: Rotom|Volt Switch|p1a: Jellicent
|-supereffective|p1a: Jellicent
|-damage|p1a: Jellicent|61/100
|
|t:|1735459777
|switch|p2a: Ninetales|Ninetales, F|100/100|[from] Volt Switch
|-damage|p2a: Ninetales|76/100|[from] Stealth Rock
|-weather|SunnyDay|[from] ability: Drought|[of] p2a: Ninetales
|
|-weather|SunnyDay|[upkeep]
|-heal|p1a: Jellicent|67/100|[from] item: Leftovers
|upkeep
|turn|7
|
|t:|1735459798
|switch|p2a: Rotom|Rotom-Wash|52/100
|-damage|p2a: Rotom|39/100|[from] Stealth Rock
|switch|p1a: Tyranitar|Tyranitar, M|88/100
|-weather|Sandstorm|[from] ability: Sand Stream|[of] p1a: Tyranitar
|
|-weather|Sandstorm|[upkeep]
|-damage|p2a: Rotom|33/100|[from] Sandstorm
|-heal|p2a: Rotom|39/100|[from] item: Leftovers
|upkeep
|turn|8
|
|t:|1735459810
|move|p2a: Rotom|Pain Split|p1a: Tyranitar
|-sethp|p1a: Tyranitar|59/100|[from] move: Pain Split|[silent]
|-sethp|p2a: Rotom|77/100|[from] move: Pain Split
|move|p1a: Tyranitar|Rock Slide|p2a: Rotom
|-damage|p2a: Rotom|45/100
|
|-weather|Sandstorm|[upkeep]
|-damage|p2a: Rotom|38/100|[from] Sandstorm
|-heal|p2a: Rotom|45/100|[from] item: Leftovers
|upkeep
|turn|9
|
|t:|1735459826
|switch|p1a: Landorus|Landorus-Therian, M|10/100 tox
|-ability|p1a: Landorus|Intimidate|boost
|-unboost|p2a: Rotom|atk|1
|move|p2a: Rotom|Volt Switch|p1a: Landorus
|-immune|p1a: Landorus
|
|-weather|Sandstorm|[upkeep]
|-damage|p2a: Rotom|38/100|[from] Sandstorm
|-heal|p1a: Landorus|16/100 tox|[from] item: Leftovers
|-heal|p2a: Rotom|45/100|[from] item: Leftovers
|-damage|p1a: Landorus|10/100 tox|[from] psn
|upkeep
|turn|10
|
|t:|1735459833
|move|p1a: Landorus|U-turn|p2a: Rotom
|-damage|p2a: Rotom|26/100
|
|t:|1735459840
|switch|p1a: Jellicent|Jellicent, M|67/100|[from] U-turn
|move|p2a: Rotom|Volt Switch|p1a: Jellicent
|-supereffective|p1a: Jellicent
|-damage|p1a: Jellicent|27/100
|
|t:|1735459858
|switch|p2a: Excadrill|Excadrill, F|88/100|[from] Volt Switch
|-damage|p2a: Excadrill|85/100|[from] Stealth Rock
|-ability|p2a: Excadrill|Mold Breaker
|
|-weather|Sandstorm|[upkeep]
|-damage|p1a: Jellicent|21/100|[from] Sandstorm
|-heal|p2a: Excadrill|91/100|[from] item: Leftovers
|-heal|p1a: Jellicent|27/100|[from] item: Leftovers
|upkeep
|turn|11
|
|t:|1735459875
|move|p2a: Excadrill|Earthquake|p1a: Jellicent
|-damage|p1a: Jellicent|0 fnt
|faint|p1a: Jellicent
|
|-weather|Sandstorm|[upkeep]
|-heal|p2a: Excadrill|97/100|[from] item: Leftovers
|upkeep
|
|t:|1735459878
|switch|p1a: Landorus|Landorus-Therian, M|10/100 tox
|-ability|p1a: Landorus|Intimidate|boost
|-unboost|p2a: Excadrill|atk|1
|turn|12
|inactive|HANMA JACK has 120 seconds left.
|
|t:|1735459916
|switch|p2a: Cresselia|Cresselia, F|100/100
|-damage|p2a: Cresselia|88/100|[from] Stealth Rock
|move|p1a: Landorus|Earthquake|p2a: Cresselia
|-immune|p2a: Cresselia|[from] ability: Levitate
|
|-weather|Sandstorm|[upkeep]
|-damage|p2a: Cresselia|82/100|[from] Sandstorm
|-heal|p1a: Landorus|16/100 tox|[from] item: Leftovers
|-heal|p2a: Cresselia|88/100|[from] item: Leftovers
|-damage|p1a: Landorus|10/100 tox|[from] psn
|upkeep
|turn|13
|inactive|HANMA JACK has 120 seconds left.
|
|t:|1735459934
|move|p1a: Landorus|U-turn|p2a: Cresselia
|-supereffective|p2a: Cresselia
|-damage|p2a: Cresselia|66/100
|
|t:|1735459949
|switch|p1a: Tyranitar|Tyranitar, M|59/100|[from] U-turn
|move|p2a: Cresselia|Toxic|p1a: Tyranitar
|-status|p1a: Tyranitar|tox
|
|-weather|Sandstorm|[upkeep]
|-damage|p2a: Cresselia|60/100|[from] Sandstorm
|-heal|p2a: Cresselia|66/100|[from] item: Leftovers
|-damage|p1a: Tyranitar|52/100 tox|[from] psn
|upkeep
|turn|14
|inactive|HANMA JACK has 120 seconds left.
|
|t:|1735459964
|move|p2a: Cresselia|Moonlight|p2a: Cresselia
|-heal|p2a: Cresselia|91/100
|move|p1a: Tyranitar|Crunch|p2a: Cresselia
|-supereffective|p2a: Cresselia
|-damage|p2a: Cresselia|47/100
|
|-weather|Sandstorm|[upkeep]
|-damage|p2a: Cresselia|41/100|[from] Sandstorm
|-heal|p2a: Cresselia|47/100|[from] item: Leftovers
|-damage|p1a: Tyranitar|40/100 tox|[from] psn
|upkeep
|turn|15
|inactive|HANMA JACK has 120 seconds left.
|
|t:|1735459977
|switch|p2a: Rotom|Rotom-Wash|26/100
|-damage|p2a: Rotom|14/100|[from] Stealth Rock
|switch|p1a: Reuniclus|Reuniclus, M|100/100
|
|-weather|Sandstorm|[upkeep]
|-damage|p2a: Rotom|7/100|[from] Sandstorm
|-heal|p2a: Rotom|14/100|[from] item: Leftovers
|upkeep
|turn|16
|inactive|HANMA JACK has 120 seconds left.
|
|t:|1735460004
|switch|p1a: Landorus|Landorus-Therian, M|10/100 tox
|-ability|p1a: Landorus|Intimidate|boost
|-unboost|p2a: Rotom|atk|1
|move|p2a: Rotom|Pain Split|p1a: Landorus
|-sethp|p1a: Landorus|10/100 tox|[from] move: Pain Split|[silent]
|-sethp|p2a: Rotom|13/100|[from] move: Pain Split
|
|-weather|Sandstorm|[upkeep]
|-damage|p2a: Rotom|6/100|[from] Sandstorm
|-heal|p1a: Landorus|16/100 tox|[from] item: Leftovers
|-heal|p2a: Rotom|13/100|[from] item: Leftovers
|-damage|p1a: Landorus|10/100 tox|[from] psn
|upkeep
|turn|17
|inactive|HANMA JACK has 120 seconds left.
|
|t:|1735460017
|move|p1a: Landorus|U-turn|p2a: Rotom
|-damage|p2a: Rotom|0 fnt
|faint|p2a: Rotom
|inactive|Iryion has 120 seconds left.
|j| nightsuwu
|inactive|Iryion has 90 seconds left.
|
|t:|1735460064
|switch|p1a: Reuniclus|Reuniclus, M|100/100|[from] U-turn
|
|-weather|Sandstorm|[upkeep]
|upkeep
|inactive|HANMA JACK has 120 seconds left.
|
|t:|1735460076
|switch|p2a: Excadrill|Excadrill, F|97/100
|-damage|p2a: Excadrill|94/100|[from] Stealth Rock
|-ability|p2a: Excadrill|Mold Breaker
|turn|18
|
|t:|1735460090
|switch|p1a: Landorus|Landorus-Therian, M|10/100 tox
|-ability|p1a: Landorus|Intimidate|boost
|-unboost|p2a: Excadrill|atk|1
|move|p2a: Excadrill|Rapid Spin|p1a: Landorus
|-crit|p1a: Landorus
|-damage|p1a: Landorus|0 fnt
|-sideend|p2: HANMA JACK|Stealth Rock|[from] move: Rapid Spin|[of] p2a: Excadrill
|faint|p1a: Landorus
|
|-weather|Sandstorm|[upkeep]
|-heal|p2a: Excadrill|100/100|[from] item: Leftovers
|upkeep
|inactive|Iryion has 90 seconds left.
|
|t:|1735460102
|switch|p1a: Excadrill|Excadrill, M|100/100
|-ability|p1a: Excadrill|Mold Breaker
|-item|p1a: Excadrill|Air Balloon
|turn|19
|c|☆Iryion|This crit is hard
|inactive|HANMA JACK has 120 seconds left.
|c| Body Catcher|you had to calm mind bro
|l| nightsuwu
|c|☆Iryion|Yeah maybe
|inactive|HANMA JACK has 90 seconds left.
|
|t:|1735460170
|switch|p2a: Chansey|Chansey, F|100/100
|move|p1a: Excadrill|Earthquake|p2a: Chansey
|-damage|p2a: Chansey|66/100
|
|-weather|Sandstorm|[upkeep]
|-damage|p2a: Chansey|60/100|[from] Sandstorm
|upkeep
|turn|20
|inactive|Iryion has 90 seconds left.
|
|t:|1735460196
|switch|p1a: Lucario|Lucario, M|100/100
|move|p2a: Chansey|Soft-Boiled|p2a: Chansey
|-heal|p2a: Chansey|100/100
|
|-weather|Sandstorm|[upkeep]
|-damage|p2a: Chansey|94/100|[from] Sandstorm
|upkeep
|turn|21
|inactive|Iryion has 90 seconds left.
|
|t:|1735460205
|switch|p2a: Ninetales|Ninetales, F|76/100
|-weather|SunnyDay|[from] ability: Drought|[of] p2a: Ninetales
|move|p1a: Lucario|Swords Dance|p1a: Lucario
|-boost|p1a: Lucario|atk|2
|
|-weather|SunnyDay|[upkeep]
|upkeep
|turn|22
|inactive|Iryion has 90 seconds left.
|inactive|HANMA JACK has 90 seconds left.
|inactive|Iryion has 60 seconds left.
|
|t:|1735460248
|move|p1a: Lucario|Extreme Speed|p2a: Ninetales
|-damage|p2a: Ninetales|0 fnt
|faint|p2a: Ninetales
|-damage|p1a: Lucario|91/100|[from] item: Life Orb
|
|-weather|SunnyDay|[upkeep]
|upkeep
|
|t:|1735460259
|switch|p2a: Excadrill|Excadrill, F|100/100
|-ability|p2a: Excadrill|Mold Breaker
|turn|23
|inactive|Iryion has 60 seconds left.
|inactive|Iryion has 30 seconds left.
|inactive|Iryion has 20 seconds left.
|
|t:|1735460315
|move|p1a: Lucario|Close Combat|p2a: Excadrill
|-supereffective|p2a: Excadrill
|-damage|p2a: Excadrill|0 fnt
|-unboost|p1a: Lucario|def|1
|-unboost|p1a: Lucario|spd|1
|faint|p2a: Excadrill
|-damage|p1a: Lucario|81/100|[from] item: Life Orb
|
|-weather|SunnyDay|[upkeep]
|upkeep
|inactive|Iryion has 25 seconds left this turn.
|
|t:|1735460326
|switch|p2a: Cresselia|Cresselia, F|47/100
|turn|24
|inactive|Iryion has 30 seconds left.
|j| damn das crazy
|inactive|Iryion has 20 seconds left.
|inactive|Iryion has 15 seconds left.
|
|t:|1735460350
|switch|p1a: Tyranitar|Tyranitar, M|40/100 tox
|-weather|Sandstorm|[from] ability: Sand Stream|[of] p1a: Tyranitar
|move|p2a: Cresselia|Moonlight|p2a: Cresselia
|-heal|p2a: Cresselia|72/100
|
|-weather|Sandstorm|[upkeep]
|-damage|p2a: Cresselia|66/100|[from] Sandstorm
|-heal|p2a: Cresselia|72/100|[from] item: Leftovers
|-damage|p1a: Tyranitar|34/100 tox|[from] psn
|upkeep
|turn|25
|inactive|Iryion has 25 seconds left this turn.
|inactive|Iryion has 20 seconds left.
|inactive|Iryion has 15 seconds left.
|
|t:|1735460365
|switch|p2a: Chansey|Chansey, F|94/100
|switch|p1a: Reuniclus|Reuniclus, M|100/100
|
|-weather|Sandstorm|[upkeep]
|-damage|p2a: Chansey|88/100|[from] Sandstorm
|upkeep
|turn|26
|inactive|Iryion has 25 seconds left this turn.
|inactive|Iryion has 20 seconds left.
|
|t:|1735460374
|move|p2a: Chansey|Toxic|p1a: Reuniclus
|-status|p1a: Reuniclus|tox
|move|p1a: Reuniclus|Calm Mind|p1a: Reuniclus
|-boost|p1a: Reuniclus|spa|1
|-boost|p1a: Reuniclus|spd|1
|
|-weather|Sandstorm|[upkeep]
|-damage|p2a: Chansey|82/100|[from] Sandstorm
|upkeep
|turn|27
|inactive|Iryion has 30 seconds left this turn.
|
|t:|1735460397
|switch|p2a: Cresselia|Cresselia, F|72/100
|move|p1a: Reuniclus|Calm Mind|p1a: Reuniclus
|-boost|p1a: Reuniclus|spa|1
|-boost|p1a: Reuniclus|spd|1
|
|-weather|Sandstorm|[upkeep]
|-damage|p2a: Cresselia|66/100|[from] Sandstorm
|-heal|p2a: Cresselia|72/100|[from] item: Leftovers
|upkeep
|turn|28
|inactive|Iryion has 30 seconds left.
|
|t:|1735460413
|move|p2a: Cresselia|Skill Swap|p1a: Reuniclus
|-activate|p2a: Cresselia|move: Skill Swap|Magic Guard|Levitate|[of] p1a: Reuniclus
|-endability|p2a: Cresselia|Levitate|[from] move: Skill Swap
|-endability|p1a: Reuniclus|Magic Guard|[from] move: Skill Swap
|move|p1a: Reuniclus|Calm Mind|p1a: Reuniclus
|-boost|p1a: Reuniclus|spa|1
|-boost|p1a: Reuniclus|spd|1
|
|-weather|Sandstorm|[upkeep]
|-damage|p1a: Reuniclus|94/100 tox|[from] Sandstorm
|-heal|p2a: Cresselia|78/100|[from] item: Leftovers
|-heal|p1a: Reuniclus|100/100 tox|[from] item: Leftovers
|-damage|p1a: Reuniclus|82/100 tox|[from] psn
|upkeep
|turn|29
|inactive|Iryion has 30 seconds left.
|inactive|Iryion has 20 seconds left.
|
|t:|1735460429
|move|p2a: Cresselia|Moonlight|p2a: Cresselia
|-heal|p2a: Cresselia|100/100
|move|p1a: Reuniclus|Energy Ball|p2a: Cresselia
|-damage|p2a: Cresselia|66/100
|
|-weather|Sandstorm|[upkeep]
|-damage|p1a: Reuniclus|76/100 tox|[from] Sandstorm
|-heal|p2a: Cresselia|72/100|[from] item: Leftovers
|-heal|p1a: Reuniclus|82/100 tox|[from] item: Leftovers
|-damage|p1a: Reuniclus|58/100 tox|[from] psn
|upkeep
|turn|30
|inactive|Iryion has 30 seconds left this turn.
|l| damn das crazy
|inactive|Iryion has 20 seconds left.
|inactive|Iryion has 15 seconds left.
|inactive|Iryion has 10 seconds left.
|
|t:|1735460452
|switch|p1a: Excadrill|Excadrill, M|100/100
|-ability|p1a: Excadrill|Mold Breaker
|-item|p1a: Excadrill|Air Balloon
|move|p2a: Cresselia|Ice Beam|p1a: Excadrill
|-damage|p1a: Excadrill|77/100
|-enditem|p1a: Excadrill|Air Balloon
|
|-weather|Sandstorm|[upkeep]
|-heal|p2a: Cresselia|78/100|[from] item: Leftovers
|upkeep
|turn|31
|inactive|Iryion has 20 seconds left this turn.
|inactive|Iryion has 15 seconds left.
|inactive|HANMA JACK has 60 seconds left.
|
|t:|1735460485
|move|p1a: Excadrill|Swords Dance|p1a: Excadrill
|-boost|p1a: Excadrill|atk|2
|move|p2a: Cresselia|Ice Beam|p1a: Excadrill
|-crit|p1a: Excadrill
|-damage|p1a: Excadrill|27/100
|-status|p1a: Excadrill|frz
|
|-weather|Sandstorm|[upkeep]
|-heal|p2a: Cresselia|85/100|[from] item: Leftovers
|upkeep
|turn|32
|inactive|Iryion has 25 seconds left this turn.
|c|☆HANMA JACK|i am so sorry
|inactive|Iryion has 20 seconds left.
|inactive|HANMA JACK has 60 seconds left.
|c|☆Iryion|Don’t worries I don’t deserve to win
|c|☆Iryion|so many miss play
|inactive|HANMA JACK has 30 seconds left.
|inactive|HANMA JACK has 20 seconds left.
|inactive|HANMA JACK has 15 seconds left.
|
|t:|1735460536
|switch|p2a: Volcarona|Volcarona, M|100/100
|cant|p1a: Excadrill|frz
|
|-weather|Sandstorm|[upkeep]
|-damage|p2a: Volcarona|94/100|[from] Sandstorm
|upkeep
|turn|33
|inactive|Iryion has 30 seconds left this turn.
|inactive|HANMA JACK has 25 seconds left this turn.
|inactive|HANMA JACK has 20 seconds left.
|inactive|HANMA JACK has 15 seconds left.
|
|t:|1735460547
|cant|p1a: Excadrill|frz
|move|p2a: Volcarona|Quiver Dance|p2a: Volcarona
|-boost|p2a: Volcarona|spa|1
|-boost|p2a: Volcarona|spd|1
|-boost|p2a: Volcarona|spe|1
|
|-weather|Sandstorm|[upkeep]
|-damage|p2a: Volcarona|88/100|[from] Sandstorm
|upkeep
|turn|34
|inactive|HANMA JACK has 25 seconds left this turn.
|
|t:|1735460551
|move|p2a: Volcarona|Bug Buzz|p1a: Excadrill
|-resisted|p1a: Excadrill
|-damage|p1a: Excadrill|0 fnt
|faint|p1a: Excadrill
|
|-weather|Sandstorm|[upkeep]
|-damage|p2a: Volcarona|82/100|[from] Sandstorm
|upkeep
|inactive|HANMA JACK has 30 seconds left this turn.
|
|t:|1735460558
|switch|p1a: Reuniclus|Reuniclus, M|58/100 tox
|turn|35
|
|t:|1735460563
|move|p2a: Volcarona|Bug Buzz|p1a: Reuniclus
|-supereffective|p1a: Reuniclus
|-damage|p1a: Reuniclus|0 fnt
|faint|p1a: Reuniclus
|
|-weather|Sandstorm|[upkeep]
|-damage|p2a: Volcarona|76/100|[from] Sandstorm
|upkeep
|
|t:|1735460568
|switch|p1a: Tyranitar|Tyranitar, M|34/100 tox
|turn|36
|
|t:|1735460572
|move|p2a: Volcarona|Bug Buzz|p1a: Tyranitar
|-supereffective|p1a: Tyranitar
|-damage|p1a: Tyranitar|0 fnt
|faint|p1a: Tyranitar
|
|-weather|Sandstorm|[upkeep]
|-damage|p2a: Volcarona|69/100|[from] Sandstorm
|upkeep
|
|t:|1735460574
|switch|p1a: Lucario|Lucario, M|81/100
|turn|37
|
|t:|1735460581
|move|p1a: Lucario|Extreme Speed|p2a: Volcarona
|-damage|p2a: Volcarona|24/100
|-damage|p1a: Lucario|71/100|[from] item: Life Orb
|move|p2a: Volcarona|Fire Blast|p1a: Lucario
|-supereffective|p1a: Lucario
|-damage|p1a: Lucario|0 fnt
|faint|p1a: Lucario
|
|win|HANMA JACK
|raw|Iryion's rating: 1301 &rarr; <strong>1295</strong><br />(-6 for losing)
|raw|HANMA JACK's rating: 1587 &rarr; <strong>1593</strong><br />(+6 for winning)
|c|☆HANMA JACK|gg
