|j|☆Indisposed
|j|☆porrompompom
|player|p1|Indisposed|266
|player|p2|porrompompom|102
|teamsize|p1|6
|teamsize|p2|6
|gametype|singles
|gen|5
|tier|[Gen 5] OU
|rated|
|rule|Sleep Clause Mod: Limit one foe put to sleep
|rule|Species Clause: Limit one of each Pokémon
|rule|OHKO Clause: OHKO moves are banned
|rule|Moody Clause: Moody is banned
|rule|Evasion Moves Clause: Evasion moves are banned
|rule|Endless Battle Clause: Forcing endless battles is banned
|rule|HP Percentage Mod: HP is shown in percentages
|rule|Evasion Abilities Clause: Evasion abilities are banned
|rule|Baton Pass Clause: Limit one Baton Passer, can't pass Spe and other stats simultaneously
|rule|Swagger Clause: Swagger is banned
|clearpoke
|poke|p1|Keldeo|item
|poke|p1|Slowbro, F|item
|poke|p1|Amoonguss, F|item
|poke|p1|Skarmory, M|item
|poke|p1|Blissey, F|item
|poke|p1|Scizor, M|item
|poke|p2|Latios, M|item
|poke|p2|Haxorus, M|item
|poke|p2|Magnezone|item
|poke|p2|Lucario, F|item
|poke|p2|Salamence, M|item
|poke|p2|Aerodactyl, M|item
|teampreview
|
|start
|switch|p1a: Slowbro|Slowbro, F|100/100
|switch|p2a: Aerodactyl|Aerodactyl, M|100/100
|-ability|p2a: Aerodactyl|Unnerve|p1: Indisposed
|turn|1
|inactive|Battle timer is ON: inactive players will automatically lose when time's up. (requested by porrompompom)
|
|move|p2a: Aerodactyl|Stealth Rock|p1a: Slowbro
|-sidestart|p1: Indisposed|move: Stealth Rock
|move|p1a: Slowbro|Calm Mind|p1a: Slowbro
|-boost|p1a: Slowbro|spa|1
|-boost|p1a: Slowbro|spd|1
|
|upkeep
|turn|2
|
|switch|p2a: Latios|Latios, M|100/100
|move|p1a: Slowbro|Scald|p2a: Latios
|-resisted|p2a: Latios
|-damage|p2a: Latios|80/100
|
|upkeep
|turn|3
|
|move|p2a: Latios|Hidden Power|p1a: Slowbro
|-resisted|p1a: Slowbro
|-damage|p1a: Slowbro|88/100
|move|p1a: Slowbro|Calm Mind|p1a: Slowbro
|-boost|p1a: Slowbro|spa|1
|-boost|p1a: Slowbro|spd|1
|
|-heal|p1a: Slowbro|94/100|[from] item: Leftovers
|upkeep
|turn|4
|
|switch|p2a: Magnezone|Magnezone|100/100
|move|p1a: Slowbro|Calm Mind|p1a: Slowbro
|-boost|p1a: Slowbro|spa|1
|-boost|p1a: Slowbro|spd|1
|
|-heal|p1a: Slowbro|99/100|[from] item: Leftovers
|upkeep
|turn|5
|
|move|p2a: Magnezone|Thunderbolt|p1a: Slowbro
|-supereffective|p1a: Slowbro
|-damage|p1a: Slowbro|53/100
|move|p1a: Slowbro|Scald|p2a: Magnezone
|-damage|p2a: Magnezone|15/100
|
|-heal|p1a: Slowbro|59/100|[from] item: Leftovers
|upkeep
|turn|6
|
|move|p2a: Magnezone|Thunderbolt|p1a: Slowbro
|-supereffective|p1a: Slowbro
|-damage|p1a: Slowbro|9/100
|move|p1a: Slowbro|Slack Off|p1a: Slowbro
|-heal|p1a: Slowbro|59/100
|
|-heal|p1a: Slowbro|65/100|[from] item: Leftovers
|upkeep
|turn|7
|
|move|p2a: Magnezone|Thunderbolt|p1a: Slowbro
|-supereffective|p1a: Slowbro
|-damage|p1a: Slowbro|18/100
|move|p1a: Slowbro|Slack Off|p1a: Slowbro
|-heal|p1a: Slowbro|68/100
|
|-heal|p1a: Slowbro|74/100|[from] item: Leftovers
|upkeep
|turn|8
|
|move|p2a: Magnezone|Thunderbolt|p1a: Slowbro
|-supereffective|p1a: Slowbro
|-crit|p1a: Slowbro
|-damage|p1a: Slowbro|0 fnt
|faint|p1a: Slowbro
|
|upkeep
|
|switch|p1a: Blissey|Blissey, F|100/100
|-damage|p1a: Blissey|88/100|[from] Stealth Rock
|turn|9
|
|switch|p2a: Lucario|Lucario, F|100/100
|move|p1a: Blissey|Stealth Rock|p2a: Lucario
|-sidestart|p2: porrompompom|move: Stealth Rock
|
|-heal|p1a: Blissey|94/100|[from] item: Leftovers
|upkeep
|turn|10
|
|switch|p1a: Skarmory|Skarmory, M|100/100
|-damage|p1a: Skarmory|88/100|[from] Stealth Rock
|move|p2a: Lucario|Swords Dance|p2a: Lucario
|-boost|p2a: Lucario|atk|2
|
|upkeep
|turn|11
|
|move|p2a: Lucario|Close Combat|p1a: Skarmory
|-damage|p1a: Skarmory|0 fnt
|-damage|p2a: Lucario|84/100|[from] item: Rocky Helmet|[of] p1a: Skarmory
|-unboost|p2a: Lucario|def|1
|-unboost|p2a: Lucario|spd|1
|-damage|p2a: Lucario|74/100|[from] item: Life Orb
|faint|p1a: Skarmory
|
|upkeep
|
|switch|p1a: Keldeo|Keldeo|100/100
|-damage|p1a: Keldeo|94/100|[from] Stealth Rock
|turn|12
|
|switch|p2a: Latios|Latios, M|80/100
|-damage|p2a: Latios|67/100|[from] Stealth Rock
|move|p1a: Keldeo|Scald|p2a: Latios
|-resisted|p2a: Latios
|-damage|p2a: Latios|36/100
|
|upkeep
|turn|13
|
|switch|p1a: Blissey|Blissey, F|94/100
|-damage|p1a: Blissey|82/100|[from] Stealth Rock
|move|p2a: Latios|Draco Meteor|p1a: Blissey
|-damage|p1a: Blissey|43/100
|-unboost|p2a: Latios|spa|2
|
|-heal|p1a: Blissey|49/100|[from] item: Leftovers
|upkeep
|turn|14
|
|switch|p2a: Lucario|Lucario, F|74/100
|-damage|p2a: Lucario|71/100|[from] Stealth Rock
|move|p1a: Blissey|Soft-Boiled|p1a: Blissey
|-heal|p1a: Blissey|99/100
|
|-heal|p1a: Blissey|100/100|[from] item: Leftovers
|upkeep
|turn|15
|
|move|p2a: Lucario|Close Combat|p1a: Blissey
|-supereffective|p1a: Blissey
|-damage|p1a: Blissey|0 fnt
|-unboost|p2a: Lucario|def|1
|-unboost|p2a: Lucario|spd|1
|-damage|p2a: Lucario|61/100|[from] item: Life Orb
|faint|p1a: Blissey
|
|upkeep
|
|switch|p1a: Keldeo|Keldeo|94/100
|-damage|p1a: Keldeo|88/100|[from] Stealth Rock
|turn|16
|
|switch|p2a: Aerodactyl|Aerodactyl, M|100/100
|-ability|p2a: Aerodactyl|Unnerve|p1: Indisposed
|-damage|p2a: Aerodactyl|76/100|[from] Stealth Rock
|move|p1a: Keldeo|Scald|p2a: Aerodactyl
|-supereffective|p2a: Aerodactyl
|-damage|p2a: Aerodactyl|0 fnt
|faint|p2a: Aerodactyl
|
|upkeep
|
|switch|p2a: Latios|Latios, M|36/100
|-damage|p2a: Latios|24/100|[from] Stealth Rock
|turn|17
|
|switch|p1a: Amoonguss|Amoonguss, F|100/100
|-damage|p1a: Amoonguss|88/100|[from] Stealth Rock
|move|p2a: Latios|Draco Meteor|p1a: Amoonguss
|-damage|p1a: Amoonguss|0 fnt
|-unboost|p2a: Latios|spa|2
|faint|p1a: Amoonguss
|
|upkeep
|
|switch|p1a: Scizor|Scizor, M|100/100
|-damage|p1a: Scizor|88/100|[from] Stealth Rock
|turn|18
|
|-activate|p2a: Latios|move: Pursuit
|move|p1a: Scizor|Pursuit|p2a: Latios|[from]Pursuit
|-supereffective|p2a: Latios
|-crit|p2a: Latios
|-damage|p2a: Latios|0 fnt
|faint|p2a: Latios
|
|upkeep
|
|switch|p2a: Lucario|Lucario, F|61/100
|-damage|p2a: Lucario|59/100|[from] Stealth Rock
|turn|19
|
|move|p2a: Lucario|Close Combat|p1a: Scizor
|-damage|p1a: Scizor|5/100
|-unboost|p2a: Lucario|def|1
|-unboost|p2a: Lucario|spd|1
|-damage|p2a: Lucario|49/100|[from] item: Life Orb
|move|p1a: Scizor|Pursuit|p2a: Lucario
|-resisted|p2a: Lucario
|-crit|p2a: Lucario
|-damage|p2a: Lucario|9/100
|-ability|p2a: Lucario|Justified|boost
|-boost|p2a: Lucario|atk|1
|
|upkeep
|turn|20
|
|move|p2a: Lucario|Extreme Speed|p1a: Scizor
|-resisted|p1a: Scizor
|-damage|p1a: Scizor|0 fnt
|-damage|p2a: Lucario|0 fnt|[from] item: Life Orb
|faint|p1a: Scizor
|faint|p2a: Lucario
|
|upkeep
|
|switch|p2a: Haxorus|Haxorus, M|100/100
|switch|p1a: Keldeo|Keldeo|88/100
|-damage|p1a: Keldeo|82/100|[from] Stealth Rock
|-damage|p2a: Haxorus|88/100|[from] Stealth Rock
|-ability|p2a: Haxorus|Mold Breaker
|turn|21
|
|move|p1a: Keldeo|Icy Wind|p2a: Haxorus
|-supereffective|p2a: Haxorus
|-damage|p2a: Haxorus|0 fnt
|faint|p2a: Haxorus
|
|upkeep
|
|switch|p2a: Magnezone|Magnezone|15/100
|-damage|p2a: Magnezone|9/100|[from] Stealth Rock
|turn|22
|
|move|p1a: Keldeo|Icy Wind|p2a: Magnezone
|-resisted|p2a: Magnezone
|-damage|p2a: Magnezone|0 fnt
|faint|p2a: Magnezone
|
|upkeep
|
|switch|p2a: Salamence|Salamence, M|100/100
|-damage|p2a: Salamence|76/100|[from] Stealth Rock
|turn|23
|
|move|p2a: Salamence|Outrage|p1a: Keldeo
|-damage|p1a: Keldeo|7/100
|move|p1a: Keldeo|Icy Wind|p2a: Salamence
|-supereffective|p2a: Salamence
|-crit|p2a: Salamence
|-damage|p2a: Salamence|0 fnt
|faint|p2a: Salamence
|
|win|Indisposed
|raw|Indisposed's rating: 1375 &rarr; <strong>1395</strong><br />(+20 for winning)
|raw|porrompompom's rating: 1363 &rarr; <strong>1344</strong><br />(-19 for losing)
