|join|Cloyster Chowder
|join|Mustounet
|player|p1|Cloyster Chowder|187
|player|p2|Mustounet|27
|gametype|singles
|gen|5
|tier|[Gen 5] OU
|rated
|rule|Evasion Abilities Clause: Evasion abilities are banned
|clearpoke
|poke|p1|Chandelure, F
|poke|p1|Cresselia, F
|poke|p1|Forretress, M
|poke|p1|Ninetales, F
|poke|p1|Garchomp, M
|poke|p1|Sawsbuck, F
|poke|p2|Politoed, F, shiny
|poke|p2|Ferrothorn, F
|poke|p2|Donphan, M
|poke|p2|Pelipper, M
|poke|p2|Scizor, F
|poke|p2|Latias, F
|rule|Sleep Clause Mod: Limit one foe put to sleep
|rule|Species Clause: Limit one of each Pokémon
|rule|OHKO Clause: OHKO moves are banned
|rule|Moody Clause: Moody is banned
|rule|Evasion Moves Clause: Evasion moves are banned
|rule|Endless Battle Clause: Forcing endless battles is banned
|rule|HP Percentage Mod: HP is shown in percentages
|teampreview
|join|Notice me DarkJak
|
|start
|switch|p1a: Zach Hill|Garchomp, M|357/357
|switch|p2a: Bloody Mary|Scizor, F|281/281
|turn|1
|
|switch|p2a: Blue Lagoon|Politoed, F, shiny|377/377
|-weather|RainDance|[from] ability: Drizzle|[of] p2a: Blue Lagoon
|move|p1a: Zach Hill|Fire Blast|p2a: Blue Lagoon
|-resisted|p2a: Blue Lagoon
|-damage|p2a: Blue Lagoon|358/377
|
|-weather|RainDance|[upkeep]
|-heal|p2a: Blue Lagoon|377/377|[from] item: Leftovers
|turn|2
|join|Apathos
|
|move|p1a: Zach Hill|Stealth Rock|p2a: Blue Lagoon
|-sidestart|p2: Mustounet|move: Stealth Rock
|move|p2a: Blue Lagoon|Scald|p1a: Zach Hill
|-damage|p1a: Zach Hill|186/357
|
|-weather|RainDance|[upkeep]
|turn|3
|c| Apathos|I swear Shiny politoed's color palette 
|
|move|p1a: Zach Hill|Earthquake|p2a: Blue Lagoon
|-damage|p2a: Blue Lagoon|215/377
|move|p2a: Blue Lagoon|Toxic|p1a: Zach Hill
|-status|p1a: Zach Hill|tox
|
|-weather|RainDance|[upkeep]
|-heal|p2a: Blue Lagoon|238/377|[from] item: Leftovers
|-damage|p1a: Zach Hill|164/357 tox|[from] psn
|turn|4
|c| Apathos|Reminds me of a cup of cough syrup.
|
|move|p2a: Blue Lagoon|Protect|p2a: Blue Lagoon
|-singleturn|p2a: Blue Lagoon|Protect
|move|p1a: Zach Hill|Earthquake|p2a: Blue Lagoon
|-activate|p2a: Blue Lagoon|Protect
|
|-weather|RainDance|[upkeep]
|-heal|p2a: Blue Lagoon|261/377|[from] item: Leftovers
|-damage|p1a: Zach Hill|120/357 tox|[from] psn
|turn|5
|
|switch|p2a: Shad'|Donphan, M|361/361
|-damage|p2a: Shad'|339/361|[from] Stealth Rock
|move|p1a: Zach Hill|Dragon Claw|p2a: Shad'
|-damage|p2a: Shad'|249/361
|
|-weather|RainDance|[upkeep]
|-heal|p2a: Shad'|271/361|[from] item: Leftovers
|-damage|p1a: Zach Hill|54/357 tox|[from] psn
|turn|6
|
|switch|p1a: Chandelure|Chandelure, F|261/261
|move|p2a: Shad'|Rapid Spin|p1a: Chandelure
|-immune|p1a: Chandelure|[msg]
|
|-weather|RainDance|[upkeep]
|-heal|p2a: Shad'|293/361|[from] item: Leftovers
|turn|7
|
|move|p1a: Chandelure|Energy Ball|p2a: Shad'
|-supereffective|p2a: Shad'
|-damage|p2a: Shad'|0 fnt
|faint|p2a: Shad'
|
|-weather|RainDance|[upkeep]
|
|switch|p2a: Runnin'|Latias, F|302/302
|-damage|p2a: Runnin'|265/302|[from] Stealth Rock
|turn|8
|
|switch|p1a: Zach Hill|Garchomp, M|54/357 tox
|move|p2a: Runnin'|Surf|p1a: Zach Hill
|-damage|p1a: Zach Hill|0 fnt
|-damage|p2a: Runnin'|235/302|[from] item: Life Orb
|faint|p1a: Zach Hill
|
|-weather|RainDance|[upkeep]
|
|switch|p1a: Ninetales|Ninetales, F|349/349
|-weather|SunnyDay|[from] ability: Drought|[of] p1a: Ninetales
|turn|9
|
|move|p2a: Runnin'|Psyshock|p1a: Ninetales
|-damage|p1a: Ninetales|162/349
|-damage|p2a: Runnin'|205/302|[from] item: Life Orb
|move|p1a: Ninetales|Will-O-Wisp|p2a: Runnin'
|-status|p2a: Runnin'|brn
|
|-weather|SunnyDay|[upkeep]
|-heal|p1a: Ninetales|183/349|[from] item: Leftovers
|-damage|p2a: Runnin'|168/302 brn|[from] brn
|turn|10
|
|switch|p1a: Microcastle|Forretress, M|354/354
|move|p2a: Runnin'|Recover|p2a: Runnin'
|-heal|p2a: Runnin'|302/302 brn
|
|-weather|SunnyDay|[upkeep]
|-damage|p2a: Runnin'|265/302 brn|[from] brn
|turn|11
|
|switch|p2a: Blue Lagoon|Politoed, F, shiny|261/377
|-damage|p2a: Blue Lagoon|214/377|[from] Stealth Rock
|-weather|RainDance|[from] ability: Drizzle|[of] p2a: Blue Lagoon
|move|p1a: Microcastle|Spikes|p2a: Blue Lagoon
|-sidestart|p2: Mustounet|Spikes
|
|-weather|RainDance|[upkeep]
|-heal|p2a: Blue Lagoon|237/377|[from] item: Leftovers
|turn|12
|
|switch|p1a: Ninetales|Ninetales, F|183/349
|-weather|SunnyDay|[from] ability: Drought|[of] p1a: Ninetales
|move|p2a: Blue Lagoon|Scald|p1a: Ninetales
|-supereffective|p1a: Ninetales
|-damage|p1a: Ninetales|97/349
|
|-weather|SunnyDay|[upkeep]
|-heal|p1a: Ninetales|118/349|[from] item: Leftovers
|-heal|p2a: Blue Lagoon|260/377|[from] item: Leftovers
|turn|13
|
|switch|p1a: Chandelure|Chandelure, F|261/261
|move|p2a: Blue Lagoon|Protect|p2a: Blue Lagoon
|-fail|p2a: Blue Lagoon
|
|-weather|SunnyDay|[upkeep]
|-heal|p2a: Blue Lagoon|283/377|[from] item: Leftovers
|turn|14
|
|move|p2a: Blue Lagoon|Protect|p2a: Blue Lagoon
|-singleturn|p2a: Blue Lagoon|Protect
|move|p1a: Chandelure|Fire Blast|p2a: Blue Lagoon
|-activate|p2a: Blue Lagoon|Protect
|
|-weather|SunnyDay|[upkeep]
|-heal|p2a: Blue Lagoon|306/377|[from] item: Leftovers
|turn|15
|
|switch|p2a: Runnin'|Latias, F|265/302 brn
|-damage|p2a: Runnin'|228/302 brn|[from] Stealth Rock
|move|p1a: Chandelure|Fire Blast|p2a: Runnin'
|-resisted|p2a: Runnin'
|-damage|p2a: Runnin'|80/302 brn
|
|-weather|SunnyDay|[upkeep]
|-damage|p2a: Runnin'|43/302 brn|[from] brn
|turn|16
|
|move|p1a: Chandelure|Fire Blast|p2a: Runnin'
|-resisted|p2a: Runnin'
|-damage|p2a: Runnin'|0 fnt
|faint|p2a: Runnin'
|
|-weather|SunnyDay|[upkeep]
|
|switch|p2a: Blue Lagoon|Politoed, F, shiny|306/377
|-damage|p2a: Blue Lagoon|259/377|[from] Stealth Rock
|-damage|p2a: Blue Lagoon|212/377|[from] Spikes
|-weather|RainDance|[from] ability: Drizzle|[of] p2a: Blue Lagoon
|turn|17
|c|★Mustounet|Stonk
|
|switch|p1a: Ninetales|Ninetales, F|118/349
|-weather|SunnyDay|[from] ability: Drought|[of] p1a: Ninetales
|move|p2a: Blue Lagoon|Scald|p1a: Ninetales
|-crit|p1a: Ninetales
|-supereffective|p1a: Ninetales
|-damage|p1a: Ninetales|0 fnt
|faint|p1a: Ninetales
|
|-weather|SunnyDay|[upkeep]
|-heal|p2a: Blue Lagoon|235/377|[from] item: Leftovers
|
|switch|p1a: Erica|Sawsbuck, F|313/313
|turn|18
|
|move|p1a: Erica|Swords Dance|p1a: Erica
|-boost|p1a: Erica|atk|2
|move|p2a: Blue Lagoon|Perish Song|p2a: Blue Lagoon
|-fieldactivate|move: Perish Song
|
|-start|p1a: Erica|perish3
|-start|p2a: Blue Lagoon|perish3
|-weather|SunnyDay|[upkeep]
|-heal|p2a: Blue Lagoon|258/377|[from] item: Leftovers
|turn|19
|
|move|p2a: Blue Lagoon|Protect|p2a: Blue Lagoon
|-singleturn|p2a: Blue Lagoon|Protect
|move|p1a: Erica|Nature Power|p1a: Erica
|move|p1a: Erica|Earthquake|p2a: Blue Lagoon|[from]Nature Power
|-activate|p2a: Blue Lagoon|Protect
|
|-start|p1a: Erica|perish2
|-start|p2a: Blue Lagoon|perish2
|-weather|SunnyDay|[upkeep]
|-heal|p2a: Blue Lagoon|281/377|[from] item: Leftovers
|turn|20
|
|switch|p2a: Gin Tonic|Ferrothorn, F|352/352
|-damage|p2a: Gin Tonic|308/352|[from] Spikes
|-damage|p2a: Gin Tonic|286/352|[from] Stealth Rock
|move|p1a: Erica|Double-Edge|p2a: Gin Tonic
|-resisted|p2a: Gin Tonic
|-damage|p2a: Gin Tonic|126/352
|-damage|p1a: Erica|274/313|[from] ability: Iron Barbs|[of] p2a: Gin Tonic
|-damage|p1a: Erica|221/313|[from] recoil|[of] p2a: Gin Tonic
|-damage|p1a: Erica|190/313|[from] item: Life Orb
|
|-start|p1a: Erica|perish1
|-weather|SunnyDay|[upkeep]
|-heal|p2a: Gin Tonic|148/352|[from] item: Leftovers
|turn|21
|
|switch|p1a: Chandelure|Chandelure, F|261/261
|move|p2a: Gin Tonic|Leech Seed|p1a: Chandelure
|-start|p1a: Chandelure|move: Leech Seed
|
|-weather|SunnyDay|[upkeep]
|-heal|p2a: Gin Tonic|170/352|[from] item: Leftovers
|-damage|p1a: Chandelure|229/261|[from] Leech Seed|[of] p2a: Gin Tonic
|-heal|p2a: Gin Tonic|202/352|[silent]
|turn|22
|
|switch|p1a: Microcastle|Forretress, M|354/354
|switch|p2a: Blue Lagoon|Politoed, F, shiny|281/377
|-damage|p2a: Blue Lagoon|234/377|[from] Spikes
|-damage|p2a: Blue Lagoon|187/377|[from] Stealth Rock
|-weather|RainDance|[from] ability: Drizzle|[of] p2a: Blue Lagoon
|
|-weather|RainDance|[upkeep]
|-heal|p2a: Blue Lagoon|210/377|[from] item: Leftovers
|turn|23
|
|move|p2a: Blue Lagoon|Scald|p1a: Microcastle
|-damage|p1a: Microcastle|230/354
|move|p1a: Microcastle|Spikes|p2a: Blue Lagoon
|-sidestart|p2: Mustounet|Spikes
|
|-weather|RainDance|[upkeep]
|-heal|p2a: Blue Lagoon|233/377|[from] item: Leftovers
|-heal|p1a: Microcastle|252/354|[from] item: Leftovers
|turn|24
|
|switch|p2a: Majarom|Pelipper, M|310/310
|-damage|p2a: Majarom|233/310|[from] Stealth Rock
|move|p1a: Microcastle|Spikes|p2a: Majarom
|-sidestart|p2: Mustounet|Spikes
|
|-weather|RainDance|[upkeep]
|-heal|p2a: Majarom|252/310|[from] ability: Rain Dish
|-heal|p1a: Microcastle|274/354|[from] item: Leftovers
|turn|25
|
|switch|p1a: Cresselia|Cresselia, F|444/444
|move|p2a: Majarom|Hydro Pump|p1a: Cresselia
|-damage|p1a: Cresselia|162/444
|
|-weather|RainDance|[upkeep]
|-heal|p2a: Majarom|271/310|[from] ability: Rain Dish
|-heal|p1a: Cresselia|189/444|[from] item: Leftovers
|turn|26
|
|move|p1a: Cresselia|Toxic|p2a: Majarom
|-status|p2a: Majarom|tox
|move|p2a: Majarom|Hydro Pump|p1a: Cresselia
|-damage|p1a: Cresselia|0 fnt
|faint|p1a: Cresselia
|
|-weather|RainDance|[upkeep]
|-heal|p2a: Majarom|290/310 tox|[from] ability: Rain Dish
|-damage|p2a: Majarom|271/310 tox|[from] psn
|
|switch|p1a: Erica|Sawsbuck, F|190/313
|turn|27
|
|switch|p2a: Bloody Mary|Scizor, F|281/281
|-damage|p2a: Bloody Mary|246/281|[from] Stealth Rock
|-damage|p2a: Bloody Mary|176/281|[from] Spikes
|move|p1a: Erica|Double-Edge|p2a: Bloody Mary
|-resisted|p2a: Bloody Mary
|-damage|p2a: Bloody Mary|41/281
|-damage|p1a: Erica|145/313|[from] recoil|[of] p2a: Bloody Mary
|-damage|p1a: Erica|114/313|[from] item: Life Orb
|
|-weather|RainDance|[upkeep]
|turn|28
|
|switch|p1a: Microcastle|Forretress, M|274/354
|move|p2a: Bloody Mary|Aerial Ace|p1a: Microcastle
|-damage|p1a: Microcastle|137/354
|
|-weather|RainDance|[upkeep]
|-heal|p1a: Microcastle|159/354|[from] item: Leftovers
|turn|29
|
|move|p2a: Bloody Mary|Aerial Ace|p1a: Microcastle
|-damage|p1a: Microcastle|19/354
|move|p1a: Microcastle|Earthquake|p2a: Bloody Mary
|-damage|p2a: Bloody Mary|0 fnt
|faint|p2a: Bloody Mary
|
|-weather|RainDance|[upkeep]
|-heal|p1a: Microcastle|41/354|[from] item: Leftovers
|
|switch|p2a: Blue Lagoon|Politoed, F, shiny|233/377
|-damage|p2a: Blue Lagoon|139/377|[from] Spikes
|-damage|p2a: Blue Lagoon|92/377|[from] Stealth Rock
|turn|30
|
|move|p2a: Blue Lagoon|Protect|p2a: Blue Lagoon
|-singleturn|p2a: Blue Lagoon|Protect
|move|p1a: Microcastle|Earthquake|p2a: Blue Lagoon
|-activate|p2a: Blue Lagoon|Protect
|
|-weather|RainDance|[upkeep]
|-heal|p2a: Blue Lagoon|115/377|[from] item: Leftovers
|-heal|p1a: Microcastle|63/354|[from] item: Leftovers
|turn|31
|
|move|p2a: Blue Lagoon|Scald|p1a: Microcastle
|-damage|p1a: Microcastle|0 fnt
|faint|p1a: Microcastle
|
|-weather|RainDance|[upkeep]
|-heal|p2a: Blue Lagoon|138/377|[from] item: Leftovers
|
|switch|p1a: Chandelure|Chandelure, F|229/261
|turn|32
|
|move|p2a: Blue Lagoon|Protect|p2a: Blue Lagoon
|-singleturn|p2a: Blue Lagoon|Protect
|move|p1a: Chandelure|Shadow Ball|p2a: Blue Lagoon
|-activate|p2a: Blue Lagoon|Protect
|
|-weather|RainDance|[upkeep]
|-heal|p2a: Blue Lagoon|161/377|[from] item: Leftovers
|turn|33
|
|move|p1a: Chandelure|Shadow Ball|p2a: Blue Lagoon
|-damage|p2a: Blue Lagoon|4/377
|move|p2a: Blue Lagoon|Scald|p1a: Chandelure
|-supereffective|p1a: Chandelure
|-damage|p1a: Chandelure|0 fnt
|faint|p1a: Chandelure
|
|-weather|RainDance|[upkeep]
|-heal|p2a: Blue Lagoon|27/377|[from] item: Leftovers
|
|switch|p1a: Erica|Sawsbuck, F|114/313
|turn|34
|
|move|p1a: Erica|Horn Leech|p2a: Blue Lagoon
|-supereffective|p2a: Blue Lagoon
|-damage|p2a: Blue Lagoon|0 fnt
|-heal|p1a: Erica|128/313|[from] drain|[of] p2a: Blue Lagoon
|-damage|p1a: Erica|97/313|[from] item: Life Orb
|faint|p2a: Blue Lagoon
|
|-weather|RainDance|[upkeep]
|
|switch|p2a: Majarom|Pelipper, M|271/310 tox
|-damage|p2a: Majarom|194/310 tox|[from] Stealth Rock
|turn|35
|join|Palette
|
|move|p1a: Erica|Double-Edge|p2a: Majarom
|-damage|p2a: Majarom|0 fnt
|-damage|p1a: Erica|33/313|[from] recoil|[of] p2a: Majarom
|-damage|p1a: Erica|2/313|[from] item: Life Orb
|faint|p2a: Majarom
|
|-weather|RainDance|[upkeep]
|
|switch|p2a: Gin Tonic|Ferrothorn, F|202/352
|-damage|p2a: Gin Tonic|180/352|[from] Stealth Rock
|-damage|p2a: Gin Tonic|92/352|[from] Spikes
|turn|36
|c| Palette|If you kill it first
|c| Palette|dont you win
|c| Palette|or do you lose
|c| Palette|from recoil
|
|move|p1a: Erica|Nature Power|p1a: Erica
|move|p1a: Erica|Earthquake|p2a: Gin Tonic|[from]Nature Power
|-damage|p2a: Gin Tonic|0 fnt
|-damage|p1a: Erica|0 fnt|[from] item: Life Orb
|faint|p2a: Gin Tonic
|faint|p1a: Erica
|
|win|Cloyster Chowder
|raw|Ladder updating...
|raw|Cloyster Chowder's rating: 1399 &rarr; <strong>1421</strong><br />(+22 for winning)
|raw|Mustounet's rating: 1423 &rarr; <strong>1402</strong><br />(-21 for losing)
|c|★Mustounet|GG
|leave|Apathos
|leave|Mustounet
|player|p2
|c|★Cloyster Chowder|shittttttttttt
|join|Landorus
|c| Palette|top 0-0'ing a pelipper team
|c| Palette|truly only a skilled player could