|j|☆LeafStoned
|j|☆char_67
|t:|1715104314
|gametype|singles
|player|p1|LeafStoned|101|1338
|player|p2|char_67|shauntal|1378
|teamsize|p1|6
|teamsize|p2|6
|gen|5
|tier|[Gen 5] OU
|rated|
|rule|Species Clause: Limit one of each Pokémon
|rule|OHKO Clause: OHKO moves are banned
|rule|Moody Clause: Moody is banned
|rule|Evasion Items Clause: Evasion items are banned
|rule|Evasion Moves Clause: Evasion moves are banned
|rule|Endless Battle Clause: Forcing endless battles is banned
|rule|HP Percentage Mod: HP is shown in percentages
|rule|Evasion Abilities Clause: Evasion abilities are banned
|rule|Sleep Moves Clause: Sleep-inducing moves are banned
|rule|Swagger Clause: Swagger is banned
|rule|Baton Pass Stat Clause: No Baton Passer may have a way to boost its stats
|clearpoke
|poke|p1|Lucario, M|item
|poke|p1|Alakazam, F|item
|poke|p1|Tyranitar, M|item
|poke|p1|Skarmory, F|item
|poke|p1|Excadrill, F|item
|poke|p1|Jellicent, F|item
|poke|p2|Magnezone|item
|poke|p2|Jirachi|item
|poke|p2|Kyurem-Black|item
|poke|p2|Latios, M|item
|poke|p2|Salamence, F|item
|poke|p2|Garchomp, F|item
|teampreview
|inactive|Battle timer is ON: inactive players will automatically lose when time's up. (requested by char_67)
|inactive|LeafStoned has 120 seconds left.
|inactive|LeafStoned has 90 seconds left.
|
|t:|1715104404
|start
|switch|p1a: Tyranitar|Tyranitar, M|100/100
|switch|p2a: Jirachi|Jirachi|100/100
|-weather|Sandstorm|[from] ability: Sand Stream|[of] p1a: Tyranitar
|turn|1
|
|t:|1715104413
|move|p2a: Jirachi|Stealth Rock|p1a: Tyranitar
|-sidestart|p1: LeafStoned|move: Stealth Rock
|move|p1a: Tyranitar|Thunder Wave|p2a: Jirachi
|-status|p2a: Jirachi|par
|
|-weather|Sandstorm|[upkeep]
|upkeep
|turn|2
|
|t:|1715104418
|move|p1a: Tyranitar|Stealth Rock|p2a: Jirachi
|-sidestart|p2: char_67|move: Stealth Rock
|move|p2a: Jirachi|U-turn|p1a: Tyranitar
|-supereffective|p1a: Tyranitar
|-damage|p1a: Tyranitar|73/100
|
|t:|1715104425
|switch|p2a: Garchomp|Garchomp, F|100/100|[from] U-turn
|-damage|p2a: Garchomp|94/100|[from] Stealth Rock
|
|-weather|Sandstorm|[upkeep]
|upkeep
|turn|3
|
|t:|1715104441
|switch|p1a: Skarmory|Skarmory, F|100/100
|-damage|p1a: Skarmory|88/100|[from] Stealth Rock
|move|p2a: Garchomp|Substitute|p2a: Garchomp
|-start|p2a: Garchomp|Substitute
|-damage|p2a: Garchomp|69/100
|
|-weather|Sandstorm|[upkeep]
|-heal|p1a: Skarmory|94/100|[from] item: Leftovers
|upkeep
|turn|4
|
|t:|1715104449
|move|p2a: Garchomp|Swords Dance|p2a: Garchomp
|-boost|p2a: Garchomp|atk|2
|move|p1a: Skarmory|Whirlwind|p2a: Garchomp
|drag|p2a: Salamence|Salamence, F|100/100
|-damage|p2a: Salamence|76/100|[from] Stealth Rock
|
|-weather|Sandstorm|[upkeep]
|-damage|p2a: Salamence|70/100|[from] Sandstorm
|-heal|p1a: Skarmory|99/100|[from] item: Leftovers
|upkeep
|turn|5
|
|t:|1715104463
|switch|p2a: Jirachi|Jirachi|100/100 par
|-damage|p2a: Jirachi|94/100 par|[from] Stealth Rock
|move|p1a: Skarmory|Whirlwind|p2a: Jirachi
|drag|p2a: Salamence|Salamence, F|70/100
|-damage|p2a: Salamence|45/100|[from] Stealth Rock
|
|-weather|Sandstorm|[upkeep]
|-damage|p2a: Salamence|39/100|[from] Sandstorm
|-heal|p1a: Skarmory|100/100|[from] item: Leftovers
|upkeep
|turn|6
|
|t:|1715104473
|switch|p2a: Jirachi|Jirachi|94/100 par
|-damage|p2a: Jirachi|88/100 par|[from] Stealth Rock
|move|p1a: Skarmory|Spikes|p2a: Jirachi
|-sidestart|p2: char_67|Spikes
|
|-weather|Sandstorm|[upkeep]
|-heal|p2a: Jirachi|94/100 par|[from] item: Leftovers
|upkeep
|turn|7
|
|t:|1715104482
|move|p1a: Skarmory|Spikes|p2a: Jirachi
|-sidestart|p2: char_67|Spikes
|move|p2a: Jirachi|Icy Wind|p1a: Skarmory
|-crit|p1a: Skarmory
|-damage|p1a: Skarmory|64/100
|-unboost|p1a: Skarmory|spe|1
|
|-weather|Sandstorm|[upkeep]
|-heal|p1a: Skarmory|70/100|[from] item: Leftovers
|-heal|p2a: Jirachi|100/100 par|[from] item: Leftovers
|upkeep
|turn|8
|
|t:|1715104491
|move|p2a: Jirachi|U-turn|p1a: Skarmory
|-resisted|p1a: Skarmory
|-damage|p1a: Skarmory|68/100
|
|t:|1715104494
|switch|p2a: Magnezone|Magnezone|100/100|[from] U-turn
|-damage|p2a: Magnezone|94/100|[from] Stealth Rock
|-item|p2a: Magnezone|Air Balloon
|move|p1a: Skarmory|Whirlwind|p2a: Magnezone
|drag|p2a: Jirachi|Jirachi|100/100 par
|-damage|p2a: Jirachi|94/100 par|[from] Stealth Rock
|-damage|p2a: Jirachi|78/100 par|[from] Spikes
|
|-weather|Sandstorm|[upkeep]
|-heal|p1a: Skarmory|74/100|[from] item: Leftovers
|-heal|p2a: Jirachi|84/100 par|[from] item: Leftovers
|upkeep
|turn|9
|inactive|LeafStoned has 120 seconds left.
|
|t:|1715104529
|move|p1a: Skarmory|Spikes|p2a: Jirachi
|-sidestart|p2: char_67|Spikes
|move|p2a: Jirachi|U-turn|p1a: Skarmory
|-resisted|p1a: Skarmory
|-damage|p1a: Skarmory|71/100
|
|t:|1715104534
|switch|p2a: Magnezone|Magnezone|94/100|[from] U-turn
|-damage|p2a: Magnezone|88/100|[from] Stealth Rock
|-item|p2a: Magnezone|Air Balloon
|
|-weather|Sandstorm|[upkeep]
|-heal|p1a: Skarmory|77/100|[from] item: Leftovers
|upkeep
|turn|10
|
|t:|1715104544
|move|p2a: Magnezone|Thunderbolt|p1a: Skarmory
|-supereffective|p1a: Skarmory
|-damage|p1a: Skarmory|0 fnt
|faint|p1a: Skarmory
|
|-weather|Sandstorm|[upkeep]
|upkeep
|
|t:|1715104548
|switch|p1a: Excadrill|Excadrill, F|100/100
|-damage|p1a: Excadrill|97/100|[from] Stealth Rock
|-item|p1a: Excadrill|Air Balloon
|turn|11
|
|t:|1715104555
|move|p1a: Excadrill|Rapid Spin|p2a: Magnezone
|-resisted|p2a: Magnezone
|-crit|p2a: Magnezone
|-damage|p2a: Magnezone|80/100
|-enditem|p2a: Magnezone|Air Balloon
|-sideend|p1: LeafStoned|Stealth Rock|[from] move: Rapid Spin|[of] p1a: Excadrill
|move|p2a: Magnezone|Magnet Rise|p2a: Magnezone
|-start|p2a: Magnezone|Magnet Rise
|
|-weather|Sandstorm|[upkeep]
|upkeep
|turn|12
|
|t:|1715104565
|move|p1a: Excadrill|Iron Head|p2a: Magnezone
|-resisted|p2a: Magnezone
|-damage|p2a: Magnezone|68/100
|move|p2a: Magnezone|Sunny Day|p2a: Magnezone
|-weather|SunnyDay
|
|-weather|SunnyDay|[upkeep]
|upkeep
|turn|13
|
|t:|1715104571
|move|p1a: Excadrill|Iron Head|p2a: Magnezone
|-resisted|p2a: Magnezone
|-damage|p2a: Magnezone|57/100
|move|p2a: Magnezone|Hidden Power|p1a: Excadrill
|-supereffective|p1a: Excadrill
|-crit|p1a: Excadrill
|-damage|p1a: Excadrill|0 fnt
|-enditem|p1a: Excadrill|Air Balloon
|faint|p1a: Excadrill
|
|-weather|SunnyDay|[upkeep]
|upkeep
|
|t:|1715104580
|switch|p1a: Tyranitar|Tyranitar, M|73/100
|-weather|Sandstorm|[from] ability: Sand Stream|[of] p1a: Tyranitar
|turn|14
|
|t:|1715104597
|move|p2a: Magnezone|Thunderbolt|p1a: Tyranitar
|-damage|p1a: Tyranitar|47/100
|move|p1a: Tyranitar|Thunder Wave|p2a: Magnezone
|-status|p2a: Magnezone|par
|
|-weather|Sandstorm|[upkeep]
|upkeep
|turn|15
|
|t:|1715104607
|move|p1a: Tyranitar|Pursuit|p2a: Magnezone
|-resisted|p2a: Magnezone
|-damage|p2a: Magnezone|45/100 par
|move|p2a: Magnezone|Thunderbolt|p1a: Tyranitar
|-damage|p1a: Tyranitar|22/100
|
|-weather|Sandstorm|[upkeep]
|-end|p2a: Magnezone|Magnet Rise
|upkeep
|turn|16
|
|t:|1715104614
|move|p1a: Tyranitar|Earthquake|p2a: Magnezone
|-supereffective|p2a: Magnezone
|-damage|p2a: Magnezone|0 fnt
|faint|p2a: Magnezone
|
|-weather|Sandstorm|[upkeep]
|upkeep
|
|t:|1715104622
|switch|p2a: Garchomp|Garchomp, F|69/100
|-damage|p2a: Garchomp|63/100|[from] Stealth Rock
|-damage|p2a: Garchomp|38/100|[from] Spikes
|turn|17
|
|t:|1715104647
|move|p2a: Garchomp|Earthquake|p1a: Tyranitar
|-supereffective|p1a: Tyranitar
|-crit|p1a: Tyranitar
|-damage|p1a: Tyranitar|0 fnt
|faint|p1a: Tyranitar
|
|-weather|Sandstorm|[upkeep]
|upkeep
|
|t:|1715104652
|switch|p1a: Alakazam|Alakazam, F|100/100
|turn|18
|
|t:|1715104662
|switch|p2a: Jirachi|Jirachi|84/100 par
|-damage|p2a: Jirachi|78/100 par|[from] Stealth Rock
|-damage|p2a: Jirachi|53/100 par|[from] Spikes
|move|p1a: Alakazam|Shadow Ball|p2a: Jirachi
|-damage|p2a: Jirachi|31/100 par
|
|-weather|Sandstorm|[upkeep]
|-heal|p2a: Jirachi|38/100 par|[from] item: Leftovers
|upkeep
|turn|19
|
|t:|1715104678
|move|p1a: Alakazam|Hidden Power|p2a: Jirachi
|-supereffective|p2a: Jirachi
|-damage|p2a: Jirachi|0 fnt
|faint|p2a: Jirachi
|
|-weather|Sandstorm|[upkeep]
|upkeep
|
|t:|1715104684
|switch|p2a: Salamence|Salamence, F|39/100
|-damage|p2a: Salamence|14/100|[from] Stealth Rock
|turn|20
|
|t:|1715104696
|switch|p1a: Jellicent|Jellicent, F|100/100
|move|p2a: Salamence|Outrage|p1a: Jellicent
|-damage|p1a: Jellicent|39/100
|
|-weather|Sandstorm|[upkeep]
|-damage|p2a: Salamence|8/100|[from] Sandstorm
|-damage|p1a: Jellicent|33/100|[from] Sandstorm
|-heal|p1a: Jellicent|39/100|[from] item: Leftovers
|upkeep
|turn|21
|
|t:|1715104708
|move|p2a: Salamence|Outrage|p1a: Jellicent|[from]lockedmove
|-damage|p1a: Jellicent|0 fnt
|faint|p1a: Jellicent
|-ability|p2a: Salamence|Moxie|boost
|-boost|p2a: Salamence|atk|1
|
|-weather|Sandstorm|[upkeep]
|-damage|p2a: Salamence|2/100|[from] Sandstorm
|upkeep
|
|t:|1715104713
|switch|p1a: Lucario|Lucario, M|100/100
|turn|22
|
|t:|1715104718
|move|p1a: Lucario|Extreme Speed|p2a: Salamence
|-damage|p2a: Salamence|0 fnt
|faint|p2a: Salamence
|
|-weather|Sandstorm|[upkeep]
|upkeep
|
|t:|1715104726
|switch|p2a: Kyurem|Kyurem-Black|100/100
|-damage|p2a: Kyurem|76/100|[from] Stealth Rock
|-damage|p2a: Kyurem|51/100|[from] Spikes
|-ability|p2a: Kyurem|Teravolt
|turn|23
|
|t:|1715104735
|move|p1a: Lucario|Endure|p1a: Lucario
|-singleturn|p1a: Lucario|move: Endure
|move|p2a: Kyurem|Fusion Bolt|p1a: Lucario
|-activate|p1a: Lucario|move: Endure
|-damage|p1a: Lucario|1/100
|-enditem|p1a: Lucario|Salac Berry|[eat]
|-boost|p1a: Lucario|spe|1|[from] item: Salac Berry
|
|-weather|Sandstorm|[upkeep]
|-damage|p2a: Kyurem|45/100|[from] Sandstorm
|upkeep
|turn|24
|
|t:|1715104745
|move|p1a: Lucario|Reversal|p2a: Kyurem
|-supereffective|p2a: Kyurem
|-damage|p2a: Kyurem|0 fnt
|faint|p2a: Kyurem
|
|-weather|Sandstorm|[upkeep]
|upkeep
|
|t:|1715104750
|switch|p2a: Latios|Latios, M|100/100
|-damage|p2a: Latios|88/100|[from] Stealth Rock
|turn|25
|
|t:|1715104755
|move|p1a: Lucario|Extreme Speed|p2a: Latios
|-damage|p2a: Latios|49/100
|move|p2a: Latios|Dragon Pulse|p1a: Lucario
|-resisted|p1a: Lucario
|-damage|p1a: Lucario|0 fnt
|faint|p1a: Lucario
|
|-weather|Sandstorm|[upkeep]
|-damage|p2a: Latios|43/100|[from] Sandstorm
|upkeep
|
|t:|1715104759
|switch|p1a: Alakazam|Alakazam, F|100/100
|turn|26
|
|t:|1715104764
|move|p2a: Latios|Dragon Pulse|p1a: Alakazam
|-damage|p1a: Alakazam|28/100
|move|p1a: Alakazam|Shadow Ball|p2a: Latios
|-supereffective|p2a: Latios
|-damage|p2a: Latios|0 fnt
|faint|p2a: Latios
|
|-weather|Sandstorm|[upkeep]
|upkeep
|
|t:|1715104772
|switch|p2a: Garchomp|Garchomp, F|38/100
|-damage|p2a: Garchomp|32/100|[from] Stealth Rock
|-damage|p2a: Garchomp|7/100|[from] Spikes
|-enditem|p2a: Garchomp|Salac Berry|[eat]
|-boost|p2a: Garchomp|spe|1|[from] item: Salac Berry
|turn|27
|
|t:|1715104778
|move|p2a: Garchomp|Earthquake|p1a: Alakazam
|-damage|p1a: Alakazam|0 fnt
|faint|p1a: Alakazam
|
|win|char_67
|raw|LeafStoned's rating: 1338 &rarr; <strong>1320</strong><br />(-18 for losing)
|raw|char_67's rating: 1378 &rarr; <strong>1396</strong><br />(+18 for winning)
|c|☆LeafStoned|Noooo
|c|☆LeafStoned|i forgot abt that
|c|☆char_67|I was keeping that
|c|☆char_67|a secret
|c|☆LeafStoned|thought I had it
|c|☆LeafStoned|wp
|c|☆char_67|gg
