|j|☆Concept of Wind
|j|☆deidara95
|player|p1|Concept of Wind|78
|teamsize|p1|6
|player|p2|deidara95|102
|teamsize|p2|6
|gametype|singles
|gen|5
|tier|[Gen 5] OU
|rated||rule|Sleep Clause Mod: Limit one foe put to sleep
|rule|Species Clause: Limit one of each Pokémon
|rule|OHKO Clause: OHKO moves are banned
|rule|Moody Clause: Moody is banned
|rule|Evasion Moves Clause: Evasion moves are banned
|rule|Endless Battle Clause: Forcing endless battles is banned
|rule|HP Percentage Mod: HP is shown in percentages
|rule|Evasion Abilities Clause: Evasion abilities are banned
|rule|Baton Pass Clause: Limit one Baton Passer, can't pass Spe and other stats simultaneously
|rule|Swagger Clause: Swagger is banned
|clearpoke
|poke|p1|Ferrothorn, F|item
|poke|p1|Politoed, F|item
|poke|p1|Thundurus-Therian, M|item
|poke|p1|Latios, M|item
|poke|p1|Starmie|item
|poke|p1|Garchomp, F|item
|poke|p2|Garchomp, F|item
|poke|p2|Alakazam, F|item
|poke|p2|Tyranitar, M|item
|poke|p2|Latios, M|item
|poke|p2|Rotom-Wash|item
|poke|p2|Skarmory, F|item
|teampreview
|inactive|Battle timer is ON: inactive players will automatically lose when time's up. (requested by Concept of Wind)|
|start
|switch|p1a: Ferrothorn|Ferrothorn, F|100/100
|switch|p2a: Tyranitar|Tyranitar, M|100/100
|-weather|Sandstorm|[from] ability: Sand Stream|[of] p2a: Tyranitar
|turn|1
|inactive|Concept of Wind has 135 seconds left.|
|move|p2a: Tyranitar|Stealth Rock|p1a: Ferrothorn
|-sidestart|p1: Concept of Wind|move: Stealth Rock
|move|p1a: Ferrothorn|Stealth Rock|p2a: Tyranitar
|-sidestart|p2: deidara95|move: Stealth Rock
|
|-weather|Sandstorm|[upkeep]
|upkeep
|turn|2|
|switch|p2a: Latios|Latios, M|100/100
|-damage|p2a: Latios|88/100|[from] Stealth Rock
|switch|p1a: peace frog|Politoed, F, shiny|100/100
|-damage|p1a: peace frog|88/100|[from] Stealth Rock
|-weather|RainDance|[from] ability: Drizzle|[of] p1a: peace frog
|
|-weather|RainDance|[upkeep]
|upkeep
|turn|3|
|switch|p1a: Ferrothorn|Ferrothorn, F|100/100
|-damage|p1a: Ferrothorn|95/100|[from] Stealth Rock
|move|p2a: Latios|Trick|p1a: Ferrothorn
|-activate|p2a: Latios|move: Trick|[of] p1a: Ferrothorn
|-item|p1a: Ferrothorn|Choice Scarf|[from] move: Trick
|-item|p2a: Latios|Leftovers|[from] move: Trick
|
|-weather|RainDance|[upkeep]
|-heal|p2a: Latios|94/100|[from] item: Leftovers
|upkeep
|turn|4|
|switch|p2a: Tyranitar|Tyranitar, M|100/100
|-damage|p2a: Tyranitar|88/100|[from] Stealth Rock
|-weather|Sandstorm|[from] ability: Sand Stream|[of] p2a: Tyranitar
|move|p1a: Ferrothorn|Knock Off|p2a: Tyranitar
|-resisted|p2a: Tyranitar
|-damage|p2a: Tyranitar|86/100
|-enditem|p2a: Tyranitar|Chople Berry|[from] move: Knock Off|[of] p1a: Ferrothorn
|
|-weather|Sandstorm|[upkeep]
|upkeep
|turn|5|
|switch|p1a: peace frog|Politoed, F, shiny|88/100
|-damage|p1a: peace frog|76/100|[from] Stealth Rock
|-weather|RainDance|[from] ability: Drizzle|[of] p1a: peace frog
|move|p2a: Tyranitar|Crunch|p1a: peace frog
|-damage|p1a: peace frog|20/100
|
|-weather|RainDance|[upkeep]
|upkeep
|turn|6|
|switch|p2a: Rotom|Rotom-Wash|100/100
|-damage|p2a: Rotom|88/100|[from] Stealth Rock
|move|p1a: peace frog|Hypnosis|p2a: Rotom|[miss]
|-miss|p1a: peace frog|p2a: Rotom
|
|-weather|RainDance|[upkeep]
|-heal|p2a: Rotom|94/100|[from] item: Leftovers
|upkeep
|turn|7
|j| Saakiito|
|move|p2a: Rotom|Volt Switch|p1a: peace frog
|-supereffective|p1a: peace frog
|-damage|p1a: peace frog|0 fnt
|faint|p1a: peace frog
|l| Saakiito|
|switch|p2a: Latios|Latios, M|94/100
|-damage|p2a: Latios|82/100|[from] Stealth Rock
|
|-weather|RainDance|[upkeep]
|-heal|p2a: Latios|88/100|[from] item: Leftovers
|upkeep
|inactive|Concept of Wind has 135 seconds left.|
|switch|p1a: Starmie|Starmie|100/100
|-damage|p1a: Starmie|88/100|[from] Stealth Rock
|turn|8|
|switch|p2a: Rotom|Rotom-Wash|94/100
|-damage|p2a: Rotom|82/100|[from] Stealth Rock
|move|p1a: Starmie|Hydro Pump|p2a: Rotom|[miss]
|-miss|p1a: Starmie|p2a: Rotom
|
|-weather|RainDance|[upkeep]
|-heal|p2a: Rotom|88/100|[from] item: Leftovers
|upkeep
|turn|9|
|move|p1a: Starmie|Thunder|p2a: Rotom
|-damage|p2a: Rotom|41/100
|-status|p2a: Rotom|par
|-damage|p1a: Starmie|78/100|[from] item: Life Orb
|cant|p2a: Rotom|par
|
|-weather|RainDance|[upkeep]
|-heal|p2a: Rotom|47/100 par|[from] item: Leftovers
|upkeep
|turn|10
|c|☆Concept of Wind|fair
|c|☆deidara95|yup
|inactive|deidara95 has 135 seconds left.|
|move|p1a: Starmie|Thunder|p2a: Rotom
|-damage|p2a: Rotom|0 fnt
|-damage|p1a: Starmie|68/100|[from] item: Life Orb
|faint|p2a: Rotom
|
|-weather|RainDance|[upkeep]
|upkeep|
|switch|p2a: Tyranitar|Tyranitar, M|86/100
|-damage|p2a: Tyranitar|74/100|[from] Stealth Rock
|-weather|Sandstorm|[from] ability: Sand Stream|[of] p2a: Tyranitar
|turn|11
|j| moltresfan41|
|move|p1a: Starmie|Hydro Pump|p2a: Tyranitar
|-supereffective|p2a: Tyranitar
|-damage|p2a: Tyranitar|8/100
|-damage|p1a: Starmie|58/100|[from] item: Life Orb
|move|p2a: Tyranitar|Pursuit|p1a: Starmie
|-supereffective|p1a: Starmie
|-damage|p1a: Starmie|0 fnt
|faint|p1a: Starmie
|
|-weather|Sandstorm|[upkeep]
|upkeep|
|switch|p1a: Garchomp|Garchomp, F|100/100
|-damage|p1a: Garchomp|94/100|[from] Stealth Rock
|turn|12|
|move|p1a: Garchomp|Aqua Tail|p2a: Tyranitar
|-supereffective|p2a: Tyranitar
|-damage|p2a: Tyranitar|0 fnt
|faint|p2a: Tyranitar
|
|-weather|Sandstorm|[upkeep]
|upkeep|
|switch|p2a: Latios|Latios, M|88/100
|-damage|p2a: Latios|76/100|[from] Stealth Rock
|turn|13
|inactive|Concept of Wind has 135 seconds left.
|inactive|deidara95 has 135 seconds left.|
|switch|p2a: Skarmory|Skarmory, F|100/100
|-damage|p2a: Skarmory|88/100|[from] Stealth Rock
|switch|p1a: Ferrothorn|Ferrothorn, F|95/100
|-damage|p1a: Ferrothorn|89/100|[from] Stealth Rock
|
|-weather|Sandstorm|[upkeep]
|-heal|p2a: Skarmory|94/100|[from] item: Leftovers
|upkeep
|turn|14|
|move|p1a: Ferrothorn|Knock Off|p2a: Skarmory
|-resisted|p2a: Skarmory
|-damage|p2a: Skarmory|93/100
|-enditem|p2a: Skarmory|Leftovers|[from] move: Knock Off|[of] p1a: Ferrothorn
|move|p2a: Skarmory|Whirlwind|p1a: Ferrothorn
|drag|p1a: Garchomp|Garchomp, F|94/100
|-damage|p1a: Garchomp|88/100|[from] Stealth Rock
|
|-weather|Sandstorm|[upkeep]
|upkeep
|turn|15|
|move|p1a: Garchomp|Swords Dance|p1a: Garchomp
|-boost|p1a: Garchomp|atk|2
|move|p2a: Skarmory|Spikes|p1a: Garchomp
|-sidestart|p1: Concept of Wind|Spikes
|
|-weather|Sandstorm|[upkeep]
|upkeep
|turn|16
|inactive|Concept of Wind has 135 seconds left.
|inactive|Concept of Wind has 120 seconds left.|
|move|p1a: Garchomp|Aqua Tail|p2a: Skarmory
|-damage|p2a: Skarmory|53/100
|move|p2a: Skarmory|Whirlwind|p1a: Garchomp
|drag|p1a: Latios|Latios, M|100/100
|-damage|p1a: Latios|88/100|[from] Stealth Rock
|
|-weather|Sandstorm|[upkeep]
|-damage|p1a: Latios|82/100|[from] sandstorm
|upkeep
|turn|17
|inactive|deidara95 has 135 seconds left.
|inactive|deidara95 has 120 seconds left.
|inactive|deidara95 has 105 seconds left.|
|move|p1a: Latios|Surf|p2a: Skarmory
|-damage|p2a: Skarmory|7/100
|move|p2a: Skarmory|Roost|p2a: Skarmory
|-heal|p2a: Skarmory|57/100
|
|-weather|Sandstorm|[upkeep]
|-damage|p1a: Latios|76/100|[from] sandstorm
|upkeep
|turn|18|
|switch|p1a: Thundurus|Thundurus-Therian, M|100/100
|-damage|p1a: Thundurus|76/100|[from] Stealth Rock
|move|p2a: Skarmory|Roost|p2a: Skarmory
|-heal|p2a: Skarmory|100/100
|
|-weather|Sandstorm|[upkeep]
|-damage|p1a: Thundurus|69/100|[from] sandstorm
|-heal|p1a: Thundurus|76/100|[from] item: Leftovers
|upkeep
|turn|19|
|move|p1a: Thundurus|Hidden Power|p2a: Skarmory
|-damage|p2a: Skarmory|61/100
|move|p2a: Skarmory|Whirlwind|p1a: Thundurus
|drag|p1a: Latios|Latios, M|76/100
|-damage|p1a: Latios|64/100|[from] Stealth Rock
|
|-weather|Sandstorm|[upkeep]
|-damage|p1a: Latios|58/100|[from] sandstorm
|upkeep
|turn|20|
|switch|p1a: Thundurus|Thundurus-Therian, M|76/100
|-damage|p1a: Thundurus|51/100|[from] Stealth Rock
|move|p2a: Skarmory|Brave Bird|p1a: Thundurus
|-resisted|p1a: Thundurus
|-damage|p1a: Thundurus|26/100
|-damage|p2a: Skarmory|54/100|[from] Recoil|[of] p1a: Thundurus
|
|-weather|Sandstorm|[upkeep]
|-damage|p1a: Thundurus|20/100|[from] sandstorm
|-heal|p1a: Thundurus|26/100|[from] item: Leftovers
|upkeep
|turn|21
|inactive|deidara95 has 135 seconds left.|
|move|p1a: Thundurus|Hidden Power|p2a: Skarmory
|-damage|p2a: Skarmory|17/100
|move|p2a: Skarmory|Brave Bird|p1a: Thundurus
|-resisted|p1a: Thundurus
|-damage|p1a: Thundurus|0 fnt
|-damage|p2a: Skarmory|9/100|[from] Recoil|[of] p1a: Thundurus
|faint|p1a: Thundurus
|
|-weather|Sandstorm|[upkeep]
|upkeep|
|switch|p1a: Latios|Latios, M|58/100
|-damage|p1a: Latios|46/100|[from] Stealth Rock
|turn|22|
|move|p1a: Latios|Draco Meteor|p2a: Skarmory|[miss]
|-miss|p1a: Latios|p2a: Skarmory
|move|p2a: Skarmory|Whirlwind|p1a: Latios
|drag|p1a: Garchomp|Garchomp, F|88/100
|-damage|p1a: Garchomp|76/100|[from] Spikes
|-damage|p1a: Garchomp|70/100|[from] Stealth Rock
|
|-weather|Sandstorm|[upkeep]
|upkeep
|turn|23
|-message|Concept of Wind forfeited.
|
|win|deidara95
|l|☆Concept of Wind
|raw|Concept of Wind's rating: 1319 &rarr; <strong>1306</strong><br />(-13 for losing)
|raw|deidara95's rating: 1431 &rarr; <strong>1445</strong><br />(+14 for winning)
|l|☆deidara95
