|j|☆daddy_days2
|j|☆SattleBimulator
|t:|1741707461
|gametype|singles
|player|p1|daddy_days2|benga|1461
|player|p2|SattleBimulator|265|1377
|teamsize|p1|6
|teamsize|p2|6
|gen|5
|tier|[Gen 5] OU
|rated|
|rule|Species Clause: Limit one of each Pokémon
|rule|OHKO Clause: OHKO moves are banned
|rule|Moody Clause: Moody is banned
|rule|Evasion Items Clause: Evasion items are banned
|rule|Evasion Moves Clause: Evasion moves are banned
|rule|Endless Battle Clause: Forcing endless battles is banned
|rule|HP Percentage Mod: HP is shown in percentages
|rule|Evasion Abilities Clause: Evasion abilities are banned
|rule|Sleep Moves Clause: Sleep-inducing moves are banned
|rule|Swagger Clause: Swagger is banned
|rule|Baton Pass Stat Clause: No Baton Passer may have a way to boost its stats
|clearpoke
|poke|p1|Kyurem-Black|item
|poke|p1|Garchomp, M|item
|poke|p1|Conkeldurr, M|item
|poke|p1|Starmie|item
|poke|p1|Bisharp, F|item
|poke|p1|Scyther, M|item
|poke|p2|Excadrill, M|item
|poke|p2|Garchomp, F|item
|poke|p2|Tyranitar, M|item
|poke|p2|Scizor, F|item
|poke|p2|Skarmory, M|item
|poke|p2|Gengar, M|item
|teampreview
|inactive|Battle timer is ON: inactive players will automatically lose when time's up. (requested by SattleBimulator)
|
|t:|1741707479
|start
|switch|p1a: Painkiller|Garchomp, M|100/100
|switch|p2a: Skarmory|Skarmory, M|100/100
|turn|1
|
|t:|1741707488
|move|p1a: Painkiller|Stealth Rock|p2a: Skarmory
|-sidestart|p2: SattleBimulator|move: Stealth Rock
|move|p2a: Skarmory|Stealth Rock|p1a: Painkiller
|-sidestart|p1: daddy_days2|move: Stealth Rock
|
|upkeep
|turn|2
|
|t:|1741707494
|switch|p1a: Starlight|Starmie|100/100
|-damage|p1a: Starlight|88/100|[from] Stealth Rock
|move|p2a: Skarmory|Spikes|p1a: Starlight
|-sidestart|p1: daddy_days2|Spikes
|
|-heal|p1a: Starlight|94/100|[from] item: Leftovers
|upkeep
|turn|3
|
|t:|1741707503
|move|p1a: Starlight|Thunder Wave|p2a: Skarmory
|-status|p2a: Skarmory|par
|move|p2a: Skarmory|Whirlwind|p1a: Starlight
|drag|p1a: Adolf|Bisharp, F|100/100
|-damage|p1a: Adolf|94/100|[from] Stealth Rock
|-item|p1a: Adolf|Air Balloon
|
|upkeep
|turn|4
|
|t:|1741707513
|switch|p1a: Starlight|Starmie|94/100
|-damage|p1a: Starlight|82/100|[from] Stealth Rock
|-damage|p1a: Starlight|70/100|[from] Spikes
|move|p2a: Skarmory|Whirlwind|p1a: Starlight
|drag|p1a: Shrekster|Conkeldurr, M|100/100
|-damage|p1a: Shrekster|94/100|[from] Stealth Rock
|-damage|p1a: Shrekster|82/100|[from] Spikes
|
|-heal|p1a: Shrekster|88/100|[from] item: Leftovers
|upkeep
|turn|5
|
|t:|1741707526
|move|p1a: Shrekster|Thunder Punch|p2a: Skarmory
|-supereffective|p2a: Skarmory
|-damage|p2a: Skarmory|60/100 par
|-damage|p1a: Shrekster|72/100|[from] item: Rocky Helmet|[of] p2a: Skarmory
|move|p2a: Skarmory|Whirlwind|p1a: Shrekster
|drag|p1a: Painkiller|Garchomp, M|100/100
|-damage|p1a: Painkiller|94/100|[from] Stealth Rock
|-damage|p1a: Painkiller|82/100|[from] Spikes
|
|upkeep
|turn|6
|
|t:|1741707538
|move|p1a: Painkiller|Dragon Tail|p2a: Skarmory
|-resisted|p2a: Skarmory
|-damage|p2a: Skarmory|53/100 par
|-damage|p1a: Painkiller|65/100|[from] item: Rocky Helmet|[of] p2a: Skarmory
|drag|p2a: Scizor|Scizor, F|100/100
|-damage|p2a: Scizor|88/100|[from] Stealth Rock
|
|upkeep
|turn|7
|
|t:|1741707547
|move|p2a: Scizor|Bullet Punch|p1a: Painkiller
|-damage|p1a: Painkiller|39/100
|-damage|p2a: Scizor|76/100|[from] ability: Rough Skin|[of] p1a: Painkiller
|-damage|p2a: Scizor|59/100|[from] item: Rocky Helmet|[of] p1a: Painkiller
|-damage|p2a: Scizor|49/100|[from] item: Life Orb
|move|p1a: Painkiller|Earthquake|p2a: Scizor
|-damage|p2a: Scizor|0 fnt
|faint|p2a: Scizor
|
|upkeep
|
|t:|1741707553
|switch|p2a: Skarmory|Skarmory, M|53/100 par
|-damage|p2a: Skarmory|40/100 par|[from] Stealth Rock
|turn|8
|
|t:|1741707562
|move|p2a: Skarmory|Spikes|p1a: Painkiller
|-sidestart|p1: daddy_days2|Spikes
|move|p1a: Painkiller|Dragon Tail|p2a: Skarmory
|-resisted|p2a: Skarmory
|-damage|p2a: Skarmory|32/100 par
|-damage|p1a: Painkiller|23/100|[from] item: Rocky Helmet|[of] p2a: Skarmory
|drag|p2a: Excadrill|Excadrill, M|100/100
|-damage|p2a: Excadrill|97/100|[from] Stealth Rock
|-ability|p2a: Excadrill|Mold Breaker
|-item|p2a: Excadrill|Air Balloon
|
|upkeep
|turn|9
|
|t:|1741707574
|move|p2a: Excadrill|Earthquake|p1a: Painkiller
|-damage|p1a: Painkiller|0 fnt
|faint|p1a: Painkiller
|
|upkeep
|
|t:|1741707586
|switch|p1a: Starlight|Starmie|70/100
|-damage|p1a: Starlight|57/100|[from] Stealth Rock
|-damage|p1a: Starlight|41/100|[from] Spikes
|turn|10
|
|t:|1741707592
|switch|p2a: Gengar|Gengar, M|100/100
|-damage|p2a: Gengar|88/100|[from] Stealth Rock
|move|p1a: Starlight|Psyshock|p2a: Gengar
|-supereffective|p2a: Gengar
|-damage|p2a: Gengar|0 fnt
|faint|p2a: Gengar
|
|-heal|p1a: Starlight|47/100|[from] item: Leftovers
|upkeep
|
|t:|1741707594
|switch|p2a: Garchomp|Garchomp, F|100/100
|-damage|p2a: Garchomp|94/100|[from] Stealth Rock
|turn|11
|
|t:|1741707606
|move|p2a: Garchomp|Outrage|p1a: Starlight
|-damage|p1a: Starlight|0 fnt
|faint|p1a: Starlight
|
|upkeep
|
|t:|1741707618
|switch|p1a: Adolf|Bisharp, F|94/100
|-damage|p1a: Adolf|88/100|[from] Stealth Rock
|-item|p1a: Adolf|Air Balloon
|turn|12
|
|t:|1741707625
|move|p2a: Garchomp|Outrage|p1a: Adolf|[from] lockedmove
|-resisted|p1a: Adolf
|-damage|p1a: Adolf|56/100
|-enditem|p1a: Adolf|Air Balloon
|-start|p2a: Garchomp|confusion|[fatigue]
|move|p1a: Adolf|Night Slash|p2a: Garchomp
|-damage|p2a: Garchomp|57/100
|-damage|p1a: Adolf|44/100|[from] ability: Rough Skin|[of] p2a: Garchomp
|
|upkeep
|turn|13
|
|t:|1741707637
|-activate|p2a: Garchomp|move: Pursuit
|move|p1a: Adolf|Pursuit|p2a: Garchomp|[from] Pursuit
|-damage|p2a: Garchomp|15/100
|-damage|p1a: Adolf|31/100|[from] ability: Rough Skin|[of] p2a: Garchomp
|switch|p2a: Skarmory|Skarmory, M|32/100 par
|-damage|p2a: Skarmory|20/100 par|[from] Stealth Rock
|
|upkeep
|turn|14
|
|t:|1741707647
|move|p1a: Adolf|Brick Break|p2a: Skarmory
|-damage|p2a: Skarmory|3/100 par
|-damage|p1a: Adolf|15/100|[from] item: Rocky Helmet|[of] p2a: Skarmory
|move|p2a: Skarmory|Whirlwind|p1a: Adolf
|drag|p1a: Shrekster|Conkeldurr, M|72/100
|-damage|p1a: Shrekster|65/100|[from] Stealth Rock
|-damage|p1a: Shrekster|49/100|[from] Spikes
|
|-heal|p1a: Shrekster|55/100|[from] item: Leftovers
|upkeep
|turn|15
|
|t:|1741707660
|move|p1a: Shrekster|Drain Punch|p2a: Skarmory
|-damage|p2a: Skarmory|0 fnt
|-heal|p1a: Shrekster|56/100|[from] drain|[of] p2a: Skarmory
|-damage|p1a: Shrekster|40/100|[from] item: Rocky Helmet|[of] p2a: Skarmory
|faint|p2a: Skarmory
|
|-heal|p1a: Shrekster|46/100|[from] item: Leftovers
|upkeep
|
|t:|1741707665
|switch|p2a: Excadrill|Excadrill, M|97/100
|-damage|p2a: Excadrill|94/100|[from] Stealth Rock
|-ability|p2a: Excadrill|Mold Breaker
|-item|p2a: Excadrill|Air Balloon
|turn|16
|inactive|daddy_days2 has 120 seconds left.
|inactive|daddy_days2 has 90 seconds left.
|
|t:|1741707746
|move|p2a: Excadrill|Earthquake|p1a: Shrekster
|-damage|p1a: Shrekster|1/100
|move|p1a: Shrekster|Drain Punch|p2a: Excadrill
|-supereffective|p2a: Excadrill
|-damage|p2a: Excadrill|0 fnt
|-heal|p1a: Shrekster|49/100|[from] drain|[of] p2a: Excadrill
|-enditem|p2a: Excadrill|Air Balloon
|faint|p2a: Excadrill
|
|-heal|p1a: Shrekster|55/100|[from] item: Leftovers
|upkeep
|c|☆SattleBimulator|lol
|
|t:|1741707757
|switch|p2a: Tyranitar|Tyranitar, M|100/100
|-damage|p2a: Tyranitar|88/100|[from] Stealth Rock
|-weather|Sandstorm|[from] ability: Sand Stream|[of] p2a: Tyranitar
|turn|17
|
|t:|1741707764
|move|p1a: Shrekster|Drain Punch|p2a: Tyranitar
|-supereffective|p2a: Tyranitar
|-enditem|p2a: Tyranitar|Chople Berry|[eat]
|-enditem|p2a: Tyranitar|Chople Berry|[weaken]
|-damage|p2a: Tyranitar|0 fnt
|-heal|p1a: Shrekster|100/100|[from] drain|[of] p2a: Tyranitar
|faint|p2a: Tyranitar
|
|-weather|Sandstorm|[upkeep]
|-damage|p1a: Shrekster|94/100|[from] Sandstorm
|-heal|p1a: Shrekster|100/100|[from] item: Leftovers
|upkeep
|
|t:|1741707768
|switch|p2a: Garchomp|Garchomp, F|15/100
|-damage|p2a: Garchomp|8/100|[from] Stealth Rock
|turn|18
|inactive|daddy_days2 has 90 seconds left.
|c|☆daddy_days2|amazing mon
|
|t:|1741707782
|move|p1a: Shrekster|Mach Punch|p2a: Garchomp
|-damage|p2a: Garchomp|0 fnt
|-damage|p1a: Shrekster|88/100|[from] ability: Rough Skin|[of] p2a: Garchomp
|faint|p2a: Garchomp
|
|win|daddy_days2
|raw|daddy_days2's rating: 1461 &rarr; <strong>1476</strong><br />(+15 for winning)
|raw|SattleBimulator's rating: 1377 &rarr; <strong>1362</strong><br />(-15 for losing)
|l|☆SattleBimulator
|player|p2|
|c|☆daddy_days2|gg
