|j|☆fayestra
|j|☆leafstoned
|t:|1718932448
|gametype|singles
|player|p1|fayestra|miku-fire|1257
|player|p2|leafstoned|265|1431
|teamsize|p1|6
|teamsize|p2|6
|gen|5
|tier|[Gen 5] OU
|rated|
|rule|Species Clause: Limit one of each Pokémon
|rule|OHKO Clause: OHKO moves are banned
|rule|Moody Clause: Moody is banned
|rule|Evasion Items Clause: Evasion items are banned
|rule|Evasion Moves Clause: Evasion moves are banned
|rule|Endless Battle Clause: Forcing endless battles is banned
|rule|HP Percentage Mod: HP is shown in percentages
|rule|Evasion Abilities Clause: Evasion abilities are banned
|rule|Sleep Moves Clause: Sleep-inducing moves are banned
|rule|Swagger Clause: Swagger is banned
|rule|Baton Pass Stat Clause: No Baton Passer may have a way to boost its stats
|clearpoke
|poke|p1|Hippowdon, M|item
|poke|p1|Skarmory, M|item
|poke|p1|Bronzong|item
|poke|p1|Clefable, F|item
|poke|p1|Latias, F|item
|poke|p1|Reuniclus, M|item
|poke|p2|Tyranitar, M|item
|poke|p2|Mienshao, M|item
|poke|p2|Gliscor, M|item
|poke|p2|Skarmory, M|item
|poke|p2|Amoonguss, M|item
|poke|p2|Alakazam, M|item
|teampreview
|inactive|Battle timer is ON: inactive players will automatically lose when time's up. (requested by leafstoned)
|
|t:|1718932542
|start
|switch|p1a: dune diver|Hippowdon, M|100/100
|switch|p2a: Gliscor|Gliscor, M|100/100
|-weather|Sandstorm|[from] ability: Sand Stream|[of] p1a: dune diver
|turn|1
|
|t:|1718932545
|move|p2a: Gliscor|Substitute|p2a: Gliscor
|-start|p2a: Gliscor|Substitute
|-damage|p2a: Gliscor|76/100
|move|p1a: dune diver|Stealth Rock|p2a: Gliscor
|-sidestart|p2: leafstoned|move: Stealth Rock
|
|-weather|Sandstorm|[upkeep]
|-status|p2a: Gliscor|tox|[from] item: Toxic Orb
|upkeep
|turn|2
|
|t:|1718932549
|switch|p1a: Worm War III|Skarmory, M|100/100
|move|p2a: Gliscor|Ice Fang|p1a: Worm War III
|-crit|p1a: Worm War III
|-damage|p1a: Worm War III|71/100
|
|-weather|Sandstorm|[upkeep]
|-heal|p2a: Gliscor|88/100 tox|[from] ability: Poison Heal
|upkeep
|turn|3
|
|t:|1718932554
|move|p2a: Gliscor|Ice Fang|p1a: Worm War III
|-damage|p1a: Worm War III|57/100
|move|p1a: Worm War III|Spikes|p2a: Gliscor
|-sidestart|p2: leafstoned|Spikes
|
|-weather|Sandstorm|[upkeep]
|-heal|p2a: Gliscor|99/100 tox|[from] ability: Poison Heal
|upkeep
|turn|4
|
|t:|1718932559
|move|p2a: Gliscor|Ice Fang|p1a: Worm War III
|-damage|p1a: Worm War III|43/100
|-status|p1a: Worm War III|frz
|cant|p1a: Worm War III|frz
|
|-weather|Sandstorm|[upkeep]
|-heal|p2a: Gliscor|100/100 tox|[from] ability: Poison Heal
|upkeep
|turn|5
|
|t:|1718932574
|switch|p2a: Mienshao|Mienshao, M|100/100
|-damage|p2a: Mienshao|95/100|[from] Stealth Rock
|-damage|p2a: Mienshao|82/100|[from] Spikes
|-curestatus|p1a: Worm War III|frz|[msg]
|move|p1a: Worm War III|Roost|p1a: Worm War III
|-heal|p1a: Worm War III|93/100
|-singleturn|p1a: Worm War III|move: Roost
|
|-weather|Sandstorm|[upkeep]
|-damage|p2a: Mienshao|77/100|[from] Sandstorm
|upkeep
|turn|6
|
|t:|1718932580
|move|p2a: Mienshao|U-turn|p1a: Worm War III
|-resisted|p1a: Worm War III
|-damage|p1a: Worm War III|89/100
|
|t:|1718932587
|switch|p2a: Skarmory|Skarmory, M|100/100|[from] U-turn
|-damage|p2a: Skarmory|88/100|[from] Stealth Rock
|move|p1a: Worm War III|Spikes|p2a: Skarmory
|-sidestart|p2: leafstoned|Spikes
|
|-weather|Sandstorm|[upkeep]
|upkeep
|turn|7
|
|t:|1718932591
|move|p2a: Skarmory|Taunt|p1a: Worm War III
|-start|p1a: Worm War III|move: Taunt
|cant|p1a: Worm War III|move: Taunt|Spikes
|
|-weather|Sandstorm|[upkeep]
|upkeep
|turn|8
|
|t:|1718932597
|switch|p1a: gastric guard|Clefable, F|100/100
|move|p2a: Skarmory|Spikes|p1a: gastric guard
|-sidestart|p1: fayestra|Spikes
|
|-weather|Sandstorm|[upkeep]
|upkeep
|turn|9
|
|t:|1718932602
|switch|p2a: Gliscor|Gliscor, M|100/100 tox
|-damage|p2a: Gliscor|88/100 tox|[from] Stealth Rock
|move|p1a: gastric guard|Knock Off|p2a: Gliscor
|-damage|p2a: Gliscor|85/100 tox
|-enditem|p2a: Gliscor|Toxic Orb|[from] move: Knock Off|[of] p1a: gastric guard
|
|-weather|Sandstorm|[upkeep]
|-heal|p2a: Gliscor|98/100 tox|[from] ability: Poison Heal
|upkeep
|turn|10
|
|t:|1718932612
|move|p2a: Gliscor|Substitute|p2a: Gliscor
|-start|p2a: Gliscor|Substitute
|-damage|p2a: Gliscor|73/100 tox
|move|p1a: gastric guard|Seismic Toss|p2a: Gliscor
|-end|p2a: Gliscor|Substitute
|
|-weather|Sandstorm|[upkeep]
|-heal|p2a: Gliscor|85/100 tox|[from] ability: Poison Heal
|upkeep
|turn|11
|
|t:|1718932618
|move|p2a: Gliscor|Earthquake|p1a: gastric guard
|-damage|p1a: gastric guard|49/100
|move|p1a: gastric guard|Seismic Toss|p2a: Gliscor
|-damage|p2a: Gliscor|55/100 tox
|
|-weather|Sandstorm|[upkeep]
|-heal|p1a: gastric guard|55/100|[from] item: Leftovers
|-heal|p2a: Gliscor|67/100 tox|[from] ability: Poison Heal
|upkeep
|turn|12
|
|t:|1718932625
|move|p2a: Gliscor|Substitute|p2a: Gliscor
|-start|p2a: Gliscor|Substitute
|-damage|p2a: Gliscor|43/100 tox
|move|p1a: gastric guard|Soft-Boiled|p1a: gastric guard
|-heal|p1a: gastric guard|100/100
|
|-weather|Sandstorm|[upkeep]
|-heal|p2a: Gliscor|55/100 tox|[from] ability: Poison Heal
|upkeep
|turn|13
|
|t:|1718932629
|switch|p1a: Worm War III|Skarmory, M|89/100
|move|p2a: Gliscor|Ice Fang|p1a: Worm War III
|-damage|p1a: Worm War III|76/100
|-status|p1a: Worm War III|frz
|
|-weather|Sandstorm|[upkeep]
|-heal|p2a: Gliscor|67/100 tox|[from] ability: Poison Heal
|upkeep
|turn|14
|
|t:|1718932652
|move|p2a: Gliscor|Ice Fang|p1a: Worm War III
|-damage|p1a: Worm War III|61/100 frz
|cant|p1a: Worm War III|frz
|
|-weather|Sandstorm|[upkeep]
|-heal|p2a: Gliscor|79/100 tox|[from] ability: Poison Heal
|upkeep
|turn|15
|
|t:|1718932657
|move|p2a: Gliscor|Ice Fang|p1a: Worm War III
|-damage|p1a: Worm War III|48/100 frz
|cant|p1a: Worm War III|frz
|
|-weather|Sandstorm|[upkeep]
|-heal|p2a: Gliscor|92/100 tox|[from] ability: Poison Heal
|upkeep
|turn|16
|
|t:|1718932669
|switch|p2a: Alakazam|Alakazam, M|100/100
|cant|p1a: Worm War III|frz
|
|-weather|Sandstorm|[upkeep]
|upkeep
|turn|17
|
|t:|1718932683
|switch|p1a: Angelic Note|Bronzong|100/100
|move|p2a: Alakazam|Focus Blast|p1a: Angelic Note|[miss]
|-miss|p2a: Alakazam|p1a: Angelic Note
|
|-weather|Sandstorm|[upkeep]
|upkeep
|turn|18
|
|t:|1718932694
|switch|p2a: Skarmory|Skarmory, M|88/100
|-damage|p2a: Skarmory|76/100|[from] Stealth Rock
|move|p1a: Angelic Note|Earthquake|p2a: Skarmory
|-immune|p2a: Skarmory
|
|-weather|Sandstorm|[upkeep]
|upkeep
|turn|19
|
|t:|1718932702
|switch|p1a: Worm War III|Skarmory, M|48/100 frz
|move|p2a: Skarmory|Taunt|p1a: Worm War III
|-start|p1a: Worm War III|move: Taunt
|
|-weather|Sandstorm|[upkeep]
|upkeep
|turn|20
|
|t:|1718932705
|move|p2a: Skarmory|Spikes|p1a: Worm War III
|-sidestart|p1: fayestra|Spikes
|cant|p1a: Worm War III|frz
|
|-weather|Sandstorm|[upkeep]
|upkeep
|turn|21
|
|t:|1718932708
|move|p2a: Skarmory|Spikes|p1a: Worm War III
|-sidestart|p1: fayestra|Spikes
|cant|p1a: Worm War III|frz
|
|-weather|Sandstorm|[upkeep]
|-end|p1a: Worm War III|move: Taunt
|upkeep
|turn|22
|
|t:|1718932712
|move|p2a: Skarmory|Taunt|p1a: Worm War III
|-start|p1a: Worm War III|move: Taunt
|cant|p1a: Worm War III|frz
|
|-weather|Sandstorm|[upkeep]
|upkeep
|turn|23
|
|t:|1718932718
|switch|p2a: Alakazam|Alakazam, M|100/100
|cant|p1a: Worm War III|frz
|
|-weather|Sandstorm|[upkeep]
|upkeep
|turn|24
|
|t:|1718932723
|switch|p1a: Angelic Note|Bronzong|100/100
|move|p2a: Alakazam|Focus Blast|p1a: Angelic Note
|-damage|p1a: Angelic Note|74/100
|
|-weather|Sandstorm|[upkeep]
|-heal|p1a: Angelic Note|81/100|[from] item: Leftovers
|upkeep
|turn|25
|
|t:|1718932735
|switch|p2a: Tyranitar|Tyranitar, M|100/100
|-damage|p2a: Tyranitar|88/100|[from] Stealth Rock
|-damage|p2a: Tyranitar|71/100|[from] Spikes
|move|p1a: Angelic Note|Earthquake|p2a: Tyranitar
|-supereffective|p2a: Tyranitar
|-damage|p2a: Tyranitar|37/100
|
|-weather|Sandstorm|[upkeep]
|-heal|p1a: Angelic Note|87/100|[from] item: Leftovers
|upkeep
|turn|26
|
|t:|1718932742
|move|p2a: Tyranitar|Stealth Rock|p1a: Angelic Note
|-sidestart|p1: fayestra|move: Stealth Rock
|move|p1a: Angelic Note|Toxic|p2a: Tyranitar
|-status|p2a: Tyranitar|tox
|
|-weather|Sandstorm|[upkeep]
|-heal|p1a: Angelic Note|93/100|[from] item: Leftovers
|-damage|p2a: Tyranitar|31/100 tox|[from] psn
|upkeep
|turn|27
|
|t:|1718932747
|move|p2a: Tyranitar|Crunch|p1a: Angelic Note
|-damage|p1a: Angelic Note|58/100
|move|p1a: Angelic Note|Earthquake|p2a: Tyranitar
|-supereffective|p2a: Tyranitar
|-damage|p2a: Tyranitar|0 fnt
|faint|p2a: Tyranitar
|
|-weather|Sandstorm|[upkeep]
|-heal|p1a: Angelic Note|65/100|[from] item: Leftovers
|upkeep
|
|t:|1718932761
|switch|p2a: Amoonguss|Amoonguss, M|100/100
|-damage|p2a: Amoonguss|88/100|[from] Stealth Rock
|-damage|p2a: Amoonguss|72/100|[from] Spikes
|turn|28
|
|t:|1718932768
|switch|p1a: gastric guard|Clefable, F|100/100
|move|p2a: Amoonguss|Hidden Power|p1a: gastric guard
|-damage|p1a: gastric guard|91/100
|
|-weather|Sandstorm|[upkeep]
|-damage|p2a: Amoonguss|66/100|[from] Sandstorm
|-heal|p1a: gastric guard|97/100|[from] item: Leftovers
|-heal|p2a: Amoonguss|72/100|[from] item: Black Sludge
|upkeep
|turn|29
|
|t:|1718932772
|switch|p2a: Gliscor|Gliscor, M|92/100 tox
|-damage|p2a: Gliscor|79/100 tox|[from] Stealth Rock
|move|p1a: gastric guard|Knock Off|p2a: Gliscor
|-damage|p2a: Gliscor|77/100 tox
|
|-weather|Sandstorm|[upkeep]
|-heal|p1a: gastric guard|100/100|[from] item: Leftovers
|-heal|p2a: Gliscor|89/100 tox|[from] ability: Poison Heal
|upkeep
|turn|30
|
|t:|1718932789
|switch|p2a: Amoonguss|Amoonguss, M|100/100
|-damage|p2a: Amoonguss|88/100|[from] Stealth Rock
|-damage|p2a: Amoonguss|72/100|[from] Spikes
|switch|p1a: soupfull spoon|Latias, F|100/100
|-damage|p1a: soupfull spoon|88/100|[from] Stealth Rock
|
|-weather|Sandstorm|[upkeep]
|-damage|p1a: soupfull spoon|82/100|[from] Sandstorm
|-damage|p2a: Amoonguss|66/100|[from] Sandstorm
|-heal|p2a: Amoonguss|72/100|[from] item: Black Sludge
|upkeep
|turn|31
|
|t:|1718932800
|move|p1a: soupfull spoon|Thunder Wave|p2a: Amoonguss
|-status|p2a: Amoonguss|par
|move|p2a: Amoonguss|Stun Spore|p1a: soupfull spoon
|-status|p1a: soupfull spoon|par
|
|-weather|Sandstorm|[upkeep]
|-damage|p1a: soupfull spoon|76/100 par|[from] Sandstorm
|-damage|p2a: Amoonguss|66/100 par|[from] Sandstorm
|-heal|p2a: Amoonguss|72/100 par|[from] item: Black Sludge
|upkeep
|turn|32
|
|t:|1718932810
|move|p1a: soupfull spoon|Roost|p1a: soupfull spoon
|-heal|p1a: soupfull spoon|100/100 par
|-singleturn|p1a: soupfull spoon|move: Roost
|move|p2a: Amoonguss|Hidden Power|p1a: soupfull spoon
|-resisted|p1a: soupfull spoon
|-damage|p1a: soupfull spoon|95/100 par
|
|-weather|Sandstorm|[upkeep]
|-damage|p1a: soupfull spoon|89/100 par|[from] Sandstorm
|-damage|p2a: Amoonguss|66/100 par|[from] Sandstorm
|-heal|p2a: Amoonguss|72/100 par|[from] item: Black Sludge
|upkeep
|turn|33
|
|t:|1718932815
|switch|p1a: gastric guard|Clefable, F|100/100
|move|p2a: Amoonguss|Sludge Bomb|p1a: gastric guard
|-damage|p1a: gastric guard|80/100
|-status|p1a: gastric guard|psn
|
|-weather|Sandstorm|[upkeep]
|-damage|p2a: Amoonguss|66/100 par|[from] Sandstorm
|-heal|p1a: gastric guard|87/100 psn|[from] item: Leftovers
|-heal|p2a: Amoonguss|72/100 par|[from] item: Black Sludge
|upkeep
|turn|34
|
|t:|1718932821
|switch|p2a: Gliscor|Gliscor, M|89/100 tox
|-damage|p2a: Gliscor|77/100 tox|[from] Stealth Rock
|move|p1a: gastric guard|Seismic Toss|p2a: Gliscor
|-damage|p2a: Gliscor|47/100 tox
|
|-weather|Sandstorm|[upkeep]
|-heal|p1a: gastric guard|93/100 psn|[from] item: Leftovers
|-heal|p2a: Gliscor|59/100 tox|[from] ability: Poison Heal
|upkeep
|turn|35
|
|t:|1718932845
|switch|p1a: soupfull spoon|Latias, F|89/100 par
|-damage|p1a: soupfull spoon|77/100 par|[from] Stealth Rock
|move|p2a: Gliscor|Earthquake|p1a: soupfull spoon
|-immune|p1a: soupfull spoon|[from] ability: Levitate
|
|-weather|Sandstorm|[upkeep]
|-damage|p1a: soupfull spoon|71/100 par|[from] Sandstorm
|-heal|p2a: Gliscor|71/100 tox|[from] ability: Poison Heal
|upkeep
|turn|36
|
|t:|1718932850
|move|p2a: Gliscor|Substitute|p2a: Gliscor
|-start|p2a: Gliscor|Substitute
|-damage|p2a: Gliscor|46/100 tox
|cant|p1a: soupfull spoon|par
|
|-weather|Sandstorm|[upkeep]
|-damage|p1a: soupfull spoon|65/100 par|[from] Sandstorm
|-heal|p2a: Gliscor|59/100 tox|[from] ability: Poison Heal
|upkeep
|turn|37
|
|t:|1718932855
|move|p2a: Gliscor|Ice Fang|p1a: soupfull spoon
|-supereffective|p1a: soupfull spoon
|-damage|p1a: soupfull spoon|22/100 par
|move|p1a: soupfull spoon|Surf|p2a: Gliscor
|-supereffective|p2a: Gliscor
|-end|p2a: Gliscor|Substitute
|
|-weather|Sandstorm|[upkeep]
|-damage|p1a: soupfull spoon|16/100 par|[from] Sandstorm
|-heal|p2a: Gliscor|71/100 tox|[from] ability: Poison Heal
|upkeep
|turn|38
|
|t:|1718932863
|move|p2a: Gliscor|Substitute|p2a: Gliscor
|-start|p2a: Gliscor|Substitute
|-damage|p2a: Gliscor|46/100 tox
|move|p1a: soupfull spoon|Surf|p2a: Gliscor
|-supereffective|p2a: Gliscor
|-end|p2a: Gliscor|Substitute
|
|-weather|Sandstorm|[upkeep]
|-damage|p1a: soupfull spoon|10/100 par|[from] Sandstorm
|-heal|p2a: Gliscor|58/100 tox|[from] ability: Poison Heal
|upkeep
|turn|39
|
|t:|1718932867
|move|p2a: Gliscor|Protect|p2a: Gliscor
|-singleturn|p2a: Gliscor|Protect
|cant|p1a: soupfull spoon|par
|
|-weather|Sandstorm|[upkeep]
|-damage|p1a: soupfull spoon|4/100 par|[from] Sandstorm
|-heal|p2a: Gliscor|71/100 tox|[from] ability: Poison Heal
|upkeep
|turn|40
|
|t:|1718932872
|move|p2a: Gliscor|Ice Fang|p1a: soupfull spoon
|-supereffective|p1a: soupfull spoon
|-damage|p1a: soupfull spoon|0 fnt
|faint|p1a: soupfull spoon
|
|-weather|Sandstorm|[upkeep]
|-heal|p2a: Gliscor|83/100 tox|[from] ability: Poison Heal
|upkeep
|
|t:|1718932880
|switch|p1a: Worm War III|Skarmory, M|48/100 frz
|-damage|p1a: Worm War III|36/100 frz|[from] Stealth Rock
|turn|41
|
|t:|1718932887
|switch|p2a: Mienshao|Mienshao, M|100/100
|-damage|p2a: Mienshao|95/100|[from] Stealth Rock
|-damage|p2a: Mienshao|78/100|[from] Spikes
|-curestatus|p1a: Worm War III|frz|[msg]
|move|p1a: Worm War III|Roost|p1a: Worm War III
|-heal|p1a: Worm War III|86/100
|-singleturn|p1a: Worm War III|move: Roost
|
|-weather|Sandstorm|[upkeep]
|-damage|p2a: Mienshao|72/100|[from] Sandstorm
|upkeep
|turn|42
|
|t:|1718932904
|move|p2a: Mienshao|U-turn|p1a: Worm War III
|-resisted|p1a: Worm War III
|-damage|p1a: Worm War III|81/100
|
|t:|1718932908
|switch|p2a: Skarmory|Skarmory, M|76/100|[from] U-turn
|-damage|p2a: Skarmory|64/100|[from] Stealth Rock
|move|p1a: Worm War III|Spikes|p2a: Skarmory
|-sidestart|p2: leafstoned|Spikes
|
|-weather|Sandstorm|[upkeep]
|upkeep
|turn|43
|
|t:|1718932919
|switch|p1a: Angelic Note|Bronzong|65/100
|-damage|p1a: Angelic Note|58/100|[from] Stealth Rock
|move|p2a: Skarmory|Taunt|p1a: Angelic Note
|-start|p1a: Angelic Note|move: Taunt
|
|-weather|Sandstorm|[upkeep]
|-heal|p1a: Angelic Note|65/100|[from] item: Leftovers
|upkeep
|turn|44
|
|t:|1718932928
|switch|p1a: gastric guard|Clefable, F|93/100 psn
|move|p2a: Skarmory|Roost|p2a: Skarmory
|-heal|p2a: Skarmory|100/100
|-singleturn|p2a: Skarmory|move: Roost
|
|-weather|Sandstorm|[upkeep]
|-heal|p1a: gastric guard|99/100 psn|[from] item: Leftovers
|upkeep
|turn|45
|
|t:|1718932936
|switch|p2a: Gliscor|Gliscor, M|83/100 tox
|-damage|p2a: Gliscor|71/100 tox|[from] Stealth Rock
|move|p1a: gastric guard|Seismic Toss|p2a: Gliscor
|-damage|p2a: Gliscor|41/100 tox
|
|-weather|Sandstorm|[upkeep]
|-heal|p1a: gastric guard|100/100 psn|[from] item: Leftovers
|-heal|p2a: Gliscor|53/100 tox|[from] ability: Poison Heal
|upkeep
|turn|46
|
|t:|1718932943
|switch|p1a: Worm War III|Skarmory, M|81/100
|-damage|p1a: Worm War III|69/100|[from] Stealth Rock
|move|p2a: Gliscor|Earthquake|p1a: Worm War III
|-immune|p1a: Worm War III
|
|-weather|Sandstorm|[upkeep]
|-heal|p2a: Gliscor|65/100 tox|[from] ability: Poison Heal
|upkeep
|turn|47
|
|t:|1718932948
|move|p2a: Gliscor|Ice Fang|p1a: Worm War III
|-damage|p1a: Worm War III|55/100
|move|p1a: Worm War III|Whirlwind|p2a: Gliscor
|drag|p2a: Alakazam|Alakazam, M|100/100
|
|-weather|Sandstorm|[upkeep]
|upkeep
|turn|48
|
|t:|1718932953
|switch|p1a: gastric guard|Clefable, F|100/100 psn
|move|p2a: Alakazam|Encore||[still]
|-fail|p2a: Alakazam
|
|-weather|Sandstorm|[upkeep]
|upkeep
|turn|49
|
|t:|1718932964
|switch|p2a: Mienshao|Mienshao, M|100/100
|-damage|p2a: Mienshao|95/100|[from] Stealth Rock
|-damage|p2a: Mienshao|70/100|[from] Spikes
|move|p1a: gastric guard|Seismic Toss|p2a: Mienshao
|-damage|p2a: Mienshao|33/100
|
|-weather|Sandstorm|[upkeep]
|-damage|p2a: Mienshao|27/100|[from] Sandstorm
|upkeep
|turn|50
|
|t:|1718932973
|switch|p1a: dune diver|Hippowdon, M|100/100
|-damage|p1a: dune diver|75/100|[from] Spikes
|-damage|p1a: dune diver|69/100|[from] Stealth Rock
|move|p2a: Mienshao|High Jump Kick|p1a: dune diver
|-damage|p1a: dune diver|33/100
|
|-weather|Sandstorm|[upkeep]
|-damage|p2a: Mienshao|21/100|[from] Sandstorm
|-heal|p1a: dune diver|39/100|[from] item: Leftovers
|upkeep
|turn|51
|
|t:|1718932981
|switch|p2a: Gliscor|Gliscor, M|65/100 tox
|-damage|p2a: Gliscor|53/100 tox|[from] Stealth Rock
|move|p1a: dune diver|Slack Off|p1a: dune diver
|-heal|p1a: dune diver|89/100
|
|-weather|Sandstorm|[upkeep]
|-heal|p1a: dune diver|95/100|[from] item: Leftovers
|-heal|p2a: Gliscor|65/100 tox|[from] ability: Poison Heal
|upkeep
|turn|52
|
|t:|1718932989
|switch|p1a: Worm War III|Skarmory, M|55/100
|-damage|p1a: Worm War III|42/100|[from] Stealth Rock
|move|p2a: Gliscor|Ice Fang|p1a: Worm War III
|-damage|p1a: Worm War III|29/100
|
|-weather|Sandstorm|[upkeep]
|-heal|p2a: Gliscor|78/100 tox|[from] ability: Poison Heal
|upkeep
|turn|53
|
|t:|1718932995
|move|p2a: Gliscor|Ice Fang|p1a: Worm War III
|-damage|p1a: Worm War III|16/100
|move|p1a: Worm War III|Roost|p1a: Worm War III
|-heal|p1a: Worm War III|66/100
|-singleturn|p1a: Worm War III|move: Roost
|
|-weather|Sandstorm|[upkeep]
|-heal|p2a: Gliscor|90/100 tox|[from] ability: Poison Heal
|upkeep
|turn|54
|
|t:|1718933003
|move|p2a: Gliscor|Ice Fang|p1a: Worm War III
|-damage|p1a: Worm War III|52/100
|move|p1a: Worm War III|Roost|p1a: Worm War III
|-heal|p1a: Worm War III|100/100
|-singleturn|p1a: Worm War III|move: Roost
|
|-weather|Sandstorm|[upkeep]
|-heal|p2a: Gliscor|100/100 tox|[from] ability: Poison Heal
|upkeep
|turn|55
|
|t:|1718933007
|move|p2a: Gliscor|Ice Fang|p1a: Worm War III
|-damage|p1a: Worm War III|87/100
|move|p1a: Worm War III|Whirlwind|p2a: Gliscor
|drag|p2a: Amoonguss|Amoonguss, M|100/100 par
|-damage|p2a: Amoonguss|88/100 par|[from] Stealth Rock
|-damage|p2a: Amoonguss|63/100 par|[from] Spikes
|
|-weather|Sandstorm|[upkeep]
|-damage|p2a: Amoonguss|57/100 par|[from] Sandstorm
|-heal|p2a: Amoonguss|63/100 par|[from] item: Black Sludge
|upkeep
|turn|56
|
|t:|1718933014
|move|p1a: Worm War III|Drill Peck|p2a: Amoonguss
|-supereffective|p2a: Amoonguss
|-damage|p2a: Amoonguss|16/100 par
|move|p2a: Amoonguss|Stun Spore|p1a: Worm War III
|-status|p1a: Worm War III|par
|
|-weather|Sandstorm|[upkeep]
|-damage|p2a: Amoonguss|10/100 par|[from] Sandstorm
|-heal|p2a: Amoonguss|16/100 par|[from] item: Black Sludge
|upkeep
|turn|57
|
|t:|1718933024
|switch|p2a: Skarmory|Skarmory, M|100/100
|-damage|p2a: Skarmory|88/100|[from] Stealth Rock
|move|p1a: Worm War III|Whirlwind|p2a: Skarmory
|drag|p2a: Amoonguss|Amoonguss, M|49/100 par
|-damage|p2a: Amoonguss|36/100 par|[from] Stealth Rock
|-damage|p2a: Amoonguss|12/100 par|[from] Spikes
|
|-weather|Sandstorm|[upkeep]
|-damage|p2a: Amoonguss|6/100 par|[from] Sandstorm
|-heal|p2a: Amoonguss|12/100 par|[from] item: Black Sludge
|upkeep
|turn|58
|
|t:|1718933030
|switch|p2a: Skarmory|Skarmory, M|88/100
|-damage|p2a: Skarmory|76/100|[from] Stealth Rock
|move|p1a: Worm War III|Whirlwind|p2a: Skarmory
|drag|p2a: Alakazam|Alakazam, M|100/100
|
|-weather|Sandstorm|[upkeep]
|upkeep
|turn|59
|
|t:|1718933049
|switch|p2a: Skarmory|Skarmory, M|76/100
|-damage|p2a: Skarmory|64/100|[from] Stealth Rock
|switch|p1a: I Might Die Soon|Reuniclus, M|100/100
|
|-weather|Sandstorm|[upkeep]
|upkeep
|turn|60
|
|t:|1718933056
|move|p2a: Skarmory|Taunt|p1a: I Might Die Soon
|-start|p1a: I Might Die Soon|move: Taunt
|move|p1a: I Might Die Soon|Focus Blast|p2a: Skarmory
|-damage|p2a: Skarmory|19/100
|
|-weather|Sandstorm|[upkeep]
|upkeep
|turn|61
|
|t:|1718933064
|move|p2a: Skarmory|Roost|p2a: Skarmory
|-heal|p2a: Skarmory|69/100
|-singleturn|p2a: Skarmory|move: Roost
|move|p1a: I Might Die Soon|Focus Blast|p2a: Skarmory
|-supereffective|p2a: Skarmory
|-damage|p2a: Skarmory|0 fnt
|faint|p2a: Skarmory
|
|-weather|Sandstorm|[upkeep]
|upkeep
|
|t:|1718933074
|switch|p2a: Mienshao|Mienshao, M|54/100
|-damage|p2a: Mienshao|48/100|[from] Stealth Rock
|-damage|p2a: Mienshao|24/100|[from] Spikes
|turn|62
|
|t:|1718933086
|move|p2a: Mienshao|U-turn|p1a: I Might Die Soon
|-supereffective|p1a: I Might Die Soon
|-damage|p1a: I Might Die Soon|69/100
|
|t:|1718933092
|switch|p2a: Amoonguss|Amoonguss, M|45/100 par|[from] U-turn
|-damage|p2a: Amoonguss|33/100 par|[from] Stealth Rock
|-damage|p2a: Amoonguss|8/100 par|[from] Spikes
|move|p1a: I Might Die Soon|Psyshock|p2a: Amoonguss
|-supereffective|p2a: Amoonguss
|-damage|p2a: Amoonguss|0 fnt
|faint|p2a: Amoonguss
|
|-weather|Sandstorm|[upkeep]
|-heal|p1a: I Might Die Soon|75/100|[from] item: Leftovers
|-end|p1a: I Might Die Soon|move: Taunt
|upkeep
|
|t:|1718933099
|switch|p2a: Alakazam|Alakazam, M|100/100
|turn|63
|
|t:|1718933111
|switch|p1a: gastric guard|Clefable, F|100/100 psn
|move|p2a: Alakazam|Psychic|p1a: gastric guard
|-damage|p1a: gastric guard|65/100 psn
|
|-weather|Sandstorm|[upkeep]
|-heal|p1a: gastric guard|71/100 psn|[from] item: Leftovers
|upkeep
|turn|64
|
|t:|1718933117
|move|p2a: Alakazam|Focus Blast|p1a: gastric guard
|-supereffective|p1a: gastric guard
|-damage|p1a: gastric guard|8/100 psn
|move|p1a: gastric guard|Thunder Wave|p2a: Alakazam
|-status|p2a: Alakazam|par
|
|-weather|Sandstorm|[upkeep]
|-heal|p1a: gastric guard|14/100 psn|[from] item: Leftovers
|upkeep
|turn|65
|
|t:|1718933122
|move|p1a: gastric guard|Soft-Boiled|p1a: gastric guard
|-heal|p1a: gastric guard|64/100 psn
|move|p2a: Alakazam|Focus Blast|p1a: gastric guard
|-supereffective|p1a: gastric guard
|-damage|p1a: gastric guard|4/100 psn
|-unboost|p1a: gastric guard|spd|1
|
|-weather|Sandstorm|[upkeep]
|-heal|p1a: gastric guard|10/100 psn|[from] item: Leftovers
|upkeep
|turn|66
|
|t:|1718933134
|move|p1a: gastric guard|Knock Off|p2a: Alakazam
|-supereffective|p2a: Alakazam
|-crit|p2a: Alakazam
|-damage|p2a: Alakazam|64/100 par
|-enditem|p2a: Alakazam|Focus Sash|[from] move: Knock Off|[of] p1a: gastric guard
|move|p2a: Alakazam|Focus Blast|p1a: gastric guard
|-supereffective|p1a: gastric guard
|-damage|p1a: gastric guard|0 fnt
|faint|p1a: gastric guard
|
|-weather|Sandstorm|[upkeep]
|upkeep
|
|t:|1718933149
|switch|p1a: I Might Die Soon|Reuniclus, M|75/100
|turn|67
|
|t:|1718933153
|move|p1a: I Might Die Soon|Calm Mind|p1a: I Might Die Soon
|-boost|p1a: I Might Die Soon|spa|1
|-boost|p1a: I Might Die Soon|spd|1
|move|p2a: Alakazam|Psychic|p1a: I Might Die Soon
|-resisted|p1a: I Might Die Soon
|-damage|p1a: I Might Die Soon|60/100
|
|-weather|Sandstorm|[upkeep]
|-heal|p1a: I Might Die Soon|67/100|[from] item: Leftovers
|upkeep
|turn|68
|
|t:|1718933158
|move|p1a: I Might Die Soon|Calm Mind|p1a: I Might Die Soon
|-boost|p1a: I Might Die Soon|spa|1
|-boost|p1a: I Might Die Soon|spd|1
|move|p2a: Alakazam|Encore|p1a: I Might Die Soon
|-start|p1a: I Might Die Soon|Encore
|
|-weather|Sandstorm|[upkeep]
|-heal|p1a: I Might Die Soon|73/100|[from] item: Leftovers
|upkeep
|turn|69
|
|t:|1718933163
|switch|p2a: Gliscor|Gliscor, M|100/100 tox
|-damage|p2a: Gliscor|88/100 tox|[from] Stealth Rock
|move|p1a: I Might Die Soon|Calm Mind|p1a: I Might Die Soon
|-boost|p1a: I Might Die Soon|spa|1
|-boost|p1a: I Might Die Soon|spd|1
|
|-weather|Sandstorm|[upkeep]
|-heal|p1a: I Might Die Soon|79/100|[from] item: Leftovers
|-heal|p2a: Gliscor|100/100 tox|[from] ability: Poison Heal
|upkeep
|turn|70
|
|t:|1718933173
|switch|p1a: Worm War III|Skarmory, M|87/100 par
|-damage|p1a: Worm War III|75/100 par|[from] Stealth Rock
|move|p2a: Gliscor|Earthquake|p1a: Worm War III
|-immune|p1a: Worm War III
|
|-weather|Sandstorm|[upkeep]
|upkeep
|turn|71
|
|t:|1718933176
|move|p2a: Gliscor|Ice Fang|p1a: Worm War III
|-damage|p1a: Worm War III|61/100 par
|move|p1a: Worm War III|Whirlwind|p2a: Gliscor
|drag|p2a: Alakazam|Alakazam, M|64/100 par
|
|-weather|Sandstorm|[upkeep]
|upkeep
|turn|72
|
|t:|1718933192
|switch|p1a: I Might Die Soon|Reuniclus, M|79/100
|move|p2a: Alakazam|Psychic|p1a: I Might Die Soon
|-resisted|p1a: I Might Die Soon
|-damage|p1a: I Might Die Soon|56/100
|
|-weather|Sandstorm|[upkeep]
|-heal|p1a: I Might Die Soon|62/100|[from] item: Leftovers
|upkeep
|turn|73
|
|t:|1718933194
|move|p1a: I Might Die Soon|Recover|p1a: I Might Die Soon
|-heal|p1a: I Might Die Soon|100/100
|move|p2a: Alakazam|Encore|p1a: I Might Die Soon
|-start|p1a: I Might Die Soon|Encore
|
|-weather|Sandstorm|[upkeep]
|upkeep
|turn|74
|
|t:|1718933198
|switch|p2a: Gliscor|Gliscor, M|100/100 tox
|-damage|p2a: Gliscor|88/100 tox|[from] Stealth Rock
|move|p1a: I Might Die Soon|Recover||[still]
|-fail|p1a: I Might Die Soon|heal
|
|-weather|Sandstorm|[upkeep]
|-heal|p2a: Gliscor|100/100 tox|[from] ability: Poison Heal
|upkeep
|turn|75
|
|t:|1718933204
|switch|p1a: Worm War III|Skarmory, M|61/100 par
|-damage|p1a: Worm War III|49/100 par|[from] Stealth Rock
|move|p2a: Gliscor|Substitute|p2a: Gliscor
|-start|p2a: Gliscor|Substitute
|-damage|p2a: Gliscor|76/100 tox
|
|-weather|Sandstorm|[upkeep]
|-heal|p2a: Gliscor|88/100 tox|[from] ability: Poison Heal
|upkeep
|turn|76
|
|t:|1718933207
|move|p2a: Gliscor|Ice Fang|p1a: Worm War III
|-crit|p1a: Worm War III
|-damage|p1a: Worm War III|18/100 par
|cant|p1a: Worm War III|flinch
|
|-weather|Sandstorm|[upkeep]
|-heal|p2a: Gliscor|99/100 tox|[from] ability: Poison Heal
|upkeep
|turn|77
|
|t:|1718933212
|move|p2a: Gliscor|Ice Fang|p1a: Worm War III
|-damage|p1a: Worm War III|5/100 par
|move|p1a: Worm War III|Roost|p1a: Worm War III
|-heal|p1a: Worm War III|55/100 par
|-singleturn|p1a: Worm War III|move: Roost
|
|-weather|Sandstorm|[upkeep]
|-heal|p2a: Gliscor|100/100 tox|[from] ability: Poison Heal
|upkeep
|turn|78
|
|t:|1718933218
|move|p2a: Gliscor|Ice Fang|p1a: Worm War III
|-damage|p1a: Worm War III|40/100 par
|move|p1a: Worm War III|Roost|p1a: Worm War III
|-heal|p1a: Worm War III|90/100 par
|-singleturn|p1a: Worm War III|move: Roost
|
|-weather|Sandstorm|[upkeep]
|upkeep
|turn|79
|
|t:|1718933225
|move|p2a: Gliscor|Ice Fang|p1a: Worm War III
|-damage|p1a: Worm War III|76/100 par
|cant|p1a: Worm War III|par
|
|-weather|Sandstorm|[upkeep]
|upkeep
|turn|80
|
|t:|1718933234
|switch|p2a: Alakazam|Alakazam, M|64/100 par
|cant|p1a: Worm War III|par
|
|-weather|Sandstorm|[upkeep]
|upkeep
|turn|81
|
|t:|1718933242
|switch|p1a: I Might Die Soon|Reuniclus, M|100/100
|move|p2a: Alakazam|Focus Blast|p1a: I Might Die Soon
|-resisted|p1a: I Might Die Soon
|-damage|p1a: I Might Die Soon|82/100
|
|-weather|Sandstorm|[upkeep]
|-heal|p1a: I Might Die Soon|88/100|[from] item: Leftovers
|upkeep
|turn|82
|
|t:|1718933245
|move|p1a: I Might Die Soon|Psyshock|p2a: Alakazam
|-resisted|p2a: Alakazam
|-damage|p2a: Alakazam|20/100 par
|move|p2a: Alakazam|Psychic|p1a: I Might Die Soon
|-resisted|p1a: I Might Die Soon
|-damage|p1a: I Might Die Soon|65/100
|
|-weather|Sandstorm|[upkeep]
|-heal|p1a: I Might Die Soon|71/100|[from] item: Leftovers
|upkeep
|turn|83
|
|t:|1718933250
|move|p1a: I Might Die Soon|Psyshock|p2a: Alakazam
|-resisted|p2a: Alakazam
|-crit|p2a: Alakazam
|-damage|p2a: Alakazam|0 fnt
|faint|p2a: Alakazam
|
|-weather|Sandstorm|[upkeep]
|-heal|p1a: I Might Die Soon|77/100|[from] item: Leftovers
|upkeep
|
|t:|1718933253
|switch|p2a: Mienshao|Mienshao, M|57/100
|-damage|p2a: Mienshao|51/100|[from] Stealth Rock
|-damage|p2a: Mienshao|26/100|[from] Spikes
|turn|84
|
|t:|1718933256
|move|p2a: Mienshao|Rock Slide|p1a: I Might Die Soon
|-damage|p1a: I Might Die Soon|61/100
|move|p1a: I Might Die Soon|Psyshock|p2a: Mienshao
|-supereffective|p2a: Mienshao
|-damage|p2a: Mienshao|0 fnt
|faint|p2a: Mienshao
|
|-weather|Sandstorm|[upkeep]
|-heal|p1a: I Might Die Soon|67/100|[from] item: Leftovers
|upkeep
|
|t:|1718933261
|switch|p2a: Gliscor|Gliscor, M|100/100 tox
|-damage|p2a: Gliscor|88/100 tox|[from] Stealth Rock
|turn|85
|
|t:|1718933266
|move|p2a: Gliscor|Ice Fang|p1a: I Might Die Soon
|-damage|p1a: I Might Die Soon|52/100
|move|p1a: I Might Die Soon|Recover|p1a: I Might Die Soon
|-heal|p1a: I Might Die Soon|100/100
|
|-weather|Sandstorm|[upkeep]
|-heal|p2a: Gliscor|100/100 tox|[from] ability: Poison Heal
|upkeep
|turn|86
|
|t:|1718933270
|move|p2a: Gliscor|Ice Fang|p1a: I Might Die Soon
|-damage|p1a: I Might Die Soon|86/100
|move|p1a: I Might Die Soon|Calm Mind|p1a: I Might Die Soon
|-boost|p1a: I Might Die Soon|spa|1
|-boost|p1a: I Might Die Soon|spd|1
|
|-weather|Sandstorm|[upkeep]
|-heal|p1a: I Might Die Soon|92/100|[from] item: Leftovers
|upkeep
|turn|87
|
|t:|1718933275
|move|p2a: Gliscor|Earthquake|p1a: I Might Die Soon
|-damage|p1a: I Might Die Soon|60/100
|move|p1a: I Might Die Soon|Calm Mind|p1a: I Might Die Soon
|-boost|p1a: I Might Die Soon|spa|1
|-boost|p1a: I Might Die Soon|spd|1
|
|-weather|Sandstorm|[upkeep]
|-heal|p1a: I Might Die Soon|67/100|[from] item: Leftovers
|upkeep
|turn|88
|
|t:|1718933279
|move|p2a: Gliscor|Earthquake|p1a: I Might Die Soon
|-damage|p1a: I Might Die Soon|37/100
|move|p1a: I Might Die Soon|Recover|p1a: I Might Die Soon
|-heal|p1a: I Might Die Soon|87/100
|
|-weather|Sandstorm|[upkeep]
|-heal|p1a: I Might Die Soon|93/100|[from] item: Leftovers
|upkeep
|turn|89
|
|t:|1718933283
|move|p2a: Gliscor|Earthquake|p1a: I Might Die Soon
|-damage|p1a: I Might Die Soon|63/100
|move|p1a: I Might Die Soon|Psyshock|p2a: Gliscor
|-damage|p2a: Gliscor|40/100 tox
|
|-weather|Sandstorm|[upkeep]
|-heal|p1a: I Might Die Soon|69/100|[from] item: Leftovers
|-heal|p2a: Gliscor|53/100 tox|[from] ability: Poison Heal
|upkeep
|turn|90
|
|t:|1718933288
|move|p2a: Gliscor|Earthquake|p1a: I Might Die Soon
|-damage|p1a: I Might Die Soon|37/100
|move|p1a: I Might Die Soon|Psyshock|p2a: Gliscor
|-damage|p2a: Gliscor|0 fnt
|faint|p2a: Gliscor
|
|win|fayestra
|raw|fayestra's rating: 1257 &rarr; <strong>1294</strong><br />(+37 for winning)
|raw|leafstoned's rating: 1431 &rarr; <strong>1402</strong><br />(-29 for losing)
|c|☆leafstoned|gg
|l|☆leafstoned
|player|p2|
|c|☆fayestra|gg
