|join|professorcaralho
|join|Call_Me
|player|p1|professorcaralho|220
|player|p2|Call_Me|2
|gametype|singles
|gen|5
|tier|[Gen 5] OU
|rated
|rule|Evasion Abilities Clause: Evasion abilities are banned
|clearpoke
|poke|p1|Politoed, F
|poke|p1|Skarmory, F
|poke|p1|Umbreon, M
|poke|p1|Chansey, F
|poke|p1|Jirachi
|poke|p1|Tentacruel, M
|poke|p2|Hippowdon, F
|poke|p2|Roserade, F
|poke|p2|Heatran, F
|poke|p2|Landorus-Therian, M
|poke|p2|Latias, F
|poke|p2|Stoutland, M
|rule|Sleep Clause Mod: Limit one foe put to sleep
|rule|Species Clause: Limit one of each Pokemon
|rule|OHKO Clause: OHKO moves are banned
|rule|Moody Clause: Moody is banned
|rule|Evasion Moves Clause: Evasion moves are banned
|rule|Endless Battle Clause: Forcing endless battles is banned.
|rule|HP Percentage Mod: HP is reported as percentages
|teampreview
|
|start
|switch|p1a: SãoPedro|Politoed, F|382/382
|switch|p2a: Roserade|Roserade, F|324/324
|-weather|RainDance|[from] ability: Drizzle|[of] p1a: SãoPedro
|turn|1
|
|switch|p1a: GalinhaRosa|Chansey, F|704/704
|move|p2a: Roserade|Giga Drain|p1a: GalinhaRosa
|-damage|p1a: GalinhaRosa|650/704
|
|-weather|RainDance|[upkeep]
|turn|2
|
|switch|p2a: Hippowdon|Hippowdon, F|420/420
|-weather|Sandstorm|[from] ability: Sand Stream|[of] p2a: Hippowdon
|move|p1a: GalinhaRosa|Toxic|p2a: Hippowdon
|-status|p2a: Hippowdon|tox
|
|-weather|Sandstorm|[upkeep]
|-damage|p1a: GalinhaRosa|606/704|[from] sandstorm
|-damage|p2a: Hippowdon|394/420 tox|[from] psn
|turn|3
|
|switch|p1a: SãoPedro|Politoed, F|382/382
|-weather|RainDance|[from] ability: Drizzle|[of] p1a: SãoPedro
|switch|p2a: Heatran|Heatran, F|386/386
|
|-weather|RainDance|[upkeep]
|turn|4
|
|move|p2a: Heatran|Toxic|p1a: SãoPedro
|-status|p1a: SãoPedro|tox
|move|p1a: SãoPedro|Scald|p2a: Heatran
|-supereffective|p2a: Heatran
|-damage|p2a: Heatran|198/386
|
|-weather|RainDance|[upkeep]
|-damage|p1a: SãoPedro|359/382 tox|[from] psn
|turn|5
|
|move|p2a: Heatran|Protect|p2a: Heatran
|-singleturn|p2a: Heatran|Protect
|move|p1a: SãoPedro|Toxic|p2a: Heatran
|-activate|p2a: Heatran|Protect
|
|-weather|RainDance|[upkeep]
|-heal|p1a: SãoPedro|382/382 tox|[from] item: Leftovers
|-damage|p1a: SãoPedro|336/382 tox|[from] psn
|turn|6
|
|switch|p2a: Roserade|Roserade, F|324/324
|move|p1a: SãoPedro|Scald|p2a: Roserade
|-resisted|p2a: Roserade
|-damage|p2a: Roserade|270/324
|
|-weather|RainDance|[upkeep]
|-heal|p2a: Roserade|290/324|[from] item: Black Sludge
|-heal|p1a: SãoPedro|359/382 tox|[from] item: Leftovers
|-damage|p1a: SãoPedro|290/382 tox|[from] psn
|turn|7
|
|switch|p1a: GalinhaRosa|Chansey, F|606/704
|move|p2a: Roserade|Spikes|p1a: GalinhaRosa
|-sidestart|p1: professorcaralho|Spikes
|
|-weather|RainDance|[upkeep]
|-heal|p2a: Roserade|310/324|[from] item: Black Sludge
|turn|8
|
|move|p2a: Roserade|Spikes|p1a: GalinhaRosa
|-sidestart|p1: professorcaralho|Spikes
|move|p1a: GalinhaRosa|Seismic Toss|p2a: Roserade
|-damage|p2a: Roserade|210/324
|
|-weather|RainDance|[upkeep]
|-heal|p2a: Roserade|230/324|[from] item: Black Sludge
|turn|9
|
|move|p2a: Roserade|Spikes|p1a: GalinhaRosa
|-sidestart|p1: professorcaralho|Spikes
|move|p1a: GalinhaRosa|Toxic|p2a: Roserade
|-fail|p2a: Roserade
|
|-weather|RainDance|[upkeep]
|-heal|p2a: Roserade|250/324|[from] item: Black Sludge
|turn|10
|
|switch|p2a: Hippowdon|Hippowdon, F|394/420 tox
|-weather|Sandstorm|[from] ability: Sand Stream|[of] p2a: Hippowdon
|switch|p1a: Celulite|Tentacruel, M|362/362
|-damage|p1a: Celulite|272/362|[from] Spikes
|
|-weather|Sandstorm|[upkeep]
|-damage|p1a: Celulite|250/362|[from] sandstorm
|-heal|p1a: Celulite|272/362|[from] item: Black Sludge
|-heal|p2a: Hippowdon|420/420 tox|[from] item: Leftovers
|-damage|p2a: Hippowdon|394/420 tox|[from] psn
|turn|11
|
|move|p1a: Celulite|Protect|p1a: Celulite
|-singleturn|p1a: Celulite|Protect
|move|p2a: Hippowdon|Earthquake|p1a: Celulite
|-activate|p1a: Celulite|Protect
|
|-weather|Sandstorm|[upkeep]
|-damage|p1a: Celulite|250/362|[from] sandstorm
|-heal|p1a: Celulite|272/362|[from] item: Black Sludge
|-heal|p2a: Hippowdon|420/420 tox|[from] item: Leftovers
|-damage|p2a: Hippowdon|368/420 tox|[from] psn
|turn|12
|
|switch|p1a: Boeing777|Skarmory, F|334/334
|move|p2a: Hippowdon|Earthquake|p1a: Boeing777
|-immune|p1a: Boeing777|[msg]
|
|-weather|Sandstorm|[upkeep]
|-heal|p2a: Hippowdon|394/420 tox|[from] item: Leftovers
|-damage|p2a: Hippowdon|316/420 tox|[from] psn
|turn|13
|
|switch|p2a: Heatran|Heatran, F|198/386
|move|p1a: Boeing777|Stealth Rock|p2a: Heatran
|-sidestart|p2: Call_Me|move: Stealth Rock
|
|-weather|Sandstorm|[upkeep]
|turn|14
|
|switch|p1a: GalinhaRosa|Chansey, F|606/704
|-damage|p1a: GalinhaRosa|430/704|[from] Spikes
|move|p2a: Heatran|Roar|p1a: GalinhaRosa
|drag|p1a: Vira-lata|Umbreon, M|392/392
|-damage|p1a: Vira-lata|294/392|[from] Spikes
|
|-weather|Sandstorm|[upkeep]
|-damage|p1a: Vira-lata|270/392|[from] sandstorm
|-heal|p1a: Vira-lata|294/392|[from] item: Leftovers
|turn|15
|
|move|p2a: Heatran|Toxic|p1a: Vira-lata
|-status|p1a: Vira-lata|tox
|move|p1a: Vira-lata|Heal Bell|p1a: Vira-lata
|-cureteam|p1a: Vira-lata|[from] move: HealBell
|
|-weather|Sandstorm|[upkeep]
|-damage|p1a: Vira-lata|270/392|[from] sandstorm
|-heal|p1a: Vira-lata|294/392|[from] item: Leftovers
|turn|16
|
|move|p1a: Vira-lata|Wish|p1a: Vira-lata
|move|p2a: Heatran|Roar|p1a: Vira-lata
|drag|p1a: Celulite|Tentacruel, M|272/362
|-damage|p1a: Celulite|182/362|[from] Spikes
|
|-weather|Sandstorm|[upkeep]
|-damage|p1a: Celulite|160/362|[from] sandstorm
|-heal|p1a: Celulite|182/362|[from] item: Black Sludge
|turn|17
|
|switch|p2a: Roserade|Roserade, F|250/324
|-damage|p2a: Roserade|210/324|[from] Stealth Rock
|move|p1a: Celulite|Protect|p1a: Celulite
|-fail|p1a: Celulite
|
|-weather|Sandstorm|[upkeep]
|-damage|p1a: Celulite|160/362|[from] sandstorm
|-damage|p2a: Roserade|190/324|[from] sandstorm
|-heal|p1a: Celulite|356/362|[from] move: Wish|[wisher] Vira-lata
|-heal|p1a: Celulite|362/362|[from] item: Black Sludge
|-heal|p2a: Roserade|210/324|[from] item: Black Sludge
|turn|18
|
|move|p1a: Celulite|Rapid Spin|p2a: Roserade
|-damage|p2a: Roserade|196/324
|-sideend|p1: professorcaralho|Spikes|[from] move: Rapid Spin|[of] p1a: Celulite
|move|p2a: Roserade|Giga Drain|p1a: Celulite
|-damage|p1a: Celulite|272/362
|-heal|p2a: Roserade|241/324|[from] drain|[of] p1a: Celulite
|
|-weather|Sandstorm|[upkeep]
|-damage|p1a: Celulite|250/362|[from] sandstorm
|-damage|p2a: Roserade|221/324|[from] sandstorm
|-heal|p1a: Celulite|272/362|[from] item: Black Sludge
|-heal|p2a: Roserade|241/324|[from] item: Black Sludge
|turn|19
|
|move|p1a: Celulite|Toxic Spikes|p2a: Roserade
|-sidestart|p2: Call_Me|move: Toxic Spikes
|move|p2a: Roserade|Giga Drain|p1a: Celulite
|-damage|p1a: Celulite|188/362
|-heal|p2a: Roserade|283/324|[from] drain|[of] p1a: Celulite
|
|-weather|Sandstorm|[upkeep]
|-damage|p1a: Celulite|166/362|[from] sandstorm
|-damage|p2a: Roserade|263/324|[from] sandstorm
|-heal|p1a: Celulite|188/362|[from] item: Black Sludge
|-heal|p2a: Roserade|283/324|[from] item: Black Sludge
|turn|20
|
|switch|p1a: GalinhaRosa|Chansey, F|430/704
|move|p2a: Roserade|Giga Drain|p1a: GalinhaRosa
|-damage|p1a: GalinhaRosa|381/704
|-heal|p2a: Roserade|308/324|[from] drain|[of] p1a: GalinhaRosa
|
|-weather|Sandstorm|[upkeep]
|-damage|p2a: Roserade|288/324|[from] sandstorm
|-damage|p1a: GalinhaRosa|337/704|[from] sandstorm
|-heal|p2a: Roserade|308/324|[from] item: Black Sludge
|turn|21
|
|switch|p2a: Heatran|Heatran, F|198/386
|-damage|p2a: Heatran|150/386|[from] Stealth Rock
|move|p1a: GalinhaRosa|Wish|p1a: GalinhaRosa
|
|-weather|Sandstorm|[upkeep]
|-damage|p1a: GalinhaRosa|293/704|[from] sandstorm
|turn|22
|
|move|p1a: GalinhaRosa|Protect|p1a: GalinhaRosa
|-singleturn|p1a: GalinhaRosa|Protect
|move|p2a: Heatran|Roar|p1a: GalinhaRosa
|-activate|p1a: GalinhaRosa|Protect
|
|-weather|Sandstorm|[upkeep]
|-damage|p1a: GalinhaRosa|249/704|[from] sandstorm
|-heal|p1a: GalinhaRosa|601/704|[from] move: Wish|[wisher] GalinhaRosa
|turn|23
|
|switch|p2a: Roserade|Roserade, F|308/324
|-damage|p2a: Roserade|268/324|[from] Stealth Rock
|-sideend|p2: Call_Me|move: Toxic Spikes|[of] p2a: Roserade
|move|p1a: GalinhaRosa|Wish|p1a: GalinhaRosa
|
|-weather|Sandstorm|[upkeep]
|-damage|p2a: Roserade|248/324|[from] sandstorm
|-damage|p1a: GalinhaRosa|557/704|[from] sandstorm
|-heal|p2a: Roserade|268/324|[from] item: Black Sludge
|turn|24
|
|move|p2a: Roserade|Spikes|p1a: GalinhaRosa
|-sidestart|p1: professorcaralho|Spikes
|move|p1a: GalinhaRosa|Seismic Toss|p2a: Roserade
|-damage|p2a: Roserade|168/324
|
|-weather|Sandstorm|[upkeep]
|-damage|p2a: Roserade|148/324|[from] sandstorm
|-damage|p1a: GalinhaRosa|513/704|[from] sandstorm
|-heal|p1a: GalinhaRosa|704/704|[from] move: Wish|[wisher] GalinhaRosa
|-heal|p2a: Roserade|168/324|[from] item: Black Sludge
|turn|25
|
|move|p2a: Roserade|Spikes|p1a: GalinhaRosa
|-sidestart|p1: professorcaralho|Spikes
|move|p1a: GalinhaRosa|Wish|p1a: GalinhaRosa
|
|-weather|Sandstorm|[upkeep]
|-damage|p2a: Roserade|148/324|[from] sandstorm
|-damage|p1a: GalinhaRosa|660/704|[from] sandstorm
|-heal|p2a: Roserade|168/324|[from] item: Black Sludge
|turn|26
|
|switch|p1a: Celulite|Tentacruel, M|188/362
|-damage|p1a: Celulite|128/362|[from] Spikes
|move|p2a: Roserade|Giga Drain|p1a: Celulite
|-damage|p1a: Celulite|32/362
|-heal|p2a: Roserade|216/324|[from] drain|[of] p1a: Celulite
|
|-weather|Sandstorm|[upkeep]
|-damage|p1a: Celulite|10/362|[from] sandstorm
|-damage|p2a: Roserade|196/324|[from] sandstorm
|-heal|p1a: Celulite|362/362|[from] move: Wish|[wisher] GalinhaRosa
|-heal|p2a: Roserade|216/324|[from] item: Black Sludge
|turn|27
|
|move|p1a: Celulite|Rapid Spin|p2a: Roserade
|-damage|p2a: Roserade|203/324
|-sideend|p1: professorcaralho|Spikes|[from] move: Rapid Spin|[of] p1a: Celulite
|move|p2a: Roserade|Giga Drain|p1a: Celulite
|-damage|p1a: Celulite|275/362
|-heal|p2a: Roserade|247/324|[from] drain|[of] p1a: Celulite
|
|-weather|Sandstorm|[upkeep]
|-damage|p1a: Celulite|253/362|[from] sandstorm
|-damage|p2a: Roserade|227/324|[from] sandstorm
|-heal|p1a: Celulite|275/362|[from] item: Black Sludge
|-heal|p2a: Roserade|247/324|[from] item: Black Sludge
|turn|28
|
|switch|p1a: GalinhaRosa|Chansey, F|660/704
|move|p2a: Roserade|Spikes|p1a: GalinhaRosa
|-sidestart|p1: professorcaralho|Spikes
|
|-weather|Sandstorm|[upkeep]
|-damage|p2a: Roserade|227/324|[from] sandstorm
|-damage|p1a: GalinhaRosa|616/704|[from] sandstorm
|-heal|p2a: Roserade|247/324|[from] item: Black Sludge
|turn|29
|
|switch|p2a: Stoutland|Stoutland, M|312/312
|-damage|p2a: Stoutland|273/312|[from] Stealth Rock
|move|p1a: GalinhaRosa|Wish|p1a: GalinhaRosa
|
|-weather|Sandstorm|[upkeep]
|-damage|p1a: GalinhaRosa|572/704|[from] sandstorm
|turn|30
|
|switch|p1a: Boeing777|Skarmory, F|334/334
|move|p2a: Stoutland|Wild Charge|p1a: Boeing777
|-supereffective|p1a: Boeing777
|-damage|p1a: Boeing777|164/334
|-damage|p2a: Stoutland|230/312|[from] recoil|[of] p1a: Boeing777
|-damage|p2a: Stoutland|178/312|[from] item: Rocky Helmet|[of] p1a: Boeing777
|
|-weather|Sandstorm|[upkeep]
|-heal|p1a: Boeing777|334/334|[from] move: Wish|[wisher] GalinhaRosa
|turn|31
|
|move|p2a: Stoutland|Wild Charge|p1a: Boeing777
|-supereffective|p1a: Boeing777
|-damage|p1a: Boeing777|160/334
|-damage|p2a: Stoutland|134/312|[from] recoil|[of] p1a: Boeing777
|-damage|p2a: Stoutland|82/312|[from] item: Rocky Helmet|[of] p1a: Boeing777
|move|p1a: Boeing777|Roost|p1a: Boeing777
|-heal|p1a: Boeing777|327/334
|
|-weather|Sandstorm|[upkeep]
|turn|32
|-message|Call_Me forfeited.
|
|win|professorcaralho
|raw|Ladder updating...
|leave|Call_Me
|player|p2
|raw|professorcaralho's rating: 1296 &rarr; <strong>1330</strong><br />(+34 for winning)
|raw|Call_Me's rating: 1429 &rarr; <strong>1401</strong><br />(-28 for losing)