|j|☆sidis
|j|☆du11
|t:|1705165035
|gametype|singles
|player|p1|sidis|iris|1262
|player|p2|du11|plasmagrunt-gen5bw|1443
|teamsize|p1|6
|teamsize|p2|6
|gen|5
|tier|[Gen 5] OU
|rated|
|rule|Species Clause: Limit one of each Pokémon
|rule|OHKO Clause: OHKO moves are banned
|rule|Moody Clause: Moody is banned
|rule|Evasion Items Clause: Evasion items are banned
|rule|Evasion Moves Clause: Evasion moves are banned
|rule|Endless Battle Clause: Forcing endless battles is banned
|rule|HP Percentage Mod: HP is shown in percentages
|rule|Evasion Abilities Clause: Evasion abilities are banned
|rule|Sleep Moves Clause: Sleep-inducing moves are banned
|rule|Swagger Clause: Swagger is banned
|rule|Baton Pass Stat Clause: No Baton Passer may have a way to boost its stats
|clearpoke
|poke|p1|Politoed, M|item
|poke|p1|Keldeo-Resolute|item
|poke|p1|Ferrothorn, M|item
|poke|p1|Dragonite, M|item
|poke|p1|Jirachi|item
|poke|p1|Starmie|item
|poke|p2|Mamoswine, M|item
|poke|p2|Abomasnow, M|item
|poke|p2|Victini|item
|poke|p2|Starmie|item
|poke|p2|Scizor, F|item
|poke|p2|Kyurem-Black|item
|teampreview
|inactive|Battle timer is ON: inactive players will automatically lose when time's up. (requested by sidis)
|
|t:|1705165044
|start
|switch|p1a: Politoed|Politoed, M|100/100
|switch|p2a: Kyurem|Kyurem-Black|100/100
|-ability|p2a: Kyurem|Teravolt
|-weather|RainDance|[from] ability: Drizzle|[of] p1a: Politoed
|turn|1
|
|t:|1705165046
|switch|p1a: Ferrothorn|Ferrothorn, M|100/100
|move|p2a: Kyurem|Substitute|p2a: Kyurem
|-start|p2a: Kyurem|Substitute
|-damage|p2a: Kyurem|76/100
|
|-weather|RainDance|[upkeep]
|-heal|p2a: Kyurem|82/100|[from] item: Leftovers
|upkeep
|turn|2
|
|t:|1705165050
|move|p2a: Kyurem|Earth Power|p1a: Ferrothorn
|-damage|p1a: Ferrothorn|80/100
|move|p1a: Ferrothorn|Stealth Rock|p2a: Kyurem
|-sidestart|p2: du11|move: Stealth Rock
|
|-weather|RainDance|[upkeep]
|-heal|p2a: Kyurem|88/100|[from] item: Leftovers
|-heal|p1a: Ferrothorn|86/100|[from] item: Leftovers
|upkeep
|turn|3
|
|t:|1705165053
|move|p2a: Kyurem|Ice Beam|p1a: Ferrothorn
|-damage|p1a: Ferrothorn|56/100
|move|p1a: Ferrothorn|Spikes|p2a: Kyurem
|-sidestart|p2: du11|Spikes
|
|-weather|RainDance|[upkeep]
|-heal|p2a: Kyurem|94/100|[from] item: Leftovers
|-heal|p1a: Ferrothorn|62/100|[from] item: Leftovers
|upkeep
|turn|4
|
|t:|1705165065
|move|p2a: Kyurem|Ice Beam|p1a: Ferrothorn
|-damage|p1a: Ferrothorn|29/100
|move|p1a: Ferrothorn|Spikes|p2a: Kyurem
|-sidestart|p2: du11|Spikes
|
|-weather|RainDance|[upkeep]
|-heal|p2a: Kyurem|99/100|[from] item: Leftovers
|-heal|p1a: Ferrothorn|35/100|[from] item: Leftovers
|upkeep
|turn|5
|
|t:|1705165070
|move|p2a: Kyurem|Ice Beam|p1a: Ferrothorn
|-damage|p1a: Ferrothorn|1/100
|move|p1a: Ferrothorn|Spikes|p2a: Kyurem
|-sidestart|p2: du11|Spikes
|
|-weather|RainDance|[upkeep]
|-heal|p2a: Kyurem|100/100|[from] item: Leftovers
|-heal|p1a: Ferrothorn|7/100|[from] item: Leftovers
|upkeep
|turn|6
|
|t:|1705165088
|move|p2a: Kyurem|Ice Beam|p1a: Ferrothorn
|-damage|p1a: Ferrothorn|0 fnt
|faint|p1a: Ferrothorn
|
|-weather|RainDance|[upkeep]
|upkeep
|
|t:|1705165090
|switch|p1a: Jirachi|Jirachi|100/100
|turn|7
|
|t:|1705165093
|move|p1a: Jirachi|Iron Head|p2a: Kyurem
|-supereffective|p2a: Kyurem
|-end|p2a: Kyurem|Substitute
|move|p2a: Kyurem|Earth Power|p1a: Jirachi
|-supereffective|p1a: Jirachi
|-damage|p1a: Jirachi|39/100
|
|-weather|RainDance|[upkeep]
|upkeep
|turn|8
|
|t:|1705165099
|move|p1a: Jirachi|Iron Head|p2a: Kyurem
|-supereffective|p2a: Kyurem
|-damage|p2a: Kyurem|38/100
|move|p2a: Kyurem|Earth Power|p1a: Jirachi
|-supereffective|p1a: Jirachi
|-damage|p1a: Jirachi|0 fnt
|faint|p1a: Jirachi
|
|-weather|RainDance|[upkeep]
|-heal|p2a: Kyurem|44/100|[from] item: Leftovers
|upkeep
|
|t:|1705165106
|switch|p1a: Dragonite|Dragonite, M|100/100
|turn|9
|
|t:|1705165111
|move|p1a: Dragonite|Extreme Speed|p2a: Kyurem
|-crit|p2a: Kyurem
|-damage|p2a: Kyurem|0 fnt
|faint|p2a: Kyurem
|
|-weather|RainDance|[upkeep]
|upkeep
|
|t:|1705165121
|switch|p2a: Mamoswine|Mamoswine, M|100/100
|-damage|p2a: Mamoswine|88/100|[from] Stealth Rock
|-damage|p2a: Mamoswine|63/100|[from] Spikes
|turn|10
|inactive|sidis has 120 seconds left.
|
|t:|1705165157
|switch|p1a: Starmie|Starmie|100/100
|move|p2a: Mamoswine|Stealth Rock|p1a: Starmie
|-sidestart|p1: sidis|move: Stealth Rock
|
|-weather|RainDance|[upkeep]
|upkeep
|turn|11
|
|t:|1705165165
|switch|p2a: Starmie|Starmie|100/100
|-damage|p2a: Starmie|88/100|[from] Stealth Rock
|-item|p2a: Starmie|Air Balloon
|move|p1a: Starmie|Hydro Pump|p2a: Starmie
|-resisted|p2a: Starmie
|-damage|p2a: Starmie|0 fnt
|-enditem|p2a: Starmie|Air Balloon
|faint|p2a: Starmie
|-damage|p1a: Starmie|91/100|[from] item: Life Orb
|
|-weather|RainDance|[upkeep]
|upkeep
|
|t:|1705165171
|switch|p2a: Scizor|Scizor, F|100/100
|-damage|p2a: Scizor|88/100|[from] Stealth Rock
|-damage|p2a: Scizor|63/100|[from] Spikes
|turn|12
|
|t:|1705165184
|move|p2a: Scizor|U-turn|p1a: Starmie
|-supereffective|p1a: Starmie
|-damage|p1a: Starmie|0 fnt
|faint|p1a: Starmie
|
|t:|1705165188
|switch|p2a: Abomasnow|Abomasnow, M|100/100|[from] U-turn
|-damage|p2a: Abomasnow|76/100|[from] Stealth Rock
|-damage|p2a: Abomasnow|51/100|[from] Spikes
|-weather|Hail|[from] ability: Snow Warning|[of] p2a: Abomasnow
|
|-weather|Hail|[upkeep]
|upkeep
|
|t:|1705165192
|switch|p1a: Keldeo|Keldeo-Resolute|100/100
|-damage|p1a: Keldeo|94/100|[from] Stealth Rock
|turn|13
|
|t:|1705165196
|move|p1a: Keldeo|Secret Sword|p2a: Abomasnow
|-supereffective|p2a: Abomasnow
|-damage|p2a: Abomasnow|0 fnt
|faint|p2a: Abomasnow
|
|-weather|Hail|[upkeep]
|-damage|p1a: Keldeo|88/100|[from] Hail
|upkeep
|
|t:|1705165202
|switch|p2a: Scizor|Scizor, F|63/100
|-damage|p2a: Scizor|51/100|[from] Stealth Rock
|-damage|p2a: Scizor|26/100|[from] Spikes
|turn|14
|
|t:|1705165204
|move|p2a: Scizor|Superpower|p1a: Keldeo
|-damage|p1a: Keldeo|43/100
|-unboost|p2a: Scizor|atk|1
|-unboost|p2a: Scizor|def|1
|move|p1a: Keldeo|Secret Sword|p2a: Scizor
|-damage|p2a: Scizor|0 fnt
|faint|p2a: Scizor
|
|-weather|Hail|[upkeep]
|-damage|p1a: Keldeo|37/100|[from] Hail
|upkeep
|
|t:|1705165208
|switch|p2a: Mamoswine|Mamoswine, M|63/100
|-damage|p2a: Mamoswine|51/100|[from] Stealth Rock
|-damage|p2a: Mamoswine|26/100|[from] Spikes
|turn|15
|
|t:|1705165211
|move|p2a: Mamoswine|Ice Shard|p1a: Keldeo
|-resisted|p1a: Keldeo
|-damage|p1a: Keldeo|22/100
|move|p1a: Keldeo|Secret Sword|p2a: Mamoswine
|-supereffective|p2a: Mamoswine
|-damage|p2a: Mamoswine|0 fnt
|faint|p2a: Mamoswine
|
|-weather|Hail|[upkeep]
|-damage|p1a: Keldeo|16/100|[from] Hail
|upkeep
|
|t:|1705165213
|switch|p2a: Victini|Victini|100/100
|-damage|p2a: Victini|76/100|[from] Stealth Rock
|-damage|p2a: Victini|51/100|[from] Spikes
|turn|16
|
|t:|1705165218
|move|p1a: Keldeo|Secret Sword|p2a: Victini
|-resisted|p2a: Victini
|-damage|p2a: Victini|17/100
|move|p2a: Victini|Bolt Strike|p1a: Keldeo
|-supereffective|p1a: Keldeo
|-damage|p1a: Keldeo|0 fnt
|faint|p1a: Keldeo
|-damage|p2a: Victini|7/100|[from] item: Life Orb
|
|-weather|Hail|[upkeep]
|-damage|p2a: Victini|1/100|[from] Hail
|upkeep
|
|t:|1705165221
|switch|p1a: Politoed|Politoed, M|100/100
|-damage|p1a: Politoed|88/100|[from] Stealth Rock
|-weather|RainDance|[from] ability: Drizzle|[of] p1a: Politoed
|turn|17
|
|t:|1705165223
|move|p2a: Victini|Bolt Strike|p1a: Politoed
|-supereffective|p1a: Politoed
|-damage|p1a: Politoed|16/100
|-status|p1a: Politoed|par
|-damage|p2a: Victini|0 fnt|[from] item: Life Orb
|faint|p2a: Victini
|
|win|sidis
|raw|sidis's rating: 1262 &rarr; <strong>1298</strong><br />(+36 for winning)
|raw|du11's rating: 1429 &rarr; <strong>1400</strong><br />(-29 for losing)
|l|☆du11
|player|p2|
