|j|☆linsar
|j|☆The Daisuke
|player|p1|linsar|265|1445
|player|p2|The Daisuke|152|1485
|teamsize|p1|6
|teamsize|p2|6
|gametype|singles
|gen|5
|tier|[Gen 5] OU
|rated|
|clearpoke
|poke|p1|Jirachi|item
|poke|p1|Magnezone|item
|poke|p1|Dragonite, M|item
|poke|p1|Latios, M|item
|poke|p1|Kyurem-Black|item
|poke|p1|Garchomp, M|item
|poke|p2|Politoed, M|item
|poke|p2|Tentacruel, F|item
|poke|p2|Ferrothorn, F|item
|poke|p2|Celebi|item
|poke|p2|Landorus-Therian, M|item
|poke|p2|Terrakion|item
|rule|Species Clause: Limit one of each Pokémon
|rule|OHKO Clause: OHKO moves are banned
|rule|Moody Clause: Moody is banned
|rule|Evasion Moves Clause: Evasion moves are banned
|rule|Endless Battle Clause: Forcing endless battles is banned
|rule|HP Percentage Mod: HP is shown in percentages
|rule|Evasion Abilities Clause: Evasion abilities are banned
|rule|Baton Pass Clause: Limit one Baton Passer, can't pass Spe and other stats simultaneously
|rule|Sleep Clause: Sleep-inducing moves are banned
|rule|Swagger Clause: Swagger is banned
|teampreview
|inactive|Battle timer is ON: inactive players will automatically lose when time's up. (requested by The Daisuke)
|inactive|linsar has 120 seconds left.
|inactive|linsar has 90 seconds left.
|inactive|linsar has 60 seconds left.
|
|start
|switch|p1a: Jirachi|Jirachi|100/100
|switch|p2a: Celebi|Celebi|100/100
|turn|1
|
|move|p2a: Celebi|Stealth Rock|p1a: Jirachi
|-sidestart|p1: linsar|move: Stealth Rock
|move|p1a: Jirachi|Stealth Rock|p2a: Celebi
|-sidestart|p2: The Daisuke|move: Stealth Rock
|
|upkeep
|turn|2
|
|move|p2a: Celebi|U-turn|p1a: Jirachi
|-damage|p1a: Jirachi|89/100
|
|switch|p2a: Ferrothorn|Ferrothorn, F|100/100|[from]move: U-turn
|-damage|p2a: Ferrothorn|94/100|[from] Stealth Rock
|move|p1a: Jirachi|U-turn|p2a: Ferrothorn
|-damage|p2a: Ferrothorn|84/100
|-damage|p1a: Jirachi|77/100|[from] ability: Iron Barbs|[of] p2a: Ferrothorn
|
|switch|p1a: Magnezone|Magnezone|100/100|[from]move: U-turn
|-damage|p1a: Magnezone|94/100|[from] Stealth Rock
|-item|p1a: Magnezone|Air Balloon
|
|-heal|p2a: Ferrothorn|91/100|[from] item: Leftovers
|upkeep
|turn|3
|
|move|p1a: Magnezone|Hidden Power|p2a: Ferrothorn
|-supereffective|p2a: Ferrothorn
|-damage|p2a: Ferrothorn|16/100
|move|p2a: Ferrothorn|Spikes|p1a: Magnezone
|-sidestart|p1: linsar|Spikes
|
|-heal|p2a: Ferrothorn|22/100|[from] item: Leftovers
|upkeep
|turn|4
|
|move|p1a: Magnezone|Hidden Power|p2a: Ferrothorn
|-supereffective|p2a: Ferrothorn
|-damage|p2a: Ferrothorn|0 fnt
|faint|p2a: Ferrothorn
|
|upkeep
|
|switch|p2a: Terrakion|Terrakion|100/100
|-damage|p2a: Terrakion|94/100|[from] Stealth Rock
|turn|5
|
|move|p2a: Terrakion|Close Combat|p1a: Magnezone
|-supereffective|p1a: Magnezone
|-damage|p1a: Magnezone|0 fnt
|-unboost|p2a: Terrakion|def|1
|-unboost|p2a: Terrakion|spd|1
|-enditem|p1a: Magnezone|Air Balloon
|-damage|p2a: Terrakion|84/100|[from] item: Life Orb
|faint|p1a: Magnezone
|
|upkeep
|
|switch|p1a: Latios|Latios, M|100/100
|-damage|p1a: Latios|88/100|[from] Stealth Rock
|turn|6
|
|switch|p2a: Tentacruel|Tentacruel, F, shiny|100/100
|-damage|p2a: Tentacruel|88/100|[from] Stealth Rock
|move|p1a: Latios|Draco Meteor|p2a: Tentacruel
|-damage|p2a: Tentacruel|7/100
|-unboost|p1a: Latios|spa|2
|
|-heal|p2a: Tentacruel|13/100|[from] item: Black Sludge
|upkeep
|turn|7
|
|move|p2a: Tentacruel|Protect|p2a: Tentacruel
|-singleturn|p2a: Tentacruel|Protect
|move|p1a: Latios|Draco Meteor|p2a: Tentacruel
|-activate|p2a: Tentacruel|move: Protect
|
|-heal|p2a: Tentacruel|19/100|[from] item: Black Sludge
|upkeep
|turn|8
|
|switch|p2a: Celebi|Celebi|100/100
|-damage|p2a: Celebi|88/100|[from] Stealth Rock
|move|p1a: Latios|Draco Meteor|p2a: Celebi
|-damage|p2a: Celebi|55/100
|-unboost|p1a: Latios|spa|2
|
|-heal|p2a: Celebi|62/100|[from] item: Leftovers
|upkeep
|turn|9
|
|switch|p1a: Jirachi|Jirachi|77/100
|-damage|p1a: Jirachi|64/100|[from] Spikes
|-damage|p1a: Jirachi|58/100|[from] Stealth Rock
|move|p2a: Celebi|Recover|p2a: Celebi
|-heal|p2a: Celebi|100/100
|
|upkeep
|turn|10
|
|move|p2a: Celebi|U-turn|p1a: Jirachi
|-damage|p1a: Jirachi|46/100
|
|switch|p2a: Toadally awesome|Politoed, M|100/100|[from]move: U-turn
|-damage|p2a: Toadally awesome|88/100|[from] Stealth Rock
|-weather|RainDance|[from] ability: Drizzle|[of] p2a: Toadally awesome
|move|p1a: Jirachi|U-turn|p2a: Toadally awesome
|-damage|p2a: Toadally awesome|76/100
|
|switch|p1a: Latios|Latios, M|88/100|[from]move: U-turn
|-damage|p1a: Latios|76/100|[from] Stealth Rock
|
|-weather|RainDance|[upkeep]
|-heal|p2a: Toadally awesome|83/100|[from] item: Leftovers
|upkeep
|turn|11
|
|move|p2a: Toadally awesome|Protect|p2a: Toadally awesome
|-singleturn|p2a: Toadally awesome|Protect
|move|p1a: Latios|Draco Meteor|p2a: Toadally awesome
|-activate|p2a: Toadally awesome|move: Protect
|
|-weather|RainDance|[upkeep]
|-heal|p2a: Toadally awesome|89/100|[from] item: Leftovers
|upkeep
|turn|12
|
|switch|p2a: Tentacruel|Tentacruel, F, shiny|19/100
|-damage|p2a: Tentacruel|6/100|[from] Stealth Rock
|move|p1a: Latios|Draco Meteor|p2a: Tentacruel
|-crit|p2a: Tentacruel
|-damage|p2a: Tentacruel|0 fnt
|-unboost|p1a: Latios|spa|2
|faint|p2a: Tentacruel
|
|-weather|RainDance|[upkeep]
|upkeep
|
|switch|p2a: Landorus|Landorus-Therian, M|100/100
|-damage|p2a: Landorus|88/100|[from] Stealth Rock
|-ability|p2a: Landorus|Intimidate|boost
|-unboost|p1a: Latios|atk|1
|turn|13
|
|switch|p1a: Jirachi|Jirachi|46/100
|-damage|p1a: Jirachi|34/100|[from] Spikes
|-damage|p1a: Jirachi|28/100|[from] Stealth Rock
|move|p2a: Landorus|U-turn|p1a: Jirachi
|-damage|p1a: Jirachi|5/100
|
|switch|p2a: Celebi|Celebi|100/100|[from]move: U-turn
|-damage|p2a: Celebi|88/100|[from] Stealth Rock
|
|-weather|RainDance|[upkeep]
|-heal|p2a: Celebi|94/100|[from] item: Leftovers
|upkeep
|turn|14
|
|move|p2a: Celebi|Psychic|p1a: Jirachi
|-resisted|p1a: Jirachi
|-damage|p1a: Jirachi|0 fnt
|faint|p1a: Jirachi
|
|-weather|RainDance|[upkeep]
|-heal|p2a: Celebi|100/100|[from] item: Leftovers
|upkeep
|
|switch|p1a: Kyurem|Kyurem-Black|100/100
|-damage|p1a: Kyurem|76/100|[from] Stealth Rock
|-damage|p1a: Kyurem|63/100|[from] Spikes
|-ability|p1a: Kyurem|Teravolt
|turn|15
|
|switch|p2a: Toadally awesome|Politoed, M|89/100
|-damage|p2a: Toadally awesome|76/100|[from] Stealth Rock
|move|p1a: Kyurem|Outrage|p2a: Toadally awesome
|-damage|p2a: Toadally awesome|0 fnt
|faint|p2a: Toadally awesome
|
|-weather|RainDance|[upkeep]
|upkeep
|
|switch|p2a: Terrakion|Terrakion|84/100
|-damage|p2a: Terrakion|78/100|[from] Stealth Rock
|turn|16
|
|move|p2a: Terrakion|Close Combat|p1a: Kyurem
|-supereffective|p1a: Kyurem
|-damage|p1a: Kyurem|0 fnt
|-unboost|p2a: Terrakion|def|1
|-unboost|p2a: Terrakion|spd|1
|-damage|p2a: Terrakion|68/100|[from] item: Life Orb
|faint|p1a: Kyurem
|
|-weather|RainDance|[upkeep]
|upkeep
|
|switch|p1a: Latios|Latios, M|76/100
|-damage|p1a: Latios|64/100|[from] Stealth Rock
|turn|17
|
|switch|p2a: Celebi|Celebi|100/100
|-damage|p2a: Celebi|88/100|[from] Stealth Rock
|move|p1a: Latios|Draco Meteor|p2a: Celebi
|-damage|p2a: Celebi|19/100
|-unboost|p1a: Latios|spa|2
|
|-weather|RainDance|[upkeep]
|-heal|p2a: Celebi|25/100|[from] item: Leftovers
|upkeep
|turn|18
|
|move|p1a: Latios|Draco Meteor|p2a: Celebi
|-damage|p2a: Celebi|0 fnt
|-unboost|p1a: Latios|spa|2
|faint|p2a: Celebi
|
|-weather|RainDance|[upkeep]
|upkeep
|
|switch|p2a: Landorus|Landorus-Therian, M|88/100
|-damage|p2a: Landorus|76/100|[from] Stealth Rock
|-ability|p2a: Landorus|Intimidate|boost
|-unboost|p1a: Latios|atk|1
|turn|19
|
|switch|p1a: Dragonite|Dragonite, M|100/100
|-damage|p1a: Dragonite|76/100|[from] Stealth Rock
|move|p2a: Landorus|Hidden Power|p1a: Dragonite
|-supereffective|p1a: Dragonite
|-damage|p1a: Dragonite|0 fnt
|faint|p1a: Dragonite
|
|-weather|RainDance|[upkeep]
|upkeep
|
|switch|p1a: Garchomp|Garchomp, M|100/100
|-damage|p1a: Garchomp|88/100|[from] Spikes
|-damage|p1a: Garchomp|82/100|[from] Stealth Rock
|turn|20
|
|move|p1a: Garchomp|Outrage|p2a: Landorus
|-damage|p2a: Landorus|9/100
|move|p2a: Landorus|Hidden Power|p1a: Garchomp
|-supereffective|p1a: Garchomp
|-damage|p1a: Garchomp|13/100
|
|-weather|RainDance|[upkeep]
|upkeep
|turn|21
|
|move|p1a: Garchomp|Outrage|p2a: Landorus|[from]lockedmove
|-damage|p2a: Landorus|0 fnt
|-start|p1a: Garchomp|confusion|[fatigue]
|faint|p2a: Landorus
|
|-weather|RainDance|[upkeep]
|upkeep
|
|switch|p2a: Terrakion|Terrakion|68/100
|-damage|p2a: Terrakion|62/100|[from] Stealth Rock
|turn|22
|
|move|p2a: Terrakion|Quick Attack|p1a: Garchomp
|-damage|p1a: Garchomp|0 fnt
|-damage|p2a: Terrakion|50/100|[from] ability: Rough Skin|[of] p1a: Garchomp
|-damage|p2a: Terrakion|40/100|[from] item: Life Orb
|faint|p1a: Garchomp
|
|-weather|RainDance|[upkeep]
|upkeep
|
|switch|p1a: Latios|Latios, M|64/100
|-damage|p1a: Latios|51/100|[from] Stealth Rock
|turn|23
|
|move|p2a: Terrakion|Quick Attack|p1a: Latios
|-damage|p1a: Latios|25/100
|-damage|p2a: Terrakion|30/100|[from] item: Life Orb
|move|p1a: Latios|Surf|p2a: Terrakion
|-supereffective|p2a: Terrakion
|-damage|p2a: Terrakion|0 fnt
|faint|p2a: Terrakion
|
|win|linsar
|raw|linsar's rating: 1445 &rarr; <strong>1467</strong><br />(+22 for winning)
|raw|The Daisuke's rating: 1486 &rarr; <strong>1464</strong><br />(-22 for losing)
|l|☆The Daisuke
