|j|☆el janitor
|j|☆Srawperd
|t:|1707346286
|gametype|singles
|player|p1|el janitor|102|1381
|player|p2|Srawperd|whitney|1366
|teamsize|p1|6
|teamsize|p2|6
|gen|5
|tier|[Gen 5] OU
|rated|
|rule|Species Clause: Limit one of each Pokémon
|rule|OHKO Clause: OHKO moves are banned
|rule|Moody Clause: Moody is banned
|rule|Evasion Items Clause: Evasion items are banned
|rule|Evasion Moves Clause: Evasion moves are banned
|rule|Endless Battle Clause: Forcing endless battles is banned
|rule|HP Percentage Mod: HP is shown in percentages
|rule|Evasion Abilities Clause: Evasion abilities are banned
|rule|Sleep Moves Clause: Sleep-inducing moves are banned
|rule|Swagger Clause: Swagger is banned
|rule|Baton Pass Stat Clause: No Baton Passer may have a way to boost its stats
|clearpoke
|poke|p1|Mamoswine, M|item
|poke|p1|Abomasnow, M|item
|poke|p1|Forretress, M|item
|poke|p1|Kyurem-Black|item
|poke|p1|Breloom, F|item
|poke|p1|Mandibuzz, F|item
|poke|p2|Xatu, F|item
|poke|p2|Ninetales, F|item
|poke|p2|Garchomp, M|item
|poke|p2|Snorlax, M|item
|poke|p2|Heatran, F|item
|poke|p2|Volcarona, M|item
|teampreview
|inactive|Battle timer is ON: inactive players will automatically lose when time's up. (requested by el janitor)
|inactive|Srawperd also wants the timer to be on.
|
|t:|1707346296
|start
|switch|p1a: Mamoswine|Mamoswine, M|100/100
|switch|p2a: Ninetales|Ninetales, F|100/100
|-weather|SunnyDay|[from] ability: Drought|[of] p2a: Ninetales
|turn|1
|
|t:|1707346302
|switch|p2a: Xatu|Xatu, F|100/100
|move|p1a: Mamoswine|Earthquake|p2a: Xatu
|-immune|p2a: Xatu
|
|-weather|SunnyDay|[upkeep]
|upkeep
|turn|2
|
|t:|1707346308
|move|p1a: Mamoswine|Icicle Crash|p2a: Xatu
|-supereffective|p2a: Xatu
|-damage|p2a: Xatu|0 fnt
|faint|p2a: Xatu
|
|-weather|SunnyDay|[upkeep]
|upkeep
|
|t:|1707346320
|switch|p2a: Heatran|Heatran, F|100/100
|-item|p2a: Heatran|Air Balloon
|turn|3
|inactive|el janitor has 120 seconds left.
|
|t:|1707346351
|switch|p1a: Mandibuzz|Mandibuzz, F|100/100
|move|p2a: Heatran|Fire Blast|p1a: Mandibuzz
|-damage|p1a: Mandibuzz|20/100
|-status|p1a: Mandibuzz|brn
|
|-weather|SunnyDay|[upkeep]
|-heal|p1a: Mandibuzz|26/100 brn|[from] item: Leftovers
|-damage|p1a: Mandibuzz|14/100 brn|[from] brn
|upkeep
|turn|4
|
|t:|1707346361
|move|p2a: Heatran|Flame Charge|p1a: Mandibuzz
|-damage|p1a: Mandibuzz|3/100 brn
|-boost|p2a: Heatran|spe|1
|move|p1a: Mandibuzz|Foul Play|p2a: Heatran
|-resisted|p2a: Heatran
|-damage|p2a: Heatran|93/100
|-enditem|p2a: Heatran|Air Balloon
|
|-weather|SunnyDay|[upkeep]
|-heal|p1a: Mandibuzz|9/100 brn|[from] item: Leftovers
|-damage|p1a: Mandibuzz|0 fnt|[from] brn
|faint|p1a: Mandibuzz
|upkeep
|
|t:|1707346364
|switch|p1a: Breloom|Breloom, F|100/100
|turn|5
|
|t:|1707346375
|move|p1a: Breloom|Mach Punch|p2a: Heatran
|-supereffective|p2a: Heatran
|-damage|p2a: Heatran|0 fnt
|faint|p2a: Heatran
|
|-weather|SunnyDay|[upkeep]
|upkeep
|
|t:|1707346379
|switch|p2a: Volcarona|Volcarona, M|100/100
|turn|6
|
|t:|1707346382
|switch|p1a: Mamoswine|Mamoswine, M|100/100
|move|p2a: Volcarona|Quiver Dance|p2a: Volcarona
|-boost|p2a: Volcarona|spa|1
|-boost|p2a: Volcarona|spd|1
|-boost|p2a: Volcarona|spe|1
|
|-weather|SunnyDay|[upkeep]
|upkeep
|turn|7
|
|t:|1707346389
|move|p2a: Volcarona|Flamethrower|p1a: Mamoswine
|-supereffective|p1a: Mamoswine
|-enditem|p1a: Mamoswine|Focus Sash
|-damage|p1a: Mamoswine|1/100
|-damage|p2a: Volcarona|91/100|[from] item: Life Orb
|move|p1a: Mamoswine|Earthquake|p2a: Volcarona
|-damage|p2a: Volcarona|12/100
|
|-weather|SunnyDay|[upkeep]
|upkeep
|turn|8
|
|t:|1707346397
|move|p1a: Mamoswine|Ice Shard|p2a: Volcarona
|-resisted|p2a: Volcarona
|-damage|p2a: Volcarona|0 fnt
|faint|p2a: Volcarona
|
|-weather|SunnyDay|[upkeep]
|upkeep
|
|t:|1707346403
|switch|p2a: Snorlax|Snorlax, M|100/100
|turn|9
|
|t:|1707346406
|move|p1a: Mamoswine|Endeavor|p2a: Snorlax
|-damage|p2a: Snorlax|1/100
|move|p2a: Snorlax|Return|p1a: Mamoswine
|-damage|p1a: Mamoswine|0 fnt
|faint|p1a: Mamoswine
|
|-weather|SunnyDay|[upkeep]
|upkeep
|
|t:|1707346408
|switch|p1a: Abomasnow|Abomasnow, M|100/100
|-weather|Hail|[from] ability: Snow Warning|[of] p1a: Abomasnow
|turn|10
|-message|Srawperd forfeited.
|
|win|el janitor
|raw|el janitor's rating: 1381 &rarr; <strong>1400</strong><br />(+19 for winning)
|raw|Srawperd's rating: 1366 &rarr; <strong>1347</strong><br />(-19 for losing)
|l|☆Srawperd
|player|p2|
