|j|☆wine coffee
|j|☆May 20th
|player|p1|wine coffee|92|1390
|player|p2|May 20th|1|1435
|teamsize|p1|6
|teamsize|p2|6
|gametype|singles
|gen|5
|tier|[Gen 5] OU
|rated|
|rule|Sleep Clause Mod: Limit one foe put to sleep
|rule|Species Clause: Limit one of each Pokémon
|rule|OHKO Clause: OHKO moves are banned
|rule|Moody Clause: Moody is banned
|rule|Evasion Moves Clause: Evasion moves are banned
|rule|Endless Battle Clause: Forcing endless battles is banned
|rule|HP Percentage Mod: HP is shown in percentages
|rule|Evasion Abilities Clause: Evasion abilities are banned
|rule|Baton Pass Clause: Limit one Baton Passer, can't pass Spe and other stats simultaneously
|rule|Swagger Clause: Swagger is banned
|clearpoke
|poke|p1|Azelf|item
|poke|p1|Garchomp, M|item
|poke|p1|Kyurem-Black|item
|poke|p1|Salamence, M|item
|poke|p1|Tornadus, M|item
|poke|p1|Scizor, F|item
|poke|p2|Hydreigon, M|item
|poke|p2|Skarmory, F|item
|poke|p2|Gastrodon, M|item
|poke|p2|Tyranitar, M|item
|poke|p2|Alakazam, M|item
|poke|p2|Landorus-Therian, M|item
|teampreview
|inactive|Battle timer is ON: inactive players will automatically lose when time's up. (requested by May 20th)
|
|start
|switch|p1a: Azelf|Azelf|100/100
|switch|p2a: Tyranitar|Tyranitar, M|100/100
|-weather|Sandstorm|[from] ability: Sand Stream|[of] p2a: Tyranitar
|turn|1
|
|move|p2a: Tyranitar|Crunch|p1a: Azelf
|-supereffective|p1a: Azelf
|-enditem|p1a: Azelf|Focus Sash
|-damage|p1a: Azelf|1/100
|-unboost|p1a: Azelf|def|1
|move|p1a: Azelf|Taunt|p2a: Tyranitar
|-start|p2a: Tyranitar|move: Taunt
|
|-weather|Sandstorm|[upkeep]
|-damage|p1a: Azelf|0 fnt|[from] Sandstorm
|faint|p1a: Azelf
|upkeep
|
|switch|p1a: Scizor|Scizor, F|100/100
|turn|2
|
|switch|p2a: Landorus-T|Landorus-Therian, M|100/100
|-ability|p2a: Landorus-T|Intimidate|boost
|-unboost|p1a: Scizor|atk|1
|move|p1a: Scizor|U-turn|p2a: Landorus-T
|-resisted|p2a: Landorus-T
|-damage|p2a: Landorus-T|89/100
|
|switch|p1a: Kyurem|Kyurem-Black|100/100|[from]move: U-turn
|-ability|p1a: Kyurem|Teravolt
|
|-weather|Sandstorm|[upkeep]
|-damage|p1a: Kyurem|94/100|[from] Sandstorm
|-heal|p2a: Landorus-T|95/100|[from] item: Leftovers
|upkeep
|turn|3
|
|switch|p2a: Tyranitar|Tyranitar, M|100/100
|move|p1a: Kyurem|Outrage|p2a: Tyranitar
|-damage|p2a: Tyranitar|0 fnt
|faint|p2a: Tyranitar
|
|-weather|Sandstorm|[upkeep]
|-damage|p1a: Kyurem|88/100|[from] Sandstorm
|upkeep
|inactive|May 20th has 120 seconds left.
|
|switch|p2a: Skarmory|Skarmory, F|100/100
|turn|4
|
|move|p1a: Kyurem|Outrage|p2a: Skarmory|[from]lockedmove
|-resisted|p2a: Skarmory
|-damage|p2a: Skarmory|52/100
|move|p2a: Skarmory|Roost|p2a: Skarmory
|-heal|p2a: Skarmory|100/100
|-singleturn|p2a: Skarmory|move: Roost
|
|-weather|Sandstorm|[upkeep]
|-damage|p1a: Kyurem|82/100|[from] Sandstorm
|upkeep
|turn|5
|
|move|p1a: Kyurem|Outrage|p2a: Skarmory|[from]lockedmove
|-resisted|p2a: Skarmory
|-damage|p2a: Skarmory|55/100
|-start|p1a: Kyurem|confusion|[fatigue]
|move|p2a: Skarmory|Roost|p2a: Skarmory
|-heal|p2a: Skarmory|100/100
|-singleturn|p2a: Skarmory|move: Roost
|
|-weather|Sandstorm|[upkeep]
|-damage|p1a: Kyurem|76/100|[from] Sandstorm
|upkeep
|turn|6
|
|switch|p1a: Salamence|Salamence, M|100/100
|-ability|p1a: Salamence|Intimidate|boost
|-unboost|p2a: Skarmory|atk|1
|move|p2a: Skarmory|Spikes|p1a: Salamence
|-sidestart|p1: wine coffee|Spikes
|
|-weather|Sandstorm|[upkeep]
|-damage|p1a: Salamence|94/100|[from] Sandstorm
|-heal|p1a: Salamence|100/100|[from] item: Leftovers
|upkeep
|turn|7
|
|switch|p2a: Gastrodon|Gastrodon, M|100/100
|move|p1a: Salamence|Fire Blast|p2a: Gastrodon
|-resisted|p2a: Gastrodon
|-damage|p2a: Gastrodon|83/100
|
|-weather|Sandstorm|[upkeep]
|-damage|p1a: Salamence|94/100|[from] Sandstorm
|-heal|p1a: Salamence|100/100|[from] item: Leftovers
|-heal|p2a: Gastrodon|89/100|[from] item: Leftovers
|upkeep
|turn|8
|inactive|wine coffee has 120 seconds left.
|
|switch|p1a: Tornadus|Tornadus, M|100/100
|move|p2a: Gastrodon|Toxic|p1a: Tornadus
|-status|p1a: Tornadus|tox
|
|-weather|Sandstorm|[upkeep]
|-damage|p1a: Tornadus|94/100 tox|[from] Sandstorm
|-heal|p2a: Gastrodon|95/100|[from] item: Leftovers
|-damage|p1a: Tornadus|88/100 tox|[from] psn
|upkeep
|turn|9
|
|move|p1a: Tornadus|Hurricane|p2a: Gastrodon
|-damage|p2a: Gastrodon|45/100
|move|p2a: Gastrodon|Recover|p2a: Gastrodon
|-heal|p2a: Gastrodon|95/100
|
|-weather|Sandstorm|[upkeep]
|-damage|p1a: Tornadus|82/100 tox|[from] Sandstorm
|-heal|p2a: Gastrodon|100/100|[from] item: Leftovers
|-damage|p1a: Tornadus|70/100 tox|[from] psn
|upkeep
|turn|10
|
|switch|p1a: Kyurem|Kyurem-Black|76/100
|-damage|p1a: Kyurem|63/100|[from] Spikes
|-ability|p1a: Kyurem|Teravolt
|switch|p2a: Skarmory|Skarmory, F|100/100
|
|-weather|Sandstorm|[upkeep]
|-damage|p1a: Kyurem|57/100|[from] Sandstorm
|upkeep
|turn|11
|
|move|p1a: Kyurem|Fusion Bolt|p2a: Skarmory
|-supereffective|p2a: Skarmory
|-damage|p2a: Skarmory|0 fnt
|faint|p2a: Skarmory
|
|-weather|Sandstorm|[upkeep]
|-damage|p1a: Kyurem|51/100|[from] Sandstorm
|upkeep
|
|switch|p2a: Landorus-T|Landorus-Therian, M|95/100
|-ability|p2a: Landorus-T|Intimidate|boost
|-unboost|p1a: Kyurem|atk|1
|turn|12
|inactive|May 20th has 120 seconds left.
|c|☆May 20th|o
|c|☆May 20th|right
|c|☆May 20th|it breaks sturdy
|
|switch|p1a: Salamence|Salamence, M|100/100
|-ability|p1a: Salamence|Intimidate|boost
|-unboost|p2a: Landorus-T|atk|1
|move|p2a: Landorus-T|Stealth Rock|p1a: Salamence
|-sidestart|p1: wine coffee|move: Stealth Rock
|
|-weather|Sandstorm|[upkeep]
|-damage|p1a: Salamence|94/100|[from] Sandstorm
|-heal|p1a: Salamence|100/100|[from] item: Leftovers
|-heal|p2a: Landorus-T|100/100|[from] item: Leftovers
|upkeep
|turn|13
|
|move|p1a: Salamence|Draco Meteor|p2a: Landorus-T
|-damage|p2a: Landorus-T|18/100
|-unboost|p1a: Salamence|spa|2
|move|p2a: Landorus-T|Hidden Power|p1a: Salamence
|-supereffective|p1a: Salamence
|-damage|p1a: Salamence|22/100
|
|-weather|Sandstorm|[upkeep]
|-damage|p1a: Salamence|16/100|[from] Sandstorm
|-heal|p1a: Salamence|22/100|[from] item: Leftovers
|-heal|p2a: Landorus-T|24/100|[from] item: Leftovers
|upkeep
|turn|14
|
|switch|p2a: Gastrodon|Gastrodon, M|100/100
|move|p1a: Salamence|Roost|p1a: Salamence
|-heal|p1a: Salamence|72/100
|-singleturn|p1a: Salamence|move: Roost
|
|-weather|Sandstorm|[upkeep]
|-damage|p1a: Salamence|66/100|[from] Sandstorm
|-heal|p1a: Salamence|72/100|[from] item: Leftovers
|upkeep
|turn|15
|
|switch|p1a: Scizor|Scizor, F|100/100
|-damage|p1a: Scizor|88/100|[from] Spikes
|-damage|p1a: Scizor|76/100|[from] Stealth Rock
|move|p2a: Gastrodon|Ice Beam|p1a: Scizor
|-resisted|p1a: Scizor
|-damage|p1a: Scizor|62/100
|
|-weather|Sandstorm|[upkeep]
|upkeep
|turn|16
|
|switch|p2a: Landorus-T|Landorus-Therian, M|24/100
|-ability|p2a: Landorus-T|Intimidate|boost
|-unboost|p1a: Scizor|atk|1
|move|p1a: Scizor|Superpower|p2a: Landorus-T
|-resisted|p2a: Landorus-T
|-damage|p2a: Landorus-T|10/100
|-unboost|p1a: Scizor|atk|1
|-unboost|p1a: Scizor|def|1
|
|-weather|Sandstorm|[upkeep]
|-heal|p2a: Landorus-T|17/100|[from] item: Leftovers
|upkeep
|turn|17
|
|move|p2a: Landorus-T|U-turn|p1a: Scizor
|-resisted|p1a: Scizor
|-damage|p1a: Scizor|41/100
|
|switch|p2a: Gastrodon|Gastrodon, M|100/100|[from]move: U-turn
|move|p1a: Scizor|U-turn|p2a: Gastrodon
|-damage|p2a: Gastrodon|85/100
|
|switch|p1a: Kyurem|Kyurem-Black|51/100|[from]move: U-turn
|-damage|p1a: Kyurem|26/100|[from] Stealth Rock
|-damage|p1a: Kyurem|13/100|[from] Spikes
|-ability|p1a: Kyurem|Teravolt
|
|-weather|Sandstorm|[upkeep]
|-damage|p1a: Kyurem|7/100|[from] Sandstorm
|-heal|p2a: Gastrodon|91/100|[from] item: Leftovers
|upkeep
|turn|18
|
|switch|p2a: Landorus-T|Landorus-Therian, M|17/100
|-ability|p2a: Landorus-T|Intimidate|boost
|-unboost|p1a: Kyurem|atk|1
|move|p1a: Kyurem|Dragon Claw|p2a: Landorus-T
|-damage|p2a: Landorus-T|0 fnt
|faint|p2a: Landorus-T
|
|-weather|Sandstorm|[upkeep]
|-damage|p1a: Kyurem|1/100|[from] Sandstorm
|upkeep
|
|switch|p2a: Alakazam|Alakazam, M|100/100
|turn|19
|
|move|p2a: Alakazam|Psychic|p1a: Kyurem
|-damage|p1a: Kyurem|0 fnt
|faint|p1a: Kyurem
|
|-weather|Sandstorm|[upkeep]
|upkeep
|
|switch|p1a: Garchomp|Garchomp, M|100/100
|-damage|p1a: Garchomp|94/100|[from] Stealth Rock
|-damage|p1a: Garchomp|82/100|[from] Spikes
|turn|20
|
|switch|p2a: Gastrodon|Gastrodon, M|91/100
|move|p1a: Garchomp|Dual Chop|p2a: Gastrodon
|-crit|p2a: Gastrodon
|-damage|p2a: Gastrodon|59/100
|-damage|p2a: Gastrodon|43/100
|-hitcount|p2a: Gastrodon|2
|
|-weather|Sandstorm|[upkeep]
|-heal|p2a: Gastrodon|49/100|[from] item: Leftovers
|upkeep
|turn|21
|inactive|wine coffee has 120 seconds left.
|
|switch|p1a: Scizor|Scizor, F|41/100
|-damage|p1a: Scizor|29/100|[from] Spikes
|-damage|p1a: Scizor|17/100|[from] Stealth Rock
|move|p2a: Gastrodon|Recover|p2a: Gastrodon
|-heal|p2a: Gastrodon|99/100
|
|-weather|Sandstorm|[upkeep]
|-heal|p2a: Gastrodon|100/100|[from] item: Leftovers
|upkeep
|turn|22
|
|move|p1a: Scizor|Superpower|p2a: Gastrodon
|-damage|p2a: Gastrodon|68/100
|-unboost|p1a: Scizor|atk|1
|-unboost|p1a: Scizor|def|1
|move|p2a: Gastrodon|Scald|p1a: Scizor
|-damage|p1a: Scizor|0 fnt
|faint|p1a: Scizor
|
|-weather|Sandstorm|[upkeep]
|-heal|p2a: Gastrodon|75/100|[from] item: Leftovers
|upkeep
|inactive|wine coffee has 90 seconds left.
|
|switch|p1a: Garchomp|Garchomp, M|82/100
|-damage|p1a: Garchomp|76/100|[from] Stealth Rock
|-damage|p1a: Garchomp|64/100|[from] Spikes
|turn|23
|c|☆May 20th|let's c how this goes
|inactive|wine coffee has 90 seconds left.
|
|move|p1a: Garchomp|Outrage|p2a: Gastrodon
|-damage|p2a: Gastrodon|27/100
|move|p2a: Gastrodon|Recover|p2a: Gastrodon
|-heal|p2a: Gastrodon|77/100
|
|-weather|Sandstorm|[upkeep]
|-heal|p2a: Gastrodon|83/100|[from] item: Leftovers
|upkeep
|turn|24
|c|☆May 20th|this is the worst mu 4 me
|
|move|p1a: Garchomp|Outrage|p2a: Gastrodon|[from]lockedmove
|-damage|p2a: Gastrodon|32/100
|-start|p1a: Garchomp|confusion|[fatigue]
|move|p2a: Gastrodon|Recover|p2a: Gastrodon
|-heal|p2a: Gastrodon|82/100
|
|-weather|Sandstorm|[upkeep]
|-heal|p2a: Gastrodon|88/100|[from] item: Leftovers
|upkeep
|turn|25
|
|-activate|p1a: Garchomp|confusion
|move|p1a: Garchomp|Outrage|p2a: Gastrodon
|-crit|p2a: Gastrodon
|-damage|p2a: Gastrodon|0 fnt
|faint|p2a: Gastrodon
|
|-weather|Sandstorm|[upkeep]
|upkeep
|c|☆May 20th|LOL
|
|switch|p2a: Alakazam|Alakazam, M|100/100
|turn|26
|
|-activate|p1a: Garchomp|confusion
|move|p1a: Garchomp|Outrage|p2a: Alakazam|[from]lockedmove
|-enditem|p2a: Alakazam|Focus Sash
|-damage|p2a: Alakazam|1/100
|move|p2a: Alakazam|Hidden Power|p1a: Garchomp
|-supereffective|p1a: Garchomp
|-crit|p1a: Garchomp
|-damage|p1a: Garchomp|0 fnt
|faint|p1a: Garchomp
|
|-weather|Sandstorm|[upkeep]
|upkeep
|
|switch|p1a: Tornadus|Tornadus, M|70/100 tox
|-damage|p1a: Tornadus|45/100 tox|[from] Stealth Rock
|turn|27
|
|move|p1a: Tornadus|Tailwind|p1a: Tornadus
|-sidestart|p1: wine coffee|move: Tailwind
|move|p2a: Alakazam|Psychic|p1a: Tornadus
|-damage|p1a: Tornadus|0 fnt
|faint|p1a: Tornadus
|
|-weather|Sandstorm|[upkeep]
|upkeep
|c|☆May 20th|i h8 luck
|
|switch|p1a: Salamence|Salamence, M|72/100
|-damage|p1a: Salamence|47/100|[from] Stealth Rock
|-ability|p1a: Salamence|Intimidate|boost
|-unboost|p2a: Alakazam|atk|1
|turn|28
|c|☆May 20th|i won
|c|☆May 20th|=/
|
|move|p1a: Salamence|Fire Blast|p2a: Alakazam
|-damage|p2a: Alakazam|0 fnt
|faint|p2a: Alakazam
|
|-weather|Sandstorm|[upkeep]
|-damage|p1a: Salamence|41/100|[from] Sandstorm
|-heal|p1a: Salamence|47/100|[from] item: Leftovers
|upkeep
|
|switch|p2a: Hydreigon|Hydreigon, M|100/100
|turn|29
|
|move|p1a: Salamence|Draco Meteor|p2a: Hydreigon
|-supereffective|p2a: Hydreigon
|-damage|p2a: Hydreigon|0 fnt
|-unboost|p1a: Salamence|spa|2
|faint|p2a: Hydreigon
|
|win|wine coffee
|c|☆May 20th|bg
|raw|wine coffee's rating: 1390 &rarr; <strong>1413</strong><br />(+23 for winning)
|raw|May 20th's rating: 1435 &rarr; <strong>1412</strong><br />(-23 for losing)
