|j|☆minutemaid13
|j|☆rabian
|t:|1706569933
|gametype|singles
|player|p1|minutemaid13|170|1342
|player|p2|rabian|iris-gen5bw2|1435
|teamsize|p1|6
|teamsize|p2|6
|gen|5
|tier|[Gen 5] OU
|rated|
|rule|Species Clause: Limit one of each Pokémon
|rule|OHKO Clause: OHKO moves are banned
|rule|Moody Clause: Moody is banned
|rule|Evasion Items Clause: Evasion items are banned
|rule|Evasion Moves Clause: Evasion moves are banned
|rule|Endless Battle Clause: Forcing endless battles is banned
|rule|HP Percentage Mod: HP is shown in percentages
|rule|Evasion Abilities Clause: Evasion abilities are banned
|rule|Sleep Moves Clause: Sleep-inducing moves are banned
|rule|Swagger Clause: Swagger is banned
|rule|Baton Pass Stat Clause: No Baton Passer may have a way to boost its stats
|clearpoke
|poke|p1|Skarmory, F|item
|poke|p1|Chansey, F|item
|poke|p1|Celebi|item
|poke|p1|Excadrill, F|item
|poke|p1|Heatran, M|item
|poke|p1|Keldeo|item
|poke|p2|Jolteon, M|item
|poke|p2|Ferrothorn, F|item
|poke|p2|Politoed, M|item
|poke|p2|Gyarados, M|item
|poke|p2|Toxicroak, M|item
|poke|p2|Tentacruel, F|item
|teampreview
|c|☆rabian|glhf!
|c|☆rabian|small pokemon
|c|☆rabian|nice
|c|☆rabian|but tough pokemon
|c|☆rabian|very tough pokemon
|
|t:|1706569969
|start
|switch|p1a: Heatran|Heatran, M|100/100
|switch|p2a: Weather Setter|Politoed, M|100/100
|-weather|RainDance|[from] ability: Drizzle|[of] p2a: Weather Setter
|turn|1
|
|t:|1706569979
|switch|p1a: Celebi|Celebi|100/100
|move|p2a: Weather Setter|Surf|p1a: Celebi
|-resisted|p1a: Celebi
|-damage|p1a: Celebi|81/100
|
|-weather|RainDance|[upkeep]
|-heal|p1a: Celebi|87/100|[from] item: Leftovers
|upkeep
|turn|2
|
|t:|1706569988
|move|p1a: Celebi|Psychic|p2a: Weather Setter
|-damage|p2a: Weather Setter|78/100
|move|p2a: Weather Setter|Toxic|p1a: Celebi
|-status|p1a: Celebi|tox
|
|-weather|RainDance|[upkeep]
|-heal|p1a: Celebi|94/100 tox|[from] item: Leftovers
|-heal|p2a: Weather Setter|85/100|[from] item: Leftovers
|-damage|p1a: Celebi|87/100 tox|[from] psn
|upkeep
|turn|3
|
|t:|1706570009
|switch|p2a: Wall|Ferrothorn, F|100/100
|move|p1a: Celebi|Giga Drain|p2a: Wall
|-resisted|p2a: Wall
|-damage|p2a: Wall|95/100
|-heal|p1a: Celebi|89/100 tox|[from] drain|[of] p2a: Wall
|
|-weather|RainDance|[upkeep]
|-heal|p1a: Celebi|96/100 tox|[from] item: Leftovers
|-heal|p2a: Wall|100/100|[from] item: Leftovers
|-damage|p1a: Celebi|83/100 tox|[from] psn
|upkeep
|turn|4
|
|t:|1706570024
|-curestatus|p1a: Celebi|tox|[from] ability: Natural Cure
|switch|p1a: Excadrill|Excadrill, F|100/100
|move|p2a: Wall|Stealth Rock|p1a: Excadrill
|-sidestart|p1: minutemaid13|move: Stealth Rock
|
|-weather|RainDance|[upkeep]
|upkeep
|turn|5
|
|t:|1706570031
|move|p1a: Excadrill|Earthquake|p2a: Wall
|-damage|p2a: Wall|57/100
|move|p2a: Wall|Leech Seed|p1a: Excadrill
|-start|p1a: Excadrill|move: Leech Seed
|
|-weather|RainDance|[upkeep]
|-heal|p2a: Wall|63/100|[from] item: Leftovers
|-damage|p1a: Excadrill|88/100|[from] Leech Seed|[of] p2a: Wall
|-heal|p2a: Wall|81/100|[silent]
|upkeep
|turn|6
|
|t:|1706570039
|move|p1a: Excadrill|Rapid Spin|p2a: Wall
|-resisted|p2a: Wall
|-damage|p2a: Wall|78/100
|-damage|p1a: Excadrill|76/100|[from] ability: Iron Barbs|[of] p2a: Wall
|-end|p1a: Excadrill|Leech Seed|[from] move: Rapid Spin|[of] p1a: Excadrill
|-sideend|p1: minutemaid13|Stealth Rock|[from] move: Rapid Spin|[of] p1a: Excadrill
|move|p2a: Wall|Leech Seed|p1a: Excadrill
|-start|p1a: Excadrill|move: Leech Seed
|
|-weather|RainDance|[upkeep]
|-heal|p2a: Wall|84/100|[from] item: Leftovers
|-damage|p1a: Excadrill|64/100|[from] Leech Seed|[of] p2a: Wall
|-heal|p2a: Wall|100/100|[silent]
|upkeep
|turn|7
|
|t:|1706570051
|move|p1a: Excadrill|Earthquake|p2a: Wall
|-damage|p2a: Wall|59/100
|move|p2a: Wall|Giga Drain|p1a: Excadrill
|-damage|p1a: Excadrill|44/100
|-heal|p2a: Wall|73/100|[from] drain|[of] p1a: Excadrill
|
|-weather|RainDance|[upkeep]
|-heal|p2a: Wall|79/100|[from] item: Leftovers
|-damage|p1a: Excadrill|32/100|[from] Leech Seed|[of] p2a: Wall
|-heal|p2a: Wall|97/100|[silent]
|upkeep
|turn|8
|
|t:|1706570066
|move|p1a: Excadrill|Rest|p1a: Excadrill
|-status|p1a: Excadrill|slp|[from] move: Rest
|-heal|p1a: Excadrill|100/100 slp|[silent]
|-enditem|p1a: Excadrill|Chesto Berry|[eat]
|-curestatus|p1a: Excadrill|slp|[msg]
|move|p2a: Wall|Leech Seed||[still]
|-fail|p2a: Wall
|
|-weather|RainDance|[upkeep]
|-heal|p2a: Wall|100/100|[from] item: Leftovers
|-damage|p1a: Excadrill|88/100|[from] Leech Seed|[of] p2a: Wall
|upkeep
|turn|9
|
|t:|1706570089
|switch|p1a: Skarmory|Skarmory, F|100/100
|move|p2a: Wall|Giga Drain|p1a: Skarmory
|-resisted|p1a: Skarmory
|-damage|p1a: Skarmory|97/100
|
|-weather|RainDance|[upkeep]
|-heal|p1a: Skarmory|100/100|[from] item: Leftovers
|upkeep
|turn|10
|
|t:|1706570098
|switch|p2a: Just A Magikarp|Gyarados, M, shiny|100/100
|-ability|p2a: Just A Magikarp|Intimidate|boost
|-unboost|p1a: Skarmory|atk|1
|move|p1a: Skarmory|Spikes|p2a: Just A Magikarp
|-sidestart|p2: rabian|Spikes
|
|-weather|RainDance|[upkeep]
|upkeep
|turn|11
|
|t:|1706570107
|move|p2a: Just A Magikarp|Waterfall|p1a: Skarmory
|-damage|p1a: Skarmory|59/100
|cant|p1a: Skarmory|flinch
|
|-weather|RainDance|[upkeep]
|-heal|p1a: Skarmory|65/100|[from] item: Leftovers
|upkeep
|turn|12
|
|t:|1706570113
|move|p2a: Just A Magikarp|Waterfall|p1a: Skarmory
|-damage|p1a: Skarmory|25/100
|move|p1a: Skarmory|Roost|p1a: Skarmory
|-heal|p1a: Skarmory|75/100
|-singleturn|p1a: Skarmory|move: Roost
|
|-weather|RainDance|[upkeep]
|-heal|p1a: Skarmory|81/100|[from] item: Leftovers
|upkeep
|turn|13
|c|☆rabian|sorry for flinchax
|
|t:|1706570143
|move|p2a: Just A Magikarp|Dragon Dance|p2a: Just A Magikarp
|-boost|p2a: Just A Magikarp|atk|1
|-boost|p2a: Just A Magikarp|spe|1
|move|p1a: Skarmory|Roost|p1a: Skarmory
|-heal|p1a: Skarmory|100/100
|-singleturn|p1a: Skarmory|move: Roost
|
|-weather|RainDance|[upkeep]
|upkeep
|turn|14
|
|t:|1706570151
|move|p2a: Just A Magikarp|Waterfall|p1a: Skarmory
|-damage|p1a: Skarmory|33/100
|cant|p1a: Skarmory|flinch
|
|-weather|RainDance|[upkeep]
|-heal|p1a: Skarmory|39/100|[from] item: Leftovers
|upkeep
|turn|15
|c|☆rabian|oh god
|c|☆rabian|sorry
|c|☆rabian|real bad flinchax
|
|t:|1706570186
|move|p2a: Just A Magikarp|Waterfall|p1a: Skarmory
|-damage|p1a: Skarmory|0 fnt
|faint|p1a: Skarmory
|
|-weather|RainDance|[upkeep]
|upkeep
|
|t:|1706570198
|switch|p1a: Celebi|Celebi|83/100
|turn|16
|
|t:|1706570205
|move|p2a: Just A Magikarp|Substitute|p2a: Just A Magikarp
|-start|p2a: Just A Magikarp|Substitute
|-damage|p2a: Just A Magikarp|76/100
|move|p1a: Celebi|Psychic|p2a: Just A Magikarp
|-end|p2a: Just A Magikarp|Substitute
|
|-weather|RainDance|[upkeep]
|-heal|p2a: Just A Magikarp|82/100|[from] item: Leftovers
|-heal|p1a: Celebi|89/100|[from] item: Leftovers
|upkeep
|turn|17
|
|t:|1706570213
|move|p2a: Just A Magikarp|Dragon Dance|p2a: Just A Magikarp
|-boost|p2a: Just A Magikarp|atk|1
|-boost|p2a: Just A Magikarp|spe|1
|move|p1a: Celebi|Psychic|p2a: Just A Magikarp
|-damage|p2a: Just A Magikarp|55/100
|
|-weather|RainDance|[upkeep]
|-heal|p2a: Just A Magikarp|61/100|[from] item: Leftovers
|-heal|p1a: Celebi|96/100|[from] item: Leftovers
|upkeep
|turn|18
|
|t:|1706570222
|move|p2a: Just A Magikarp|Waterfall|p1a: Celebi
|-resisted|p1a: Celebi
|-crit|p1a: Celebi
|-damage|p1a: Celebi|32/100
|cant|p1a: Celebi|flinch
|
|-weather|RainDance|[upkeep]
|-heal|p2a: Just A Magikarp|67/100|[from] item: Leftovers
|-heal|p1a: Celebi|38/100|[from] item: Leftovers
|upkeep
|turn|19
|c|☆rabian|oh dear god
|c|☆rabian|this isn't fair
|
|t:|1706570233
|move|p2a: Just A Magikarp|Waterfall|p1a: Celebi
|-resisted|p1a: Celebi
|-damage|p1a: Celebi|4/100
|cant|p1a: Celebi|flinch
|
|-weather|RainDance|[upkeep]
|-heal|p2a: Just A Magikarp|73/100|[from] item: Leftovers
|-heal|p1a: Celebi|10/100|[from] item: Leftovers
|upkeep
|turn|20
|c|☆rabian|jesus christ
|-message|minutemaid13 forfeited.
|
|win|rabian
|raw|minutemaid13's rating: 1342 &rarr; <strong>1327</strong><br />(-15 for losing)
|raw|rabian's rating: 1435 &rarr; <strong>1450</strong><br />(+15 for winning)
|l|☆rabian
|player|p2|
