|j|☆seanb143
|j|☆affksl1
|t:|1716411215
|gametype|singles
|player|p1|seanb143|emmet|1377
|player|p2|affksl1|pokemaniac-gen3rs|1434
|teamsize|p1|6
|teamsize|p2|6
|gen|5
|tier|[Gen 5] OU
|rated|
|rule|Species Clause: Limit one of each Pokémon
|rule|OHKO Clause: OHKO moves are banned
|rule|Moody Clause: Moody is banned
|rule|Evasion Items Clause: Evasion items are banned
|rule|Evasion Moves Clause: Evasion moves are banned
|rule|Endless Battle Clause: Forcing endless battles is banned
|rule|HP Percentage Mod: HP is shown in percentages
|rule|Evasion Abilities Clause: Evasion abilities are banned
|rule|Sleep Moves Clause: Sleep-inducing moves are banned
|rule|Swagger Clause: Swagger is banned
|rule|Baton Pass Stat Clause: No Baton Passer may have a way to boost its stats
|clearpoke
|poke|p1|Xatu, M|item
|poke|p1|Abomasnow, M|item
|poke|p1|Kyurem-Black|item
|poke|p1|Jellicent, F|item
|poke|p1|Landorus-Therian, M|item
|poke|p1|Mienshao, F|item
|poke|p2|Bronzong|item
|poke|p2|Gallade, M|item
|poke|p2|Jellicent, M|item
|poke|p2|Conkeldurr, F|item
|poke|p2|Reuniclus, M|item
|poke|p2|Dragonite, M|item
|teampreview
|inactive|Battle timer is ON: inactive players will automatically lose when time's up. (requested by affksl1)
|inactive|seanb143 also wants the timer to be on.
|
|t:|1716411222
|start
|switch|p1a: Mienshao|Mienshao, F, shiny|100/100
|switch|p2a: Bronzong|Bronzong|100/100
|turn|1
|
|t:|1716411233
|move|p1a: Mienshao|Fake Out|p2a: Bronzong
|-resisted|p2a: Bronzong
|-damage|p2a: Bronzong|92/100
|-damage|p1a: Mienshao|91/100|[from] item: Life Orb
|cant|p2a: Bronzong|flinch
|
|upkeep
|turn|2
|
|t:|1716411237
|move|p1a: Mienshao|U-turn|p2a: Bronzong
|-damage|p2a: Bronzong|66/100
|-damage|p1a: Mienshao|81/100|[from] item: Life Orb
|
|t:|1716411242
|switch|p1a: Xatu|Xatu, M, shiny|100/100|[from] U-turn
|move|p2a: Bronzong|Trick|p1a: Xatu
|-activate|p2a: Bronzong|move: Trick|[of] p1a: Xatu
|-item|p1a: Xatu|Mental Herb|[from] move: Trick
|-item|p2a: Bronzong|Rocky Helmet|[from] move: Trick
|
|upkeep
|turn|3
|
|t:|1716411248
|move|p1a: Xatu|Reflect|p1a: Xatu
|-sidestart|p1: seanb143|Reflect
|move|p2a: Bronzong|Trick Room|p2a: Bronzong
|-fieldstart|move: Trick Room|[of] p2a: Bronzong
|
|upkeep
|turn|4
|
|t:|1716411259
|switch|p2a: Jellicent|Jellicent, M|100/100
|-item|p2a: Jellicent|Air Balloon
|move|p1a: Xatu|Night Shade|p2a: Jellicent
|-damage|p2a: Jellicent|76/100
|-enditem|p2a: Jellicent|Air Balloon
|
|upkeep
|turn|5
|
|t:|1716411263
|move|p2a: Jellicent|Shadow Ball|p1a: Xatu
|-supereffective|p1a: Xatu
|-damage|p1a: Xatu|0 fnt
|faint|p1a: Xatu
|
|upkeep
|
|t:|1716411267
|switch|p1a: Abomasnow|Abomasnow, M, shiny|100/100
|-weather|Hail|[from] ability: Snow Warning|[of] p1a: Abomasnow
|turn|6
|inactive|affksl1 has 120 seconds left.
|
|t:|1716411299
|switch|p2a: Bronzong|Bronzong|66/100
|move|p1a: Abomasnow|Wood Hammer|p2a: Bronzong
|-resisted|p2a: Bronzong
|-damage|p2a: Bronzong|41/100
|-damage|p1a: Abomasnow|84/100|[from] item: Rocky Helmet|[of] p2a: Bronzong
|-damage|p1a: Abomasnow|76/100|[from] Recoil
|
|-weather|Hail|[upkeep]
|-damage|p2a: Bronzong|35/100|[from] Hail
|-heal|p1a: Abomasnow|82/100|[from] item: Leftovers
|upkeep
|turn|7
|
|t:|1716411310
|move|p2a: Bronzong|Stealth Rock|p1a: Abomasnow
|-sidestart|p1: seanb143|move: Stealth Rock
|move|p1a: Abomasnow|Wood Hammer|p2a: Bronzong
|-resisted|p2a: Bronzong
|-crit|p2a: Bronzong
|-damage|p2a: Bronzong|0 fnt
|-damage|p1a: Abomasnow|66/100|[from] item: Rocky Helmet|[of] p2a: Bronzong
|faint|p2a: Bronzong
|-damage|p1a: Abomasnow|55/100|[from] Recoil
|
|-weather|Hail|[upkeep]
|-heal|p1a: Abomasnow|61/100|[from] item: Leftovers
|-sideend|p1: seanb143|Reflect
|-fieldend|move: Trick Room
|upkeep
|inactive|affksl1 has 120 seconds left.
|
|t:|1716411330
|switch|p2a: Conkeldurr|Conkeldurr, F|100/100
|turn|8
|
|t:|1716411332
|move|p1a: Abomasnow|Leech Seed|p2a: Conkeldurr|[miss]
|-miss|p1a: Abomasnow|p2a: Conkeldurr
|move|p2a: Conkeldurr|Ice Punch|p1a: Abomasnow
|-crit|p1a: Abomasnow
|-damage|p1a: Abomasnow|0 fnt
|faint|p1a: Abomasnow
|-damage|p2a: Conkeldurr|91/100|[from] item: Life Orb
|
|-weather|Hail|[upkeep]
|-damage|p2a: Conkeldurr|85/100|[from] Hail
|upkeep
|
|t:|1716411335
|switch|p1a: Landorus|Landorus-Therian, M, shiny|100/100
|-damage|p1a: Landorus|88/100|[from] Stealth Rock
|-ability|p1a: Landorus|Intimidate|boost
|-unboost|p2a: Conkeldurr|atk|1
|turn|9
|
|t:|1716411358
|move|p1a: Landorus|U-turn|p2a: Conkeldurr
|-resisted|p2a: Conkeldurr
|-damage|p2a: Conkeldurr|74/100
|
|t:|1716411361
|switch|p1a: Jellicent|Jellicent, F, shiny|100/100|[from] U-turn
|-damage|p1a: Jellicent|88/100|[from] Stealth Rock
|move|p2a: Conkeldurr|Thunder Punch|p1a: Jellicent
|-supereffective|p1a: Jellicent
|-damage|p1a: Jellicent|24/100
|-damage|p2a: Conkeldurr|64/100|[from] item: Life Orb
|
|-weather|Hail|[upkeep]
|-damage|p1a: Jellicent|17/100|[from] Hail
|-damage|p2a: Conkeldurr|58/100|[from] Hail
|-heal|p1a: Jellicent|24/100|[from] item: Leftovers
|upkeep
|turn|10
|
|t:|1716411366
|move|p1a: Jellicent|Night Shade|p2a: Conkeldurr
|-damage|p2a: Conkeldurr|34/100
|move|p2a: Conkeldurr|Thunder Punch|p1a: Jellicent
|-supereffective|p1a: Jellicent
|-damage|p1a: Jellicent|0 fnt
|faint|p1a: Jellicent
|-damage|p2a: Conkeldurr|24/100|[from] item: Life Orb
|
|-weather|Hail|[upkeep]
|-damage|p2a: Conkeldurr|18/100|[from] Hail
|upkeep
|
|t:|1716411369
|switch|p1a: Mienshao|Mienshao, F, shiny|100/100
|-damage|p1a: Mienshao|95/100|[from] Stealth Rock
|turn|11
|
|t:|1716411378
|switch|p2a: Jellicent|Jellicent, M|76/100
|move|p1a: Mienshao|Fake Out|p2a: Jellicent
|-immune|p2a: Jellicent
|
|-weather|Hail|[upkeep]
|-damage|p1a: Mienshao|89/100|[from] Hail
|-damage|p2a: Jellicent|70/100|[from] Hail
|upkeep
|turn|12
|
|t:|1716411380
|move|p1a: Mienshao|U-turn|p2a: Jellicent
|-resisted|p2a: Jellicent
|-damage|p2a: Jellicent|53/100
|-damage|p1a: Mienshao|79/100|[from] item: Life Orb
|
|t:|1716411383
|switch|p1a: Kyurem|Kyurem-Black, shiny|100/100|[from] U-turn
|-damage|p1a: Kyurem|76/100|[from] Stealth Rock
|-ability|p1a: Kyurem|Teravolt
|move|p2a: Jellicent|Trick Room|p2a: Jellicent
|-fieldstart|move: Trick Room|[of] p2a: Jellicent
|
|-weather|Hail|[upkeep]
|-damage|p2a: Jellicent|47/100|[from] Hail
|upkeep
|turn|13
|
|t:|1716411389
|move|p2a: Jellicent|Shadow Ball|p1a: Kyurem
|-damage|p1a: Kyurem|41/100
|move|p1a: Kyurem|Fusion Bolt|p2a: Jellicent
|-supereffective|p2a: Jellicent
|-damage|p2a: Jellicent|0 fnt
|faint|p2a: Jellicent
|
|-weather|Hail|[upkeep]
|upkeep
|
|t:|1716411392
|switch|p2a: Conkeldurr|Conkeldurr, F|18/100
|turn|14
|
|t:|1716411395
|switch|p1a: Landorus|Landorus-Therian, M, shiny|88/100
|-damage|p1a: Landorus|76/100|[from] Stealth Rock
|-ability|p1a: Landorus|Intimidate|boost
|-unboost|p2a: Conkeldurr|atk|1
|move|p2a: Conkeldurr|Drain Punch|p1a: Landorus
|-resisted|p1a: Landorus
|-damage|p1a: Landorus|47/100
|-heal|p2a: Conkeldurr|29/100|[from] drain|[of] p1a: Landorus
|-damage|p2a: Conkeldurr|19/100|[from] item: Life Orb
|
|-weather|Hail|[upkeep]
|-damage|p2a: Conkeldurr|13/100|[from] Hail
|-damage|p1a: Landorus|41/100|[from] Hail
|-heal|p1a: Landorus|47/100|[from] item: Leftovers
|upkeep
|turn|15
|
|t:|1716411404
|move|p2a: Conkeldurr|Ice Punch|p1a: Landorus
|-supereffective|p1a: Landorus
|-damage|p1a: Landorus|0 fnt
|faint|p1a: Landorus
|-damage|p2a: Conkeldurr|3/100|[from] item: Life Orb
|
|-weather|Hail|[upkeep]
|-damage|p2a: Conkeldurr|0 fnt|[from] Hail
|faint|p2a: Conkeldurr
|upkeep
|
|t:|1716411412
|switch|p2a: Gallade|Gallade, M|100/100
|switch|p1a: Mienshao|Mienshao, F, shiny|100/100
|-damage|p1a: Mienshao|95/100|[from] Stealth Rock
|turn|16
|
|t:|1716411417
|move|p1a: Mienshao|Fake Out|p2a: Gallade
|-damage|p2a: Gallade|74/100
|-damage|p1a: Mienshao|85/100|[from] item: Life Orb
|cant|p2a: Gallade|flinch
|
|-weather|Hail|[upkeep]
|-damage|p2a: Gallade|67/100|[from] Hail
|-damage|p1a: Mienshao|79/100|[from] Hail
|-fieldend|move: Trick Room
|upkeep
|turn|17
|
|t:|1716411421
|move|p1a: Mienshao|U-turn|p2a: Gallade
|-damage|p2a: Gallade|25/100
|-damage|p1a: Mienshao|69/100|[from] item: Life Orb
|
|t:|1716411424
|switch|p1a: Kyurem|Kyurem-Black, shiny|41/100|[from] U-turn
|-damage|p1a: Kyurem|16/100|[from] Stealth Rock
|-ability|p1a: Kyurem|Teravolt
|move|p2a: Gallade|Trick Room|p2a: Gallade
|-fieldstart|move: Trick Room|[of] p2a: Gallade
|
|-weather|Hail|[upkeep]
|-damage|p2a: Gallade|19/100|[from] Hail
|upkeep
|turn|18
|
|t:|1716411427
|move|p2a: Gallade|Close Combat|p1a: Kyurem
|-supereffective|p1a: Kyurem
|-damage|p1a: Kyurem|0 fnt
|-unboost|p2a: Gallade|def|1
|-unboost|p2a: Gallade|spd|1
|faint|p1a: Kyurem
|-damage|p2a: Gallade|9/100|[from] item: Life Orb
|
|-weather|Hail|[upkeep]
|-damage|p2a: Gallade|3/100|[from] Hail
|upkeep
|
|t:|1716411429
|switch|p1a: Mienshao|Mienshao, F, shiny|100/100
|-damage|p1a: Mienshao|95/100|[from] Stealth Rock
|turn|19
|
|t:|1716411431
|move|p1a: Mienshao|Fake Out|p2a: Gallade
|-damage|p2a: Gallade|0 fnt
|faint|p2a: Gallade
|-damage|p1a: Mienshao|85/100|[from] item: Life Orb
|
|-weather|Hail|[upkeep]
|-damage|p1a: Mienshao|79/100|[from] Hail
|upkeep
|
|t:|1716411433
|switch|p2a: Reuniclus|Reuniclus, M|100/100
|turn|20
|
|t:|1716411436
|move|p2a: Reuniclus|Psyshock|p1a: Mienshao
|-supereffective|p1a: Mienshao
|-damage|p1a: Mienshao|0 fnt
|faint|p1a: Mienshao
|
|win|affksl1
|raw|seanb143's rating: 1377 &rarr; <strong>1361</strong><br />(-16 for losing)
|raw|affksl1's rating: 1448 &rarr; <strong>1464</strong><br />(+16 for winning)
|l|☆seanb143
|player|p1|
