|j|☆Lancer MK
|j|☆LTEZ 1/4os
|player|p1|Lancer MK|tucker-gen3
|player|p2|LTEZ 1/4os|224
|teamsize|p1|6
|teamsize|p2|6
|gametype|singles
|gen|5
|tier|[Gen 5] OU
|rated|
|rule|Sleep Clause Mod: Limit one foe put to sleep
|rule|Species Clause: Limit one of each Pokémon
|rule|OHKO Clause: OHKO moves are banned
|rule|Moody Clause: Moody is banned
|rule|Evasion Moves Clause: Evasion moves are banned
|rule|Endless Battle Clause: Forcing endless battles is banned
|rule|HP Percentage Mod: HP is shown in percentages
|rule|Evasion Abilities Clause: Evasion abilities are banned
|rule|Baton Pass Clause: Limit one Baton Passer, can't pass Spe and other stats simultaneously
|rule|Swagger Clause: Swagger is banned
|clearpoke
|poke|p1|Conkeldurr, M|item
|poke|p1|Espeon, F|item
|poke|p1|Cloyster, M|item
|poke|p1|Landorus-Therian, M|item
|poke|p1|Empoleon, M|item
|poke|p1|Scizor, M|item
|poke|p2|Breloom, F|item
|poke|p2|Volcarona, M|item
|poke|p2|Garchomp, F|item
|poke|p2|Starmie|item
|poke|p2|Gyarados, F|item
|poke|p2|Jirachi|item
|teampreview
|inactive|Battle timer is ON: inactive players will automatically lose when time's up. (requested by Lancer MK)
|
|start
|switch|p1a: Landorus|Landorus-Therian, M|100/100
|switch|p2a: Starmie|Starmie|100/100
|-ability|p1a: Landorus|Intimidate|boost
|-unboost|p2a: Starmie|atk|1
|turn|1
|
|move|p2a: Starmie|Ice Beam|p1a: Landorus
|-supereffective|p1a: Landorus
|-enditem|p1a: Landorus|Focus Sash
|-damage|p1a: Landorus|1/100
|-damage|p2a: Starmie|91/100|[from] item: Life Orb
|move|p1a: Landorus|Stealth Rock|p2a: Starmie
|-sidestart|p2: LTEZ 1/4os|move: Stealth Rock
|
|upkeep
|turn|2
|
|switch|p1a: Espeon|Espeon, F|100/100
|move|p2a: Starmie|Rapid Spin|p1a: Espeon
|-damage|p1a: Espeon|95/100
|-sideend|p2: LTEZ 1/4os|Stealth Rock|[from] move: Rapid Spin|[of] p2a: Starmie
|-damage|p2a: Starmie|81/100|[from] item: Life Orb
|
|upkeep
|turn|3
|inactive|LTEZ 1/4os has 120 seconds left.
|
|switch|p2a: Jirachi|Jirachi|100/100
|move|p1a: Espeon|Light Screen|p1a: Espeon
|-sidestart|p1: Lancer MK|move: Light Screen
|
|upkeep
|turn|4
|
|move|p2a: Jirachi|U-turn|p1a: Espeon
|-supereffective|p1a: Espeon
|-damage|p1a: Espeon|29/100
|inactive|LTEZ 1/4os has 120 seconds left.
|
|switch|p2a: Gyarados|Gyarados, F|100/100
|-ability|p2a: Gyarados|Intimidate|boost
|-unboost|p1a: Espeon|atk|1
|move|p1a: Espeon|Reflect|p1a: Espeon
|-sidestart|p1: Lancer MK|Reflect
|
|upkeep
|turn|5
|
|move|p1a: Espeon|Baton Pass|p1a: Espeon
|
|switch|p1a: Cloyster|Cloyster, M, shiny|100/100
|move|p2a: Gyarados|Dragon Dance|p2a: Gyarados
|-boost|p2a: Gyarados|atk|1
|-boost|p2a: Gyarados|spe|1
|
|upkeep
|turn|6
|
|move|p2a: Gyarados|Bounce||[still]
|-prepare|p2a: Gyarados|Bounce|p1a: Cloyster
|move|p1a: Cloyster|Shell Smash|p1a: Cloyster
|-unboost|p1a: Cloyster|def|1
|-unboost|p1a: Cloyster|spd|1
|-boost|p1a: Cloyster|atk|2
|-boost|p1a: Cloyster|spa|2
|-boost|p1a: Cloyster|spe|2
|
|upkeep
|turn|7
|
|move|p1a: Cloyster|Shell Smash|p1a: Cloyster
|-unboost|p1a: Cloyster|def|1
|-unboost|p1a: Cloyster|spd|1
|-boost|p1a: Cloyster|atk|2
|-boost|p1a: Cloyster|spa|2
|-boost|p1a: Cloyster|spe|2
|move|p2a: Gyarados|Bounce|p1a: Cloyster|[from]lockedmove
|-damage|p1a: Cloyster|44/100
|
|upkeep
|turn|8
|
|move|p1a: Cloyster|Icicle Spear|p2a: Gyarados
|-damage|p2a: Gyarados|68/100
|-damage|p2a: Gyarados|30/100
|-crit|p2a: Gyarados
|-damage|p2a: Gyarados|0 fnt
|-hitcount|p2a: Gyarados|3
|faint|p2a: Gyarados
|
|upkeep
|
|switch|p2a: Breloom|Breloom, F|100/100
|turn|9
|
|move|p1a: Cloyster|Ice Shard|p2a: Breloom
|-supereffective|p2a: Breloom
|-damage|p2a: Breloom|0 fnt
|faint|p2a: Breloom
|
|upkeep
|
|switch|p2a: Jirachi|Jirachi|100/100
|turn|10
|
|move|p1a: Cloyster|Icicle Spear|p2a: Jirachi
|-resisted|p2a: Jirachi
|-damage|p2a: Jirachi|87/100
|-resisted|p2a: Jirachi
|-damage|p2a: Jirachi|74/100
|-resisted|p2a: Jirachi
|-damage|p2a: Jirachi|59/100
|-resisted|p2a: Jirachi
|-damage|p2a: Jirachi|44/100
|-resisted|p2a: Jirachi
|-damage|p2a: Jirachi|30/100
|-hitcount|p2a: Jirachi|5
|move|p2a: Jirachi|Iron Head|p1a: Cloyster
|-damage|p1a: Cloyster|13/100
|
|-sideend|p1: Lancer MK|move: Light Screen
|upkeep
|turn|11
|
|move|p1a: Cloyster|Icicle Spear|p2a: Jirachi
|-resisted|p2a: Jirachi
|-damage|p2a: Jirachi|15/100
|-resisted|p2a: Jirachi
|-damage|p2a: Jirachi|2/100
|-resisted|p2a: Jirachi
|-damage|p2a: Jirachi|0 fnt
|-hitcount|p2a: Jirachi|3
|faint|p2a: Jirachi
|
|-sideend|p1: Lancer MK|Reflect
|upkeep
|inactive|LTEZ 1/4os has 120 seconds left.
|
|switch|p2a: Volcarona|Volcarona, M|100/100
|turn|12
|
|switch|p2a: Garchomp|Garchomp, F|100/100
|move|p1a: Cloyster|Icicle Spear|p2a: Garchomp
|-supereffective|p2a: Garchomp
|-enditem|p2a: Garchomp|Focus Sash
|-damage|p2a: Garchomp|1/100
|-supereffective|p2a: Garchomp
|-damage|p2a: Garchomp|0 fnt
|-hitcount|p2a: Garchomp|2
|faint|p2a: Garchomp
|
|upkeep
|inactive|LTEZ 1/4os has 120 seconds left.
|
|switch|p2a: Volcarona|Volcarona, M|100/100
|turn|13
|
|move|p1a: Cloyster|Icicle Spear|p2a: Volcarona
|-resisted|p2a: Volcarona
|-damage|p2a: Volcarona|80/100
|-resisted|p2a: Volcarona
|-damage|p2a: Volcarona|58/100
|-resisted|p2a: Volcarona
|-damage|p2a: Volcarona|37/100
|-resisted|p2a: Volcarona
|-crit|p2a: Volcarona
|-damage|p2a: Volcarona|0 fnt
|-hitcount|p2a: Volcarona|4
|faint|p2a: Volcarona
|
|upkeep
|
|switch|p2a: Starmie|Starmie|81/100
|turn|14
|
|move|p1a: Cloyster|Icicle Spear|p2a: Starmie
|-resisted|p2a: Starmie
|-damage|p2a: Starmie|58/100
|-resisted|p2a: Starmie
|-damage|p2a: Starmie|35/100
|-resisted|p2a: Starmie
|-damage|p2a: Starmie|15/100
|-resisted|p2a: Starmie
|-damage|p2a: Starmie|0 fnt
|-hitcount|p2a: Starmie|4
|faint|p2a: Starmie
|
|win|Lancer MK
|raw|Lancer MK's rating: 1348 &rarr; <strong>1367</strong><br />(+19 for winning)
|raw|LTEZ 1&#x2f;4os's rating: 1341 &rarr; <strong>1322</strong><br />(-19 for losing)
