|j|☆Croaset
|j|‽MegaStarUniverse
|t:|1726351851
|gametype|singles
|player|p1|Croaset|2|1313
|player|p2|MegaStarUniverse|nate|1395
|teamsize|p1|6
|teamsize|p2|6
|gen|5
|tier|[Gen 5] OU
|rated|
|rule|Species Clause: Limit one of each Pokémon
|rule|OHKO Clause: OHKO moves are banned
|rule|Moody Clause: Moody is banned
|rule|Evasion Items Clause: Evasion items are banned
|rule|Evasion Moves Clause: Evasion moves are banned
|rule|Endless Battle Clause: Forcing endless battles is banned
|rule|HP Percentage Mod: HP is shown in percentages
|rule|Evasion Abilities Clause: Evasion abilities are banned
|rule|Sleep Moves Clause: Sleep-inducing moves are banned
|rule|Swagger Clause: Swagger is banned
|rule|Baton Pass Stat Clause: No Baton Passer may have a way to boost its stats
|clearpoke
|poke|p1|Reuniclus, M|item
|poke|p1|Skarmory, F|item
|poke|p1|Latios, M|item
|poke|p1|Tyranitar, M|item
|poke|p1|Cofagrigus, F|item
|poke|p1|Clefable, F|item
|poke|p2|Tyranitar, F|item
|poke|p2|Landorus-Therian, M|item
|poke|p2|Keldeo|item
|poke|p2|Latios, M|item
|poke|p2|Jirachi|item
|poke|p2|Garchomp, F|item
|teampreview
|inactive|Battle timer is ON: inactive players will automatically lose when time's up. (requested by MegaStarUniverse)
|
|t:|1726351868
|start
|switch|p1a: Cofagrigus|Cofagrigus, F, shiny|100/100
|switch|p2a: Jirachi|Jirachi|100/100
|turn|1
|j| chomp bait
|
|t:|1726351876
|move|p2a: Jirachi|Psychic|p1a: Cofagrigus
|-damage|p1a: Cofagrigus|61/100
|move|p1a: Cofagrigus|Will-O-Wisp|p2a: Jirachi
|-status|p2a: Jirachi|brn
|
|-heal|p1a: Cofagrigus|67/100|[from] item: Leftovers
|-damage|p2a: Jirachi|88/100 brn|[from] brn
|upkeep
|turn|2
|
|t:|1726351883
|move|p2a: Jirachi|Psychic|p1a: Cofagrigus
|-damage|p1a: Cofagrigus|30/100
|move|p1a: Cofagrigus|Pain Split|p2a: Jirachi
|-sethp|p2a: Jirachi|58/100 brn|[from] move: Pain Split|[silent]
|-sethp|p1a: Cofagrigus|63/100|[from] move: Pain Split
|
|-heal|p1a: Cofagrigus|70/100|[from] item: Leftovers
|-damage|p2a: Jirachi|46/100 brn|[from] brn
|upkeep
|turn|3
|
|t:|1726351890
|move|p2a: Jirachi|Psychic|p1a: Cofagrigus
|-damage|p1a: Cofagrigus|29/100
|move|p1a: Cofagrigus|Knock Off|p2a: Jirachi
|-damage|p2a: Jirachi|43/100 brn
|-enditem|p2a: Jirachi|Shuca Berry|[from] move: Knock Off|[of] p1a: Cofagrigus
|
|-heal|p1a: Cofagrigus|35/100|[from] item: Leftovers
|-damage|p2a: Jirachi|31/100 brn|[from] brn
|upkeep
|turn|4
|
|t:|1726351915
|switch|p1a: Tyranitar|Tyranitar, M|100/100
|-weather|Sandstorm|[from] ability: Sand Stream|[of] p1a: Tyranitar
|move|p2a: Jirachi|Energy Ball|p1a: Tyranitar
|-supereffective|p1a: Tyranitar
|-damage|p1a: Tyranitar|81/100
|
|-weather|Sandstorm|[upkeep]
|-damage|p2a: Jirachi|18/100 brn|[from] brn
|upkeep
|turn|5
|
|t:|1726351919
|switch|p1a: Skarmory|Skarmory, F|100/100
|move|p2a: Jirachi|Energy Ball|p1a: Skarmory
|-resisted|p1a: Skarmory
|-damage|p1a: Skarmory|93/100
|
|-weather|Sandstorm|[upkeep]
|-heal|p1a: Skarmory|99/100|[from] item: Leftovers
|-damage|p2a: Jirachi|6/100 brn|[from] brn
|upkeep
|turn|6
|
|t:|1726351923
|move|p2a: Jirachi|Hidden Power|p1a: Skarmory
|-supereffective|p1a: Skarmory
|-damage|p1a: Skarmory|42/100
|move|p1a: Skarmory|Stealth Rock|p2a: Jirachi
|-sidestart|p2: MegaStarUniverse|move: Stealth Rock
|
|-weather|Sandstorm|[upkeep]
|-heal|p1a: Skarmory|48/100|[from] item: Leftovers
|-damage|p2a: Jirachi|0 fnt|[from] brn
|faint|p2a: Jirachi
|upkeep
|
|t:|1726351928
|switch|p2a: Tyranitar|Tyranitar, F|100/100
|-damage|p2a: Tyranitar|88/100|[from] Stealth Rock
|turn|7
|
|t:|1726351938
|move|p2a: Tyranitar|Fire Blast|p1a: Skarmory
|-supereffective|p1a: Skarmory
|-damage|p1a: Skarmory|0 fnt
|faint|p1a: Skarmory
|
|-weather|Sandstorm|[upkeep]
|upkeep
|
|t:|1726351945
|switch|p1a: Clefable|Clefable, F|100/100
|turn|8
|
|t:|1726351967
|move|p2a: Tyranitar|Stealth Rock|p1a: Clefable
|-sidestart|p1: Croaset|move: Stealth Rock
|move|p1a: Clefable|Knock Off|p2a: Tyranitar
|-resisted|p2a: Tyranitar
|-damage|p2a: Tyranitar|87/100
|-enditem|p2a: Tyranitar|Chople Berry|[from] move: Knock Off|[of] p1a: Clefable
|
|-weather|Sandstorm|[upkeep]
|upkeep
|turn|9
|
|t:|1726351977
|move|p2a: Tyranitar|Crunch|p1a: Clefable
|-damage|p1a: Clefable|61/100
|move|p1a: Clefable|Body Slam|p2a: Tyranitar
|-resisted|p2a: Tyranitar
|-damage|p2a: Tyranitar|77/100
|-status|p2a: Tyranitar|par
|
|-weather|Sandstorm|[upkeep]
|-heal|p1a: Clefable|67/100|[from] item: Leftovers
|upkeep
|turn|10
|
|t:|1726351989
|switch|p2a: Garchomp|Garchomp, F|100/100
|-damage|p2a: Garchomp|94/100|[from] Stealth Rock
|move|p1a: Clefable|Soft-Boiled|p1a: Clefable
|-heal|p1a: Clefable|100/100
|
|-weather|Sandstorm|[upkeep]
|upkeep
|turn|11
|
|t:|1726352002
|move|p2a: Garchomp|Outrage|p1a: Clefable
|-damage|p1a: Clefable|22/100
|-damage|p2a: Garchomp|85/100|[from] item: Life Orb
|move|p1a: Clefable|Knock Off|p2a: Garchomp
|-crit|p2a: Garchomp
|-damage|p2a: Garchomp|78/100
|-enditem|p2a: Garchomp|Life Orb|[from] move: Knock Off|[of] p1a: Clefable
|
|-weather|Sandstorm|[upkeep]
|-heal|p1a: Clefable|28/100|[from] item: Leftovers
|upkeep
|turn|12
|
|t:|1726352007
|switch|p1a: Cofagrigus|Cofagrigus, F, shiny|35/100
|-damage|p1a: Cofagrigus|23/100|[from] Stealth Rock
|move|p2a: Garchomp|Outrage|p1a: Cofagrigus|[from]lockedmove
|-crit|p1a: Cofagrigus
|-damage|p1a: Cofagrigus|0 fnt
|-activate|p1a: Cofagrigus|ability: Mummy|Rough Skin|[of] p2a: Garchomp
|faint|p1a: Cofagrigus
|
|-weather|Sandstorm|[upkeep]
|upkeep
|
|t:|1726352009
|switch|p1a: Latios|Latios, M|100/100
|-damage|p1a: Latios|88/100|[from] Stealth Rock
|turn|13
|
|t:|1726352011
|move|p1a: Latios|Draco Meteor|p2a: Garchomp
|-supereffective|p2a: Garchomp
|-damage|p2a: Garchomp|0 fnt
|-unboost|p1a: Latios|spa|2
|faint|p2a: Garchomp
|
|-weather|Sandstorm|[upkeep]
|-damage|p1a: Latios|82/100|[from] Sandstorm
|upkeep
|
|t:|1726352013
|switch|p2a: Tyranitar|Tyranitar, F|77/100 par
|-damage|p2a: Tyranitar|65/100 par|[from] Stealth Rock
|turn|14
|
|t:|1726352025
|-activate|p1a: Latios|move: Pursuit
|move|p2a: Tyranitar|Pursuit|p1a: Latios|[from]Pursuit
|-supereffective|p1a: Latios
|-enditem|p1a: Latios|Colbur Berry|[eat]
|-enditem|p1a: Latios|Colbur Berry|[weaken]
|-damage|p1a: Latios|30/100
|switch|p1a: Tyranitar|Tyranitar, M|81/100
|-damage|p1a: Tyranitar|69/100|[from] Stealth Rock
|
|-weather|Sandstorm|[upkeep]
|upkeep
|turn|15
|
|t:|1726352031
|switch|p2a: Keldeo|Keldeo|100/100
|-damage|p2a: Keldeo|94/100|[from] Stealth Rock
|move|p1a: Tyranitar|Crunch|p2a: Keldeo
|-resisted|p2a: Keldeo
|-crit|p2a: Keldeo
|-damage|p2a: Keldeo|50/100
|-ability|p2a: Keldeo|Justified|boost
|-boost|p2a: Keldeo|atk|1
|
|-weather|Sandstorm|[upkeep]
|-damage|p2a: Keldeo|44/100|[from] Sandstorm
|upkeep
|turn|16
|
|t:|1726352036
|move|p2a: Keldeo|Surf|p1a: Tyranitar
|-supereffective|p1a: Tyranitar
|-damage|p1a: Tyranitar|27/100
|move|p1a: Tyranitar|Thunder Wave|p2a: Keldeo
|-status|p2a: Keldeo|par
|
|-weather|Sandstorm|[upkeep]
|-damage|p2a: Keldeo|38/100 par|[from] Sandstorm
|upkeep
|turn|17
|
|t:|1726352048
|switch|p1a: Clefable|Clefable, F|28/100
|cant|p2a: Keldeo|par
|
|-weather|Sandstorm|[upkeep]
|-damage|p2a: Keldeo|32/100 par|[from] Sandstorm
|-heal|p1a: Clefable|35/100|[from] item: Leftovers
|upkeep
|turn|18
|
|t:|1726352050
|move|p1a: Clefable|Soft-Boiled|p1a: Clefable
|-heal|p1a: Clefable|85/100
|move|p2a: Keldeo|Surf|p1a: Clefable
|-damage|p1a: Clefable|49/100
|
|-weather|Sandstorm|[upkeep]
|-damage|p2a: Keldeo|26/100 par|[from] Sandstorm
|-heal|p1a: Clefable|55/100|[from] item: Leftovers
|upkeep
|turn|19
|
|t:|1726352055
|switch|p2a: Latios|Latios, M|100/100
|-damage|p2a: Latios|88/100|[from] Stealth Rock
|move|p1a: Clefable|Soft-Boiled|p1a: Clefable
|-heal|p1a: Clefable|100/100
|
|-weather|Sandstorm|[upkeep]
|-damage|p2a: Latios|82/100|[from] Sandstorm
|upkeep
|turn|20
|
|t:|1726352061
|move|p2a: Latios|Trick|p1a: Clefable
|-activate|p2a: Latios|move: Trick|[of] p1a: Clefable
|-item|p1a: Clefable|Choice Specs|[from] move: Trick
|-item|p2a: Latios|Leftovers|[from] move: Trick
|move|p1a: Clefable|Thunder Wave|p2a: Latios
|-status|p2a: Latios|par
|
|-weather|Sandstorm|[upkeep]
|-damage|p2a: Latios|76/100 par|[from] Sandstorm
|-heal|p2a: Latios|82/100 par|[from] item: Leftovers
|upkeep
|turn|21
|
|t:|1726352069
|switch|p1a: Tyranitar|Tyranitar, M|27/100
|-damage|p1a: Tyranitar|14/100|[from] Stealth Rock
|cant|p2a: Latios|par
|
|-weather|Sandstorm|[upkeep]
|-damage|p2a: Latios|76/100 par|[from] Sandstorm
|-heal|p2a: Latios|82/100 par|[from] item: Leftovers
|upkeep
|turn|22
|
|t:|1726352074
|move|p1a: Tyranitar|Pursuit|p2a: Latios
|-supereffective|p2a: Latios
|-damage|p2a: Latios|33/100 par
|move|p2a: Latios|Dragon Pulse|p1a: Tyranitar
|-damage|p1a: Tyranitar|0 fnt
|faint|p1a: Tyranitar
|
|-weather|Sandstorm|[upkeep]
|-damage|p2a: Latios|27/100 par|[from] Sandstorm
|-heal|p2a: Latios|33/100 par|[from] item: Leftovers
|upkeep
|
|t:|1726352079
|switch|p1a: Reuniclus|Reuniclus, M, shiny|100/100
|turn|23
|
|t:|1726352083
|switch|p2a: Tyranitar|Tyranitar, F|65/100 par
|-damage|p2a: Tyranitar|53/100 par|[from] Stealth Rock
|move|p1a: Reuniclus|Calm Mind|p1a: Reuniclus
|-boost|p1a: Reuniclus|spa|1
|-boost|p1a: Reuniclus|spd|1
|
|-weather|Sandstorm|[upkeep]
|upkeep
|turn|24
|
|t:|1726352085
|move|p1a: Reuniclus|Focus Blast|p2a: Tyranitar
|-supereffective|p2a: Tyranitar
|-damage|p2a: Tyranitar|0 fnt
|faint|p2a: Tyranitar
|
|-weather|Sandstorm|[upkeep]
|upkeep
|
|t:|1726352090
|switch|p2a: Landorus|Landorus-Therian, M|100/100
|-damage|p2a: Landorus|88/100|[from] Stealth Rock
|-ability|p2a: Landorus|Intimidate|boost
|-unboost|p1a: Reuniclus|atk|1
|turn|25
|
|t:|1726352094
|move|p2a: Landorus|Earthquake|p1a: Reuniclus
|-damage|p1a: Reuniclus|66/100
|move|p1a: Reuniclus|Psyshock|p2a: Landorus
|-damage|p2a: Landorus|36/100
|
|-weather|Sandstorm|[upkeep]
|-heal|p1a: Reuniclus|72/100|[from] item: Leftovers
|upkeep
|turn|26
|
|t:|1726352099
|move|p2a: Landorus|Earthquake|p1a: Reuniclus
|-damage|p1a: Reuniclus|40/100
|move|p1a: Reuniclus|Psyshock|p2a: Landorus
|-damage|p2a: Landorus|0 fnt
|faint|p2a: Landorus
|
|-weather|Sandstorm|[upkeep]
|-heal|p1a: Reuniclus|46/100|[from] item: Leftovers
|upkeep
|
|t:|1726352103
|switch|p2a: Latios|Latios, M|33/100 par
|-damage|p2a: Latios|21/100 par|[from] Stealth Rock
|turn|27
|
|t:|1726352105
|move|p1a: Reuniclus|Recover|p1a: Reuniclus
|-heal|p1a: Reuniclus|96/100
|move|p2a: Latios|Draco Meteor|p1a: Reuniclus
|-damage|p1a: Reuniclus|50/100
|-unboost|p2a: Latios|spa|2
|
|-weather|Sandstorm|[upkeep]
|-damage|p2a: Latios|15/100 par|[from] Sandstorm
|-heal|p1a: Reuniclus|57/100|[from] item: Leftovers
|-heal|p2a: Latios|21/100 par|[from] item: Leftovers
|upkeep
|turn|28
|
|t:|1726352109
|move|p1a: Reuniclus|Recover|p1a: Reuniclus
|-heal|p1a: Reuniclus|100/100
|move|p2a: Latios|Draco Meteor|p1a: Reuniclus
|-damage|p1a: Reuniclus|76/100
|-unboost|p2a: Latios|spa|2
|
|-weather|Sandstorm|[upkeep]
|-damage|p2a: Latios|15/100 par|[from] Sandstorm
|-heal|p1a: Reuniclus|82/100|[from] item: Leftovers
|-heal|p2a: Latios|21/100 par|[from] item: Leftovers
|upkeep
|turn|29
|-message|MegaStarUniverse forfeited.
|
|win|Croaset
|raw|Croaset's rating: 1313 &rarr; <strong>1338</strong><br />(+25 for winning)
|raw|MegaStarUniverse's rating: 1395 &rarr; <strong>1370</strong><br />(-25 for losing)
|l|‽MegaStarUniverse
|player|p2|
