|j|☆Laone.L.ous
|j|☆LuxraysBiggestFan
|t:|1715822819
|gametype|singles
|player|p1|Laone.L.ous|bellelba|1365
|player|p2|LuxraysBiggestFan|teamrocketgruntm-gen3|1294
|teamsize|p1|6
|teamsize|p2|6
|gen|5
|tier|[Gen 5] OU
|rated|
|rule|Species Clause: Limit one of each Pokémon
|rule|OHKO Clause: OHKO moves are banned
|rule|Moody Clause: Moody is banned
|rule|Evasion Items Clause: Evasion items are banned
|rule|Evasion Moves Clause: Evasion moves are banned
|rule|Endless Battle Clause: Forcing endless battles is banned
|rule|HP Percentage Mod: HP is shown in percentages
|rule|Evasion Abilities Clause: Evasion abilities are banned
|rule|Sleep Moves Clause: Sleep-inducing moves are banned
|rule|Swagger Clause: Swagger is banned
|rule|Baton Pass Stat Clause: No Baton Passer may have a way to boost its stats
|clearpoke
|poke|p1|Mew|item
|poke|p1|Volcarona, F|item
|poke|p1|Scizor, F|item
|poke|p1|Starmie|item
|poke|p1|Mamoswine, F|item
|poke|p1|Dragonite, F|item
|poke|p2|Volcarona, M|item
|poke|p2|Dragonite, M|item
|poke|p2|Excadrill, F|item
|poke|p2|Weavile, M|item
|poke|p2|Breloom, M|item
|poke|p2|Chansey, F|item
|teampreview
|inactive|Battle timer is ON: inactive players will automatically lose when time's up. (requested by Laone.L.ous)
|
|t:|1715822826
|start
|switch|p1a: Mew|Mew|100/100
|switch|p2a: Weavile|Weavile, M|100/100
|-ability|p2a: Weavile|Pressure
|turn|1
|j| Xilloz
|
|t:|1715822831
|move|p2a: Weavile|Pursuit|p1a: Mew
|-supereffective|p1a: Mew
|-crit|p1a: Mew
|-damage|p1a: Mew|21/100
|-damage|p2a: Weavile|91/100|[from] item: Life Orb
|move|p1a: Mew|Will-O-Wisp|p2a: Weavile
|-status|p2a: Weavile|brn
|
|-heal|p1a: Mew|27/100|[from] item: Leftovers
|-damage|p2a: Weavile|78/100 brn|[from] brn
|upkeep
|turn|2
|
|t:|1715822841
|move|p2a: Weavile|Pursuit|p1a: Mew
|-supereffective|p1a: Mew
|-damage|p1a: Mew|4/100
|-damage|p2a: Weavile|68/100 brn|[from] item: Life Orb
|move|p1a: Mew|Stealth Rock|p2a: Weavile
|-sidestart|p2: LuxraysBiggestFan|move: Stealth Rock
|
|-heal|p1a: Mew|10/100|[from] item: Leftovers
|-damage|p2a: Weavile|56/100 brn|[from] brn
|upkeep
|turn|3
|
|t:|1715822849
|move|p2a: Weavile|Pursuit|p1a: Mew
|-supereffective|p1a: Mew
|-damage|p1a: Mew|0 fnt
|faint|p1a: Mew
|-damage|p2a: Weavile|46/100 brn|[from] item: Life Orb
|
|-damage|p2a: Weavile|33/100 brn|[from] brn
|upkeep
|l| Xilloz
|
|t:|1715822875
|switch|p1a: Scizor|Scizor, F|100/100
|turn|4
|
|t:|1715822889
|switch|p2a: Breloom|Breloom, M|100/100
|-damage|p2a: Breloom|94/100|[from] Stealth Rock
|move|p1a: Scizor|U-turn|p2a: Breloom
|-damage|p2a: Breloom|9/100
|
|t:|1715822897
|switch|p1a: Mamoswine|Mamoswine, F, shiny|100/100|[from] U-turn
|
|upkeep
|turn|5
|
|t:|1715822901
|move|p1a: Mamoswine|Ice Shard|p2a: Breloom
|-supereffective|p2a: Breloom
|-damage|p2a: Breloom|0 fnt
|faint|p2a: Breloom
|
|upkeep
|
|t:|1715822916
|switch|p2a: Chansey|Chansey, F|100/100
|-damage|p2a: Chansey|88/100|[from] Stealth Rock
|turn|6
|
|t:|1715822941
|switch|p1a: Starmie|Starmie, shiny|100/100
|move|p2a: Chansey|Stealth Rock|p1a: Starmie
|-sidestart|p1: Laone.L.ous|move: Stealth Rock
|
|upkeep
|turn|7
|
|t:|1715822946
|switch|p2a: Excadrill|Excadrill, F|100/100
|-damage|p2a: Excadrill|97/100|[from] Stealth Rock
|-ability|p2a: Excadrill|Mold Breaker
|move|p1a: Starmie|Trick|p2a: Excadrill
|-activate|p1a: Starmie|move: Trick|[of] p2a: Excadrill
|-item|p2a: Excadrill|Choice Scarf|[from] move: Trick
|-item|p1a: Starmie|Focus Sash|[from] move: Trick
|
|upkeep
|turn|8
|
|t:|1715822955
|move|p2a: Excadrill|Rapid Spin|p1a: Starmie
|-crit|p1a: Starmie
|-damage|p1a: Starmie|84/100
|-sideend|p2: LuxraysBiggestFan|Stealth Rock|[from] move: Rapid Spin|[of] p2a: Excadrill
|move|p1a: Starmie|Rapid Spin|p2a: Excadrill
|-resisted|p2a: Excadrill
|-crit|p2a: Excadrill
|-damage|p2a: Excadrill|93/100
|-sideend|p1: Laone.L.ous|Stealth Rock|[from] move: Rapid Spin|[of] p1a: Starmie
|
|upkeep
|turn|9
|
|t:|1715822964
|switch|p2a: Chansey|Chansey, F|88/100
|switch|p1a: Scizor|Scizor, F|100/100
|
|upkeep
|turn|10
|
|t:|1715822970
|switch|p2a: Volcarona|Volcarona, M|100/100
|move|p1a: Scizor|U-turn|p2a: Volcarona
|-resisted|p2a: Volcarona
|-damage|p2a: Volcarona|77/100
|
|t:|1715822991
|switch|p1a: Mamoswine|Mamoswine, F, shiny|100/100|[from] U-turn
|
|-heal|p2a: Volcarona|83/100|[from] item: Leftovers
|upkeep
|turn|11
|
|t:|1715823004
|switch|p2a: Chansey|Chansey, F|88/100
|move|p1a: Mamoswine|Endeavor|p2a: Chansey
|-damage|p2a: Chansey|52/100
|
|upkeep
|turn|12
|
|t:|1715823011
|switch|p1a: Starmie|Starmie, shiny|84/100
|move|p2a: Chansey|Soft-Boiled|p2a: Chansey
|-heal|p2a: Chansey|100/100
|
|upkeep
|turn|13
|
|t:|1715823016
|move|p1a: Starmie|Recover|p1a: Starmie
|-heal|p1a: Starmie|100/100
|move|p2a: Chansey|Stealth Rock|p1a: Starmie
|-sidestart|p1: Laone.L.ous|move: Stealth Rock
|
|upkeep
|turn|14
|
|t:|1715823026
|switch|p2a: Excadrill|Excadrill, F|93/100
|-ability|p2a: Excadrill|Mold Breaker
|move|p1a: Starmie|Rapid Spin|p2a: Excadrill
|-resisted|p2a: Excadrill
|-damage|p2a: Excadrill|91/100
|-sideend|p1: Laone.L.ous|Stealth Rock|[from] move: Rapid Spin|[of] p1a: Starmie
|
|upkeep
|turn|15
|
|t:|1715823033
|move|p2a: Excadrill|Stealth Rock|p1a: Starmie
|-sidestart|p1: Laone.L.ous|move: Stealth Rock
|move|p1a: Starmie|Ice Beam|p2a: Excadrill
|-damage|p2a: Excadrill|60/100
|
|upkeep
|turn|16
|
|t:|1715823047
|switch|p2a: Chansey|Chansey, F|100/100
|move|p1a: Starmie|Rapid Spin|p2a: Chansey
|-damage|p2a: Chansey|99/100
|-sideend|p1: Laone.L.ous|Stealth Rock|[from] move: Rapid Spin|[of] p1a: Starmie
|
|upkeep
|turn|17
|
|t:|1715823055
|move|p1a: Starmie|Ice Beam|p2a: Chansey
|-damage|p2a: Chansey|92/100
|move|p2a: Chansey|Stealth Rock|p1a: Starmie
|-sidestart|p1: Laone.L.ous|move: Stealth Rock
|
|upkeep
|turn|18
|
|t:|1715823059
|move|p1a: Starmie|Rapid Spin|p2a: Chansey
|-damage|p2a: Chansey|90/100
|-sideend|p1: Laone.L.ous|Stealth Rock|[from] move: Rapid Spin|[of] p1a: Starmie
|move|p2a: Chansey|Toxic|p1a: Starmie
|-status|p1a: Starmie|tox
|
|-damage|p1a: Starmie|94/100 tox|[from] psn
|upkeep
|turn|19
|
|t:|1715823065
|-curestatus|p1a: Starmie|tox|[from] ability: Natural Cure
|switch|p1a: Scizor|Scizor, F|100/100
|move|p2a: Chansey|Stealth Rock|p1a: Scizor
|-sidestart|p1: Laone.L.ous|move: Stealth Rock
|
|upkeep
|turn|20
|
|t:|1715823073
|move|p1a: Scizor|U-turn|p2a: Chansey
|-damage|p2a: Chansey|52/100
|
|t:|1715823075
|switch|p1a: Starmie|Starmie, shiny|94/100|[from] U-turn
|-damage|p1a: Starmie|82/100|[from] Stealth Rock
|move|p2a: Chansey|Soft-Boiled|p2a: Chansey
|-heal|p2a: Chansey|100/100
|
|upkeep
|turn|21
|
|t:|1715823082
|move|p1a: Starmie|Recover|p1a: Starmie
|-heal|p1a: Starmie|100/100
|move|p2a: Chansey|Toxic|p1a: Starmie
|-status|p1a: Starmie|tox
|
|-damage|p1a: Starmie|94/100 tox|[from] psn
|upkeep
|turn|22
|
|t:|1715823088
|switch|p2a: Excadrill|Excadrill, F|60/100
|-ability|p2a: Excadrill|Mold Breaker
|move|p1a: Starmie|Rapid Spin|p2a: Excadrill
|-resisted|p2a: Excadrill
|-damage|p2a: Excadrill|59/100
|-sideend|p1: Laone.L.ous|Stealth Rock|[from] move: Rapid Spin|[of] p1a: Starmie
|
|-damage|p1a: Starmie|82/100 tox|[from] psn
|upkeep
|turn|23
|
|t:|1715823096
|move|p2a: Excadrill|Earthquake|p1a: Starmie
|-damage|p1a: Starmie|29/100 tox
|move|p1a: Starmie|Ice Beam|p2a: Excadrill
|-damage|p2a: Excadrill|30/100
|
|-damage|p1a: Starmie|11/100 tox|[from] psn
|upkeep
|turn|24
|
|t:|1715823104
|switch|p2a: Chansey|Chansey, F|100/100
|move|p1a: Starmie|Ice Beam|p2a: Chansey
|-damage|p2a: Chansey|94/100
|
|-damage|p1a: Starmie|0 fnt|[from] psn
|faint|p1a: Starmie
|upkeep
|
|t:|1715823107
|switch|p1a: Scizor|Scizor, F|100/100
|turn|25
|
|t:|1715823116
|switch|p2a: Volcarona|Volcarona, M|83/100
|move|p1a: Scizor|Superpower|p2a: Volcarona
|-resisted|p2a: Volcarona
|-damage|p2a: Volcarona|52/100
|-unboost|p1a: Scizor|atk|1
|-unboost|p1a: Scizor|def|1
|-status|p1a: Scizor|brn|[from] ability: Flame Body|[of] p2a: Volcarona
|
|-heal|p2a: Volcarona|58/100|[from] item: Leftovers
|-damage|p1a: Scizor|88/100 brn|[from] brn
|upkeep
|turn|26
|
|t:|1715823128
|switch|p1a: Mamoswine|Mamoswine, F, shiny|100/100
|move|p2a: Volcarona|Roost|p2a: Volcarona
|-heal|p2a: Volcarona|100/100
|-singleturn|p2a: Volcarona|move: Roost
|
|upkeep
|turn|27
|
|t:|1715823139
|switch|p2a: Chansey|Chansey, F|94/100
|move|p1a: Mamoswine|Icicle Crash|p2a: Chansey|[miss]
|-miss|p1a: Mamoswine|p2a: Chansey
|
|upkeep
|turn|28
|
|t:|1715823144
|switch|p1a: Scizor|Scizor, F|88/100 brn
|move|p2a: Chansey|Stealth Rock|p1a: Scizor
|-sidestart|p1: Laone.L.ous|move: Stealth Rock
|
|-damage|p1a: Scizor|76/100 brn|[from] brn
|upkeep
|turn|29
|
|t:|1715823150
|switch|p2a: Volcarona|Volcarona, M|100/100
|move|p1a: Scizor|Superpower|p2a: Volcarona
|-resisted|p2a: Volcarona
|-damage|p2a: Volcarona|85/100
|-unboost|p1a: Scizor|atk|1
|-unboost|p1a: Scizor|def|1
|
|-heal|p2a: Volcarona|91/100|[from] item: Leftovers
|-damage|p1a: Scizor|63/100 brn|[from] brn
|upkeep
|turn|30
|
|t:|1715823159
|switch|p1a: Dragonite|Dragonite, F|100/100
|-damage|p1a: Dragonite|75/100|[from] Stealth Rock
|move|p2a: Volcarona|Fiery Dance|p1a: Dragonite
|-resisted|p1a: Dragonite
|-damage|p1a: Dragonite|58/100
|-boost|p2a: Volcarona|spa|1
|
|-heal|p2a: Volcarona|98/100|[from] item: Leftovers
|upkeep
|turn|31
|inactive|LuxraysBiggestFan has 120 seconds left.
|
|t:|1715823198
|move|p2a: Volcarona|Fiery Dance|p1a: Dragonite
|-resisted|p1a: Dragonite
|-damage|p1a: Dragonite|29/100
|-boost|p2a: Volcarona|spa|1
|move|p1a: Dragonite|Dragon Dance|p1a: Dragonite
|-boost|p1a: Dragonite|atk|1
|-boost|p1a: Dragonite|spe|1
|
|-heal|p2a: Volcarona|100/100|[from] item: Leftovers
|upkeep
|turn|32
|inactive|LuxraysBiggestFan has 120 seconds left.
|
|t:|1715823207
|move|p1a: Dragonite|Earthquake|p2a: Volcarona
|-damage|p2a: Volcarona|49/100
|move|p2a: Volcarona|Fiery Dance|p1a: Dragonite
|-resisted|p1a: Dragonite
|-damage|p1a: Dragonite|0 fnt
|faint|p1a: Dragonite
|
|-heal|p2a: Volcarona|55/100|[from] item: Leftovers
|upkeep
|
|t:|1715823214
|switch|p1a: Volcarona|Volcarona, F, shiny|100/100
|-damage|p1a: Volcarona|51/100|[from] Stealth Rock
|turn|33
|
|t:|1715823218
|move|p1a: Volcarona|Quiver Dance|p1a: Volcarona
|-boost|p1a: Volcarona|spa|1
|-boost|p1a: Volcarona|spd|1
|-boost|p1a: Volcarona|spe|1
|move|p2a: Volcarona|Roost|p2a: Volcarona
|-heal|p2a: Volcarona|100/100
|-singleturn|p2a: Volcarona|move: Roost
|
|upkeep
|turn|34
|
|t:|1715823224
|move|p1a: Volcarona|Quiver Dance|p1a: Volcarona
|-boost|p1a: Volcarona|spa|1
|-boost|p1a: Volcarona|spd|1
|-boost|p1a: Volcarona|spe|1
|move|p2a: Volcarona|Fiery Dance|p1a: Volcarona
|-damage|p1a: Volcarona|15/100
|
|upkeep
|turn|35
|
|t:|1715823233
|switch|p2a: Chansey|Chansey, F|94/100
|move|p1a: Volcarona|Fiery Dance|p2a: Chansey
|-crit|p2a: Chansey
|-damage|p2a: Chansey|44/100
|-boost|p1a: Volcarona|spa|1
|
|upkeep
|turn|36
|
|t:|1715823241
|move|p1a: Volcarona|Giga Drain|p2a: Chansey
|-damage|p2a: Chansey|24/100
|-heal|p1a: Volcarona|37/100|[from] drain|[of] p2a: Chansey
|move|p2a: Chansey|Toxic|p1a: Volcarona
|-status|p1a: Volcarona|tox
|-enditem|p1a: Volcarona|Lum Berry|[eat]
|-curestatus|p1a: Volcarona|tox|[msg]
|
|upkeep
|turn|37
|
|t:|1715823249
|move|p1a: Volcarona|Fiery Dance|p2a: Chansey
|-damage|p2a: Chansey|0 fnt
|-boost|p1a: Volcarona|spa|1
|faint|p2a: Chansey
|
|upkeep
|
|t:|1715823255
|switch|p2a: Dragonite|Dragonite, M|100/100
|turn|38
|
|t:|1715823258
|move|p2a: Dragonite|Extreme Speed|p1a: Volcarona
|-damage|p1a: Volcarona|0 fnt
|-status|p2a: Dragonite|brn|[from] ability: Flame Body|[of] p1a: Volcarona
|-enditem|p2a: Dragonite|Lum Berry|[eat]
|-curestatus|p2a: Dragonite|brn|[msg]
|faint|p1a: Volcarona
|
|upkeep
|
|t:|1715823261
|switch|p1a: Mamoswine|Mamoswine, F, shiny|100/100
|-damage|p1a: Mamoswine|88/100|[from] Stealth Rock
|turn|39
|
|t:|1715823270
|switch|p2a: Weavile|Weavile, M|33/100 brn
|-ability|p2a: Weavile|Pressure
|move|p1a: Mamoswine|Icicle Crash|p2a: Weavile
|-resisted|p2a: Weavile
|-damage|p2a: Weavile|0 fnt
|faint|p2a: Weavile
|
|upkeep
|inactive|LuxraysBiggestFan has 120 seconds left.
|
|t:|1715823303
|switch|p2a: Dragonite|Dragonite, M|100/100
|turn|40
|
|t:|1715823308
|move|p1a: Mamoswine|Icicle Crash|p2a: Dragonite
|-supereffective|p2a: Dragonite
|-damage|p2a: Dragonite|7/100
|cant|p2a: Dragonite|flinch
|
|upkeep
|turn|41
|
|t:|1715823313
|move|p2a: Dragonite|Extreme Speed|p1a: Mamoswine
|-damage|p1a: Mamoswine|49/100
|move|p1a: Mamoswine|Ice Shard|p2a: Dragonite
|-supereffective|p2a: Dragonite
|-damage|p2a: Dragonite|0 fnt
|faint|p2a: Dragonite
|
|upkeep
|
|t:|1715823319
|switch|p2a: Volcarona|Volcarona, M|100/100
|turn|42
|
|t:|1715823322
|move|p1a: Mamoswine|Endeavor|p2a: Volcarona
|-damage|p2a: Volcarona|48/100
|-status|p1a: Mamoswine|brn|[from] ability: Flame Body|[of] p2a: Volcarona
|move|p2a: Volcarona|Fiery Dance|p1a: Mamoswine
|-supereffective|p1a: Mamoswine
|-damage|p1a: Mamoswine|1/100 brn
|
|-heal|p2a: Volcarona|54/100|[from] item: Leftovers
|-damage|p1a: Mamoswine|0 fnt|[from] brn
|faint|p1a: Mamoswine
|upkeep
|
|t:|1715823329
|switch|p1a: Scizor|Scizor, F|63/100 brn
|-damage|p1a: Scizor|51/100 brn|[from] Stealth Rock
|turn|43
|
|t:|1715823336
|move|p1a: Scizor|Bullet Punch|p2a: Volcarona
|-resisted|p2a: Volcarona
|-damage|p2a: Volcarona|43/100
|move|p2a: Volcarona|Roost|p2a: Volcarona
|-heal|p2a: Volcarona|93/100
|-singleturn|p2a: Volcarona|move: Roost
|
|-heal|p2a: Volcarona|99/100|[from] item: Leftovers
|-damage|p1a: Scizor|38/100 brn|[from] brn
|upkeep
|turn|44
|
|t:|1715823344
|move|p1a: Scizor|Bullet Punch|p2a: Volcarona
|-resisted|p2a: Volcarona
|-damage|p2a: Volcarona|88/100
|move|p2a: Volcarona|Fiery Dance|p1a: Scizor
|-supereffective|p1a: Scizor
|-damage|p1a: Scizor|0 fnt
|-boost|p2a: Volcarona|spa|1
|faint|p1a: Scizor
|
|win|LuxraysBiggestFan
|raw|Laone.L.ous's rating: 1365 &rarr; <strong>1341</strong><br />(-24 for losing)
|raw|LuxraysBiggestFan's rating: 1294 &rarr; <strong>1324</strong><br />(+30 for winning)
|l|☆Laone.L.ous
|player|p1|
|l|☆LuxraysBiggestFan
|player|p2|
|j|☆LuxraysBiggestFan
|player|p2|LuxraysBiggestFan|teamrocketgruntm-gen3|
