|j|☆Salutethewolf
|j|☆Hiraganigh
|t:|1746877994
|gametype|singles
|player|p1|Salutethewolf|hugh|1510
|player|p2|Hiraganigh|swimmer-gen4|1337
|teamsize|p1|6
|teamsize|p2|6
|gen|5
|tier|[Gen 5] OU
|rated|
|rule|Species Clause: Limit one of each Pokémon
|rule|OHKO Clause: OHKO moves are banned
|rule|Moody Clause: Moody is banned
|rule|Evasion Items Clause: Evasion items are banned
|rule|Evasion Moves Clause: Evasion moves are banned
|rule|Endless Battle Clause: Forcing endless battles is banned
|rule|HP Percentage Mod: HP is shown in percentages
|rule|Evasion Abilities Clause: Evasion abilities are banned
|rule|Sleep Moves Clause: Sleep-inducing moves are banned
|rule|Swagger Clause: Swagger is banned
|rule|Baton Pass Stat Clause: No Baton Passer may have a way to boost its stats
|clearpoke
|poke|p1|Garchomp, M|item
|poke|p1|Dragonite, F|item
|poke|p1|Latios, M|item
|poke|p1|Starmie|item
|poke|p1|Metagross|item
|poke|p1|Scizor, M|item
|poke|p2|Tyranitar, F|item
|poke|p2|Latios, M|item
|poke|p2|Alakazam, F|item
|poke|p2|Jellicent, M|item
|poke|p2|Excadrill, F|item
|poke|p2|Volcarona, M|item
|teampreview
|inactive|Battle timer is ON: inactive players will automatically lose when time's up. (requested by Salutethewolf)
|
|t:|1746878015
|start
|switch|p1a: Metagross|Metagross, shiny|100/100
|switch|p2a: Tyranitar|Tyranitar, F|100/100
|-weather|Sandstorm|[from] ability: Sand Stream|[of] p2a: Tyranitar
|turn|1
|
|t:|1746878024
|move|p2a: Tyranitar|Crunch|p1a: Metagross
|-damage|p1a: Metagross|68/100
|move|p1a: Metagross|Stealth Rock|p2a: Tyranitar
|-sidestart|p2: Hiraganigh|move: Stealth Rock
|
|-weather|Sandstorm|[upkeep]
|upkeep
|turn|2
|
|t:|1746878031
|switch|p1a: Scizor|Scizor, M, shiny|100/100
|move|p2a: Tyranitar|Crunch|p1a: Scizor
|-resisted|p1a: Scizor
|-damage|p1a: Scizor|79/100
|
|-weather|Sandstorm|[upkeep]
|upkeep
|turn|3
|
|t:|1746878039
|switch|p2a: Jellicent|Jellicent, M|100/100
|-damage|p2a: Jellicent|88/100|[from] Stealth Rock
|move|p1a: Scizor|U-turn|p2a: Jellicent
|-resisted|p2a: Jellicent
|-damage|p2a: Jellicent|66/100
|
|t:|1746878048
|switch|p1a: Starmie|Starmie, shiny|100/100|[from] U-turn
|
|-weather|Sandstorm|[upkeep]
|-damage|p1a: Starmie|94/100|[from] Sandstorm
|-damage|p2a: Jellicent|60/100|[from] Sandstorm
|-heal|p2a: Jellicent|66/100|[from] item: Leftovers
|upkeep
|turn|4
|
|t:|1746878056
|move|p1a: Starmie|Thunderbolt|p2a: Jellicent
|-supereffective|p2a: Jellicent
|-damage|p2a: Jellicent|12/100
|-damage|p1a: Starmie|84/100|[from] item: Life Orb
|move|p2a: Jellicent|Hex|p1a: Starmie
|-supereffective|p1a: Starmie
|-damage|p1a: Starmie|42/100
|
|-weather|Sandstorm|[upkeep]
|-damage|p1a: Starmie|36/100|[from] Sandstorm
|-damage|p2a: Jellicent|6/100|[from] Sandstorm
|-heal|p2a: Jellicent|12/100|[from] item: Leftovers
|upkeep
|turn|5
|
|t:|1746878068
|move|p2a: Jellicent|Protect|p2a: Jellicent
|-singleturn|p2a: Jellicent|Protect
|move|p1a: Starmie|Ice Beam|p2a: Jellicent
|-activate|p2a: Jellicent|move: Protect
|
|-weather|Sandstorm|[upkeep]
|-damage|p1a: Starmie|30/100|[from] Sandstorm
|-damage|p2a: Jellicent|6/100|[from] Sandstorm
|-heal|p2a: Jellicent|12/100|[from] item: Leftovers
|upkeep
|turn|6
|
|t:|1746878078
|move|p1a: Starmie|Thunderbolt|p2a: Jellicent
|-supereffective|p2a: Jellicent
|-damage|p2a: Jellicent|0 fnt
|faint|p2a: Jellicent
|-damage|p1a: Starmie|20/100|[from] item: Life Orb
|
|-weather|Sandstorm|[upkeep]
|-damage|p1a: Starmie|14/100|[from] Sandstorm
|upkeep
|
|t:|1746878088
|switch|p2a: Alakazam|Alakazam, F|100/100
|turn|7
|
|t:|1746878092
|move|p2a: Alakazam|Psychic|p1a: Starmie
|-resisted|p1a: Starmie
|-damage|p1a: Starmie|0 fnt
|faint|p1a: Starmie
|
|-weather|Sandstorm|[upkeep]
|upkeep
|
|t:|1746878098
|switch|p1a: Metagross|Metagross, shiny|68/100
|turn|8
|
|t:|1746878106
|switch|p2a: Excadrill|Excadrill, F|100/100
|-damage|p2a: Excadrill|97/100|[from] Stealth Rock
|-ability|p2a: Excadrill|Mold Breaker
|move|p1a: Metagross|Psychic|p2a: Excadrill
|-resisted|p2a: Excadrill
|-damage|p2a: Excadrill|68/100
|
|-weather|Sandstorm|[upkeep]
|-heal|p2a: Excadrill|74/100|[from] item: Leftovers
|upkeep
|turn|9
|
|t:|1746878118
|move|p2a: Excadrill|Stealth Rock|p1a: Metagross
|-sidestart|p1: Salutethewolf|move: Stealth Rock
|move|p1a: Metagross|Hidden Power|p2a: Excadrill
|-supereffective|p2a: Excadrill
|-damage|p2a: Excadrill|16/100
|
|-weather|Sandstorm|[upkeep]
|-heal|p2a: Excadrill|22/100|[from] item: Leftovers
|upkeep
|turn|10
|
|t:|1746878127
|move|p2a: Excadrill|Earthquake|p1a: Metagross
|-supereffective|p1a: Metagross
|-damage|p1a: Metagross|0 fnt
|faint|p1a: Metagross
|
|-weather|Sandstorm|[upkeep]
|-heal|p2a: Excadrill|28/100|[from] item: Leftovers
|upkeep
|
|t:|1746878136
|switch|p1a: Garchomp|Garchomp, M, shiny|100/100
|-damage|p1a: Garchomp|94/100|[from] Stealth Rock
|turn|11
|
|t:|1746878141
|move|p1a: Garchomp|Draco Meteor|p2a: Excadrill
|-resisted|p2a: Excadrill
|-damage|p2a: Excadrill|0 fnt
|-unboost|p1a: Garchomp|spa|2
|faint|p2a: Excadrill
|-damage|p1a: Garchomp|85/100|[from] item: Life Orb
|
|-weather|Sandstorm|[upkeep]
|upkeep
|
|t:|1746878147
|switch|p2a: Latios|Latios, M|100/100
|-damage|p2a: Latios|88/100|[from] Stealth Rock
|turn|12
|inactive|Salutethewolf has 120 seconds left.
|
|t:|1746878178
|switch|p1a: Dragonite|Dragonite, F, shiny|100/100
|-damage|p1a: Dragonite|75/100|[from] Stealth Rock
|move|p2a: Latios|Draco Meteor|p1a: Dragonite|[miss]
|-miss|p2a: Latios|p1a: Dragonite
|
|-weather|Sandstorm|[upkeep]
|-damage|p2a: Latios|82/100|[from] Sandstorm
|-damage|p1a: Dragonite|69/100|[from] Sandstorm
|upkeep
|turn|13
|inactive|Salutethewolf has 120 seconds left.
|
|t:|1746878188
|move|p1a: Dragonite|Extreme Speed|p2a: Latios
|-damage|p2a: Latios|36/100
|move|p2a: Latios|Draco Meteor|p1a: Dragonite
|-supereffective|p1a: Dragonite
|-damage|p1a: Dragonite|0 fnt
|-unboost|p2a: Latios|spa|2
|faint|p1a: Dragonite
|
|-weather|Sandstorm|[upkeep]
|-damage|p2a: Latios|30/100|[from] Sandstorm
|upkeep
|inactive|Salutethewolf has 120 seconds left.
|
|t:|1746878201
|switch|p1a: Scizor|Scizor, M, shiny|79/100
|-damage|p1a: Scizor|67/100|[from] Stealth Rock
|turn|14
|inactive|Salutethewolf has 120 seconds left.
|
|t:|1746878208
|move|p1a: Scizor|Bullet Punch|p2a: Latios
|-crit|p2a: Latios
|-damage|p2a: Latios|0 fnt
|faint|p2a: Latios
|
|-weather|Sandstorm|[upkeep]
|upkeep
|
|t:|1746878217
|switch|p2a: Volcarona|Volcarona, M|100/100
|-damage|p2a: Volcarona|51/100|[from] Stealth Rock
|turn|15
|
|t:|1746878221
|move|p1a: Scizor|Bullet Punch|p2a: Volcarona
|-resisted|p2a: Volcarona
|-damage|p2a: Volcarona|13/100
|move|p2a: Volcarona|Bug Buzz|p1a: Scizor
|-resisted|p1a: Scizor
|-damage|p1a: Scizor|29/100
|
|-weather|Sandstorm|[upkeep]
|-damage|p2a: Volcarona|7/100|[from] Sandstorm
|upkeep
|turn|16
|
|t:|1746878230
|move|p1a: Scizor|Bullet Punch|p2a: Volcarona
|-resisted|p2a: Volcarona
|-damage|p2a: Volcarona|0 fnt
|faint|p2a: Volcarona
|
|-weather|Sandstorm|[upkeep]
|upkeep
|
|t:|1746878238
|switch|p2a: Tyranitar|Tyranitar, F|100/100
|-damage|p2a: Tyranitar|88/100|[from] Stealth Rock
|turn|17
|
|t:|1746878256
|move|p1a: Scizor|Bullet Punch|p2a: Tyranitar
|-supereffective|p2a: Tyranitar
|-damage|p2a: Tyranitar|0 fnt
|faint|p2a: Tyranitar
|
|-weather|Sandstorm|[upkeep]
|upkeep
|
|t:|1746878259
|switch|p2a: Alakazam|Alakazam, F|100/100
|turn|18
|
|t:|1746878264
|move|p1a: Scizor|Bullet Punch|p2a: Alakazam
|-enditem|p2a: Alakazam|Focus Sash
|-damage|p2a: Alakazam|1/100
|move|p2a: Alakazam|Psychic|p1a: Scizor
|-resisted|p1a: Scizor
|-damage|p1a: Scizor|1/100
|
|-weather|Sandstorm|[upkeep]
|upkeep
|turn|19
|-message|Hiraganigh forfeited.
|
|win|Salutethewolf
|raw|Salutethewolf's rating: 1510 &rarr; <strong>1521</strong><br />(+11 for winning)
|raw|Hiraganigh's rating: 1337 &rarr; <strong>1326</strong><br />(-11 for losing)
|l|☆Hiraganigh
|player|p2|
