|j|‽frogfacts
|j|☆cdrgcde
|t:|1744123934
|gametype|singles
|player|p1|frogfacts|ninjaboy|1401
|player|p2|cdrgcde|dawn|1359
|teamsize|p1|6
|teamsize|p2|6
|gen|5
|tier|[Gen 5] OU
|rated|
|rule|Species Clause: Limit one of each Pokémon
|rule|OHKO Clause: OHKO moves are banned
|rule|Moody Clause: Moody is banned
|rule|Evasion Items Clause: Evasion items are banned
|rule|Evasion Moves Clause: Evasion moves are banned
|rule|Endless Battle Clause: Forcing endless battles is banned
|rule|HP Percentage Mod: HP is shown in percentages
|rule|Evasion Abilities Clause: Evasion abilities are banned
|rule|Sleep Moves Clause: Sleep-inducing moves are banned
|rule|Swagger Clause: Swagger is banned
|rule|Baton Pass Stat Clause: No Baton Passer may have a way to boost its stats
|clearpoke
|poke|p1|Archeops, F|item
|poke|p1|Garchomp, M|item
|poke|p1|Dragonite, M|item
|poke|p1|Scizor, M|item
|poke|p1|Starmie|item
|poke|p1|Volcarona, M|item
|poke|p2|Tyranitar, M|item
|poke|p2|Alakazam, F|item
|poke|p2|Latios, M|item
|poke|p2|Landorus-Therian, M|item
|poke|p2|Skarmory, M|item
|poke|p2|Jellicent, M|item
|teampreview
|inactive|Battle timer is ON: inactive players will automatically lose when time's up. (requested by frogfacts)
|inactive|cdrgcde also wants the timer to be on.
|
|t:|1744123948
|start
|switch|p1a: Archeops|Archeops, F|100/100
|switch|p2a: Latios|Latios, M|100/100
|turn|1
|inactive|frogfacts has 120 seconds left.
|
|t:|1744124005
|move|p2a: Latios|Surf|p1a: Archeops
|-supereffective|p1a: Archeops
|-enditem|p1a: Archeops|Focus Sash
|-damage|p1a: Archeops|1/100
|move|p1a: Archeops|Stealth Rock|p2a: Latios
|-sidestart|p2: cdrgcde|move: Stealth Rock
|
|upkeep
|turn|2
|
|t:|1744124016
|move|p2a: Latios|Surf|p1a: Archeops
|-supereffective|p1a: Archeops
|-damage|p1a: Archeops|0 fnt
|faint|p1a: Archeops
|
|upkeep
|
|t:|1744124021
|switch|p1a: Scizor|Scizor, M|100/100
|turn|3
|
|t:|1744124024
|-activate|p2a: Latios|move: Pursuit
|move|p1a: Scizor|Pursuit|p2a: Latios|[from] Pursuit
|-supereffective|p2a: Latios
|-enditem|p2a: Latios|Colbur Berry|[eat]
|-enditem|p2a: Latios|Colbur Berry|[weaken]
|-damage|p2a: Latios|42/100
|-damage|p1a: Scizor|91/100|[from] item: Life Orb
|switch|p2a: Skarmory|Skarmory, M|100/100
|-damage|p2a: Skarmory|88/100|[from] Stealth Rock
|
|upkeep
|turn|4
|inactive|frogfacts has 120 seconds left.
|
|t:|1744124030
|move|p1a: Scizor|Swords Dance|p1a: Scizor
|-boost|p1a: Scizor|atk|2
|move|p2a: Skarmory|Stealth Rock|p1a: Scizor
|-sidestart|p1: frogfacts|move: Stealth Rock
|
|upkeep
|turn|5
|
|t:|1744124035
|move|p1a: Scizor|Superpower|p2a: Skarmory
|-crit|p2a: Skarmory
|-damage|p2a: Skarmory|0 fnt
|-unboost|p1a: Scizor|atk|1
|-unboost|p1a: Scizor|def|1
|-damage|p1a: Scizor|74/100|[from] item: Rocky Helmet|[of] p2a: Skarmory
|faint|p2a: Skarmory
|-damage|p1a: Scizor|65/100|[from] item: Life Orb
|
|upkeep
|
|t:|1744124040
|switch|p2a: Jellicent|Jellicent, M|100/100
|-damage|p2a: Jellicent|88/100|[from] Stealth Rock
|turn|6
|
|t:|1744124043
|move|p2a: Jellicent|Will-O-Wisp|p1a: Scizor
|-status|p1a: Scizor|brn
|move|p1a: Scizor|Pursuit|p2a: Jellicent
|-supereffective|p2a: Jellicent
|-damage|p2a: Jellicent|48/100
|-damage|p1a: Scizor|55/100 brn|[from] item: Life Orb
|
|-heal|p2a: Jellicent|55/100|[from] item: Leftovers
|-damage|p1a: Scizor|42/100 brn|[from] brn
|upkeep
|turn|7
|
|t:|1744124048
|move|p2a: Jellicent|Recover|p2a: Jellicent
|-heal|p2a: Jellicent|100/100
|move|p1a: Scizor|Swords Dance|p1a: Scizor
|-boost|p1a: Scizor|atk|2
|
|-damage|p1a: Scizor|30/100 brn|[from] brn
|upkeep
|turn|8
|
|t:|1744124053
|move|p2a: Jellicent|Recover||[still]
|-fail|p2a: Jellicent|heal
|move|p1a: Scizor|Pursuit|p2a: Jellicent
|-supereffective|p2a: Jellicent
|-damage|p2a: Jellicent|30/100
|-damage|p1a: Scizor|20/100 brn|[from] item: Life Orb
|
|-heal|p2a: Jellicent|36/100|[from] item: Leftovers
|-damage|p1a: Scizor|8/100 brn|[from] brn
|upkeep
|turn|9
|
|t:|1744124056
|move|p1a: Scizor|Bullet Punch|p2a: Jellicent
|-resisted|p2a: Jellicent
|-damage|p2a: Jellicent|10/100
|-damage|p1a: Scizor|0 fnt|[from] item: Life Orb
|faint|p1a: Scizor
|move|p2a: Jellicent|Recover|p2a: Jellicent
|-heal|p2a: Jellicent|61/100
|
|-heal|p2a: Jellicent|67/100|[from] item: Leftovers
|upkeep
|
|t:|1744124066
|switch|p1a: Starmie|Starmie|100/100
|-damage|p1a: Starmie|88/100|[from] Stealth Rock
|-item|p1a: Starmie|Air Balloon
|turn|10
|
|t:|1744124075
|move|p1a: Starmie|Thunderbolt|p2a: Jellicent
|-supereffective|p2a: Jellicent
|-damage|p2a: Jellicent|24/100
|move|p2a: Jellicent|Recover|p2a: Jellicent
|-heal|p2a: Jellicent|74/100
|
|-heal|p2a: Jellicent|80/100|[from] item: Leftovers
|upkeep
|turn|11
|
|t:|1744124080
|move|p1a: Starmie|Thunderbolt|p2a: Jellicent
|-supereffective|p2a: Jellicent
|-damage|p2a: Jellicent|32/100
|move|p2a: Jellicent|Recover|p2a: Jellicent
|-heal|p2a: Jellicent|82/100
|
|-heal|p2a: Jellicent|89/100|[from] item: Leftovers
|upkeep
|turn|12
|
|t:|1744124084
|switch|p2a: Landorus|Landorus-Therian, M|100/100
|-damage|p2a: Landorus|88/100|[from] Stealth Rock
|-ability|p2a: Landorus|Intimidate|boost
|-unboost|p1a: Starmie|atk|1
|move|p1a: Starmie|Thunderbolt|p2a: Landorus
|-immune|p2a: Landorus
|
|upkeep
|turn|13
|
|t:|1744124086
|move|p2a: Landorus|U-turn|p1a: Starmie
|-supereffective|p1a: Starmie
|-damage|p1a: Starmie|0 fnt
|-enditem|p1a: Starmie|Air Balloon
|faint|p1a: Starmie
|
|t:|1744124095
|switch|p2a: Latios|Latios, M|42/100|[from] U-turn
|-damage|p2a: Latios|29/100|[from] Stealth Rock
|
|upkeep
|
|t:|1744124099
|switch|p1a: Dragonite|Dragonite, M|100/100
|-damage|p1a: Dragonite|76/100|[from] Stealth Rock
|turn|14
|
|t:|1744124101
|move|p1a: Dragonite|Extreme Speed|p2a: Latios
|-damage|p2a: Latios|0 fnt
|faint|p2a: Latios
|
|upkeep
|
|t:|1744124108
|switch|p2a: Landorus|Landorus-Therian, M|88/100
|-damage|p2a: Landorus|76/100|[from] Stealth Rock
|-ability|p2a: Landorus|Intimidate|boost
|-unboost|p1a: Dragonite|atk|1
|turn|15
|
|t:|1744124114
|move|p2a: Landorus|Hidden Power|p1a: Dragonite
|-supereffective|p1a: Dragonite
|-damage|p1a: Dragonite|2/100
|move|p1a: Dragonite|Dragon Dance|p1a: Dragonite
|-boost|p1a: Dragonite|atk|1
|-boost|p1a: Dragonite|spe|1
|
|upkeep
|turn|16
|
|t:|1744124118
|switch|p2a: Tyranitar|Tyranitar, M|100/100
|-damage|p2a: Tyranitar|88/100|[from] Stealth Rock
|-weather|Sandstorm|[from] ability: Sand Stream|[of] p2a: Tyranitar
|move|p1a: Dragonite|Outrage|p2a: Tyranitar
|-damage|p2a: Tyranitar|33/100
|
|-weather|Sandstorm|[upkeep]
|-damage|p1a: Dragonite|0 fnt|[from] Sandstorm
|faint|p1a: Dragonite
|upkeep
|
|t:|1744124128
|switch|p1a: Garchomp|Garchomp, M|100/100
|-damage|p1a: Garchomp|94/100|[from] Stealth Rock
|turn|17
|
|t:|1744124134
|move|p1a: Garchomp|Earthquake|p2a: Tyranitar
|-supereffective|p2a: Tyranitar
|-damage|p2a: Tyranitar|0 fnt
|faint|p2a: Tyranitar
|
|-weather|Sandstorm|[upkeep]
|upkeep
|
|t:|1744124137
|switch|p2a: Landorus|Landorus-Therian, M|76/100
|-damage|p2a: Landorus|64/100|[from] Stealth Rock
|-ability|p2a: Landorus|Intimidate|boost
|-unboost|p1a: Garchomp|atk|1
|turn|18
|
|t:|1744124139
|move|p2a: Landorus|Hidden Power|p1a: Garchomp
|-supereffective|p1a: Garchomp
|-enditem|p1a: Garchomp|Yache Berry|[eat]
|-enditem|p1a: Garchomp|Yache Berry|[weaken]
|-damage|p1a: Garchomp|57/100
|move|p1a: Garchomp|Outrage|p2a: Landorus
|-damage|p2a: Landorus|13/100
|
|-weather|Sandstorm|[upkeep]
|upkeep
|turn|19
|
|t:|1744124145
|switch|p2a: Jellicent|Jellicent, M|89/100
|-damage|p2a: Jellicent|76/100|[from] Stealth Rock
|move|p1a: Garchomp|Outrage|p2a: Jellicent|[from] lockedmove
|-damage|p2a: Jellicent|34/100
|-start|p1a: Garchomp|confusion|[fatigue]
|
|-weather|Sandstorm|[upkeep]
|-damage|p2a: Jellicent|28/100|[from] Sandstorm
|-heal|p2a: Jellicent|34/100|[from] item: Leftovers
|upkeep
|turn|20
|
|t:|1744124149
|-activate|p1a: Garchomp|confusion
|-damage|p1a: Garchomp|47/100|[from] confusion
|move|p2a: Jellicent|Night Shade|p1a: Garchomp
|-damage|p1a: Garchomp|19/100
|
|-weather|Sandstorm|[upkeep]
|-damage|p2a: Jellicent|28/100|[from] Sandstorm
|-heal|p2a: Jellicent|34/100|[from] item: Leftovers
|upkeep
|turn|21
|
|t:|1744124156
|switch|p2a: Landorus|Landorus-Therian, M|13/100
|-damage|p2a: Landorus|0 fnt|[from] Stealth Rock
|faint|p2a: Landorus
|-activate|p1a: Garchomp|confusion
|-damage|p1a: Garchomp|8/100|[from] confusion
|
|-weather|Sandstorm|[upkeep]
|upkeep
|
|t:|1744124158
|switch|p2a: Alakazam|Alakazam, F|100/100
|turn|22
|
|t:|1744124161
|move|p2a: Alakazam|Substitute|p2a: Alakazam
|-start|p2a: Alakazam|Substitute
|-damage|p2a: Alakazam|76/100
|-activate|p1a: Garchomp|confusion
|move|p1a: Garchomp|Earthquake|p2a: Alakazam
|-end|p2a: Alakazam|Substitute
|
|-weather|Sandstorm|[upkeep]
|upkeep
|turn|23
|
|t:|1744124164
|move|p2a: Alakazam|Substitute|p2a: Alakazam
|-start|p2a: Alakazam|Substitute
|-damage|p2a: Alakazam|51/100
|-end|p1a: Garchomp|confusion
|move|p1a: Garchomp|Earthquake|p2a: Alakazam
|-end|p2a: Alakazam|Substitute
|
|-weather|Sandstorm|[upkeep]
|upkeep
|turn|24
|
|t:|1744124166
|move|p2a: Alakazam|Psyshock|p1a: Garchomp
|-damage|p1a: Garchomp|0 fnt
|faint|p1a: Garchomp
|
|-weather|Sandstorm|[upkeep]
|upkeep
|
|t:|1744124168
|switch|p1a: Volcarona|Volcarona, M|100/100
|-damage|p1a: Volcarona|51/100|[from] Stealth Rock
|turn|25
|
|t:|1744124170
|move|p2a: Alakazam|Psyshock|p1a: Volcarona
|-damage|p1a: Volcarona|0 fnt
|faint|p1a: Volcarona
|
|win|cdrgcde
|raw|frogfacts's rating: 1401 &rarr; <strong>1379</strong><br />(-22 for losing)
|raw|cdrgcde's rating: 1359 &rarr; <strong>1381</strong><br />(+22 for winning)
|l|‽frogfacts
|player|p1|
