|j|☆RAlexa21th
|j|☆dr.jeckyl
|player|p1|RAlexa21th|170
|player|p2|dr.jeckyl|1
|teamsize|p1|6
|teamsize|p2|6
|gametype|singles
|gen|5
|tier|[Gen 5] OU
|rated|
|rule|Sleep Clause Mod: Limit one foe put to sleep
|rule|Species Clause: Limit one of each Pokémon
|rule|OHKO Clause: OHKO moves are banned
|rule|Moody Clause: Moody is banned
|rule|Evasion Moves Clause: Evasion moves are banned
|rule|Endless Battle Clause: Forcing endless battles is banned
|rule|HP Percentage Mod: HP is shown in percentages
|rule|Evasion Abilities Clause: Evasion abilities are banned
|rule|Baton Pass Clause: Limit one Baton Passer, can't pass Spe and other stats simultaneously
|rule|Swagger Clause: Swagger is banned
|clearpoke
|poke|p1|Tyranitar, F|item
|poke|p1|Garchomp, F|item
|poke|p1|Aerodactyl, M|item
|poke|p1|Magnezone|item
|poke|p1|Hydreigon, M|item
|poke|p1|Keldeo|item
|poke|p2|Politoed, F|item
|poke|p2|Ferrothorn, M|item
|poke|p2|Tornadus, M|item
|poke|p2|Azumarill, F|item
|poke|p2|Raikou|item
|poke|p2|Latios, M|item
|teampreview
|
|start
|switch|p1a: Not a Dino|Aerodactyl, M|100/100
|switch|p2a: Raikou|Raikou, shiny|100/100
|-ability|p1a: Not a Dino|Unnerve|p2: dr.jeckyl
|-ability|p2a: Raikou|Pressure
|turn|1
|
|switch|p2a: Ferrothorn|Ferrothorn, M|100/100
|move|p1a: Not a Dino|Taunt|p2a: Ferrothorn
|-start|p2a: Ferrothorn|move: Taunt
|
|upkeep
|turn|2
|
|move|p1a: Not a Dino|Stealth Rock|p2a: Ferrothorn
|-sidestart|p2: dr.jeckyl|move: Stealth Rock
|move|p2a: Ferrothorn|Gyro Ball|p1a: Not a Dino
|-supereffective|p1a: Not a Dino
|-enditem|p1a: Not a Dino|Focus Sash
|-damage|p1a: Not a Dino|1/100
|
|upkeep
|turn|3
|inactive|Battle timer is ON: inactive players will automatically lose when time's up. (requested by dr.jeckyl)
|
|switch|p1a: Master of Magnet|Magnezone|100/100
|move|p2a: Ferrothorn|Gyro Ball|p1a: Master of Magnet
|-resisted|p1a: Master of Magnet
|-damage|p1a: Master of Magnet|87/100
|
|-end|p2a: Ferrothorn|move: Taunt
|upkeep
|turn|4
|
|move|p1a: Master of Magnet|Hidden Power|p2a: Ferrothorn
|-supereffective|p2a: Ferrothorn
|-damage|p2a: Ferrothorn|39/100
|move|p2a: Ferrothorn|Stealth Rock|p1a: Master of Magnet
|-sidestart|p1: RAlexa21th|move: Stealth Rock
|
|-heal|p2a: Ferrothorn|45/100|[from] item: Leftovers
|upkeep
|turn|5
|
|move|p1a: Master of Magnet|Hidden Power|p2a: Ferrothorn
|-supereffective|p2a: Ferrothorn
|-damage|p2a: Ferrothorn|0 fnt
|faint|p2a: Ferrothorn
|
|upkeep
|inactive|dr.jeckyl has 135 seconds left.
|
|switch|p2a: Tornadus|Tornadus, M|100/100
|-damage|p2a: Tornadus|76/100|[from] Stealth Rock
|turn|6
|
|switch|p1a: Stormtrooper|Keldeo|100/100
|-damage|p1a: Stormtrooper|94/100|[from] Stealth Rock
|move|p2a: Tornadus|Focus Blast|p1a: Stormtrooper
|-damage|p1a: Stormtrooper|22/100
|
|-heal|p1a: Stormtrooper|28/100|[from] item: Leftovers
|upkeep
|turn|7
|
|move|p2a: Tornadus|Focus Blast|p1a: Stormtrooper
|-damage|p1a: Stormtrooper|0 fnt
|faint|p1a: Stormtrooper
|
|upkeep
|
|switch|p1a: Mega Flygon|Garchomp, F|100/100
|-damage|p1a: Mega Flygon|94/100|[from] Stealth Rock
|turn|8
|
|switch|p2a: Politoed|Politoed, F|100/100
|-damage|p2a: Politoed|88/100|[from] Stealth Rock
|-weather|RainDance|[from] ability: Drizzle|[of] p2a: Politoed
|move|p1a: Mega Flygon|Outrage|p2a: Politoed
|-damage|p2a: Politoed|41/100
|
|-weather|RainDance|[upkeep]
|-heal|p2a: Politoed|47/100|[from] item: Leftovers
|upkeep
|turn|9
|
|move|p2a: Politoed|Protect|p2a: Politoed
|-singleturn|p2a: Politoed|Protect
|move|p1a: Mega Flygon|Outrage|p2a: Politoed|[from]lockedmove
|-activate|p2a: Politoed|move: Protect
|
|-weather|RainDance|[upkeep]
|-heal|p2a: Politoed|53/100|[from] item: Leftovers
|upkeep
|turn|10
|inactive|dr.jeckyl has 135 seconds left.
|
|switch|p1a: Not a Dino|Aerodactyl, M|1/100
|-ability|p1a: Not a Dino|Unnerve|p2: dr.jeckyl
|-damage|p1a: Not a Dino|0 fnt|[from] Stealth Rock
|faint|p1a: Not a Dino
|switch|p2a: Azumarill|Azumarill, F|100/100
|-damage|p2a: Azumarill|88/100|[from] Stealth Rock
|
|-weather|RainDance|[upkeep]
|upkeep
|
|switch|p1a: Master of Magnet|Magnezone|87/100
|-damage|p1a: Master of Magnet|81/100|[from] Stealth Rock
|turn|11
|
|switch|p2a: Raikou|Raikou, shiny|100/100
|-damage|p2a: Raikou|88/100|[from] Stealth Rock
|-ability|p2a: Raikou|Pressure
|move|p1a: Master of Magnet|Thunderbolt|p2a: Raikou
|-resisted|p2a: Raikou
|-damage|p2a: Raikou|58/100
|
|-weather|RainDance|[upkeep]
|upkeep
|turn|12
|
|switch|p1a: Triple Battle|Hydreigon, M|100/100
|-damage|p1a: Triple Battle|88/100|[from] Stealth Rock
|move|p2a: Raikou|Aura Sphere|p1a: Triple Battle
|-supereffective|p1a: Triple Battle
|-damage|p1a: Triple Battle|0 fnt
|-damage|p2a: Raikou|48/100|[from] item: Life Orb
|faint|p1a: Triple Battle
|
|-weather|RainDance|[upkeep]
|upkeep
|
|switch|p1a: Mega Flygon|Garchomp, F|94/100
|-damage|p1a: Mega Flygon|88/100|[from] Stealth Rock
|turn|13
|
|switch|p2a: Azumarill|Azumarill, F|88/100
|-damage|p2a: Azumarill|76/100|[from] Stealth Rock
|move|p1a: Mega Flygon|Outrage|p2a: Azumarill
|-damage|p2a: Azumarill|13/100
|
|-weather|RainDance|[upkeep]
|upkeep
|turn|14
|
|move|p2a: Azumarill|Aqua Jet|p1a: Mega Flygon
|-damage|p1a: Mega Flygon|31/100
|-damage|p2a: Azumarill|1/100|[from] ability: Rough Skin|[of] p1a: Mega Flygon
|move|p1a: Mega Flygon|Outrage|p2a: Azumarill|[from]lockedmove
|-damage|p2a: Azumarill|0 fnt
|faint|p2a: Azumarill
|
|-weather|RainDance|[upkeep]
|upkeep
|
|switch|p2a: Tornadus|Tornadus, M|76/100
|-damage|p2a: Tornadus|51/100|[from] Stealth Rock
|turn|15
|
|move|p1a: Mega Flygon|Outrage|p2a: Tornadus|[from]lockedmove
|-damage|p2a: Tornadus|0 fnt
|-start|p1a: Mega Flygon|confusion|[fatigue]
|faint|p2a: Tornadus
|
|-weather|RainDance|[upkeep]
|upkeep
|
|switch|p2a: Politoed|Politoed, F|53/100
|-damage|p2a: Politoed|41/100|[from] Stealth Rock
|turn|16
|
|switch|p1a: T_T|Tyranitar, F|100/100
|-damage|p1a: T_T|88/100|[from] Stealth Rock
|-weather|Sandstorm|[from] ability: Sand Stream|[of] p1a: T_T
|move|p2a: Politoed|Scald|p1a: T_T
|-supereffective|p1a: T_T
|-damage|p1a: T_T|61/100
|-status|p1a: T_T|brn
|
|-weather|Sandstorm|[upkeep]
|-damage|p2a: Politoed|35/100|[from] sandstorm
|-heal|p2a: Politoed|41/100|[from] item: Leftovers
|-damage|p1a: T_T|49/100 brn|[from] brn
|upkeep
|turn|17
|
|move|p2a: Politoed|Scald|p1a: T_T
|-supereffective|p1a: T_T
|-damage|p1a: T_T|17/100 brn
|move|p1a: T_T|Pursuit|p2a: Politoed
|-damage|p2a: Politoed|31/100
|
|-weather|Sandstorm|[upkeep]
|-damage|p2a: Politoed|25/100|[from] sandstorm
|-heal|p2a: Politoed|31/100|[from] item: Leftovers
|-damage|p1a: T_T|5/100 brn|[from] brn
|upkeep
|turn|18
|
|move|p2a: Politoed|Scald|p1a: T_T
|-supereffective|p1a: T_T
|-crit|p1a: T_T
|-damage|p1a: T_T|0 fnt
|faint|p1a: T_T
|
|-weather|Sandstorm|[upkeep]
|-damage|p2a: Politoed|25/100|[from] sandstorm
|-heal|p2a: Politoed|31/100|[from] item: Leftovers
|upkeep
|
|switch|p1a: Mega Flygon|Garchomp, F|31/100
|-damage|p1a: Mega Flygon|25/100|[from] Stealth Rock
|turn|19
|
|switch|p2a: Raikou|Raikou, shiny|48/100
|-damage|p2a: Raikou|36/100|[from] Stealth Rock
|-ability|p2a: Raikou|Pressure
|move|p1a: Mega Flygon|Outrage|p2a: Raikou
|-damage|p2a: Raikou|0 fnt
|faint|p2a: Raikou
|
|-weather|Sandstorm|[upkeep]
|upkeep
|
|switch|p2a: Politoed|Politoed, F|31/100
|-damage|p2a: Politoed|19/100|[from] Stealth Rock
|-weather|RainDance|[from] ability: Drizzle|[of] p2a: Politoed
|turn|20
|
|move|p2a: Politoed|Protect|p2a: Politoed
|-singleturn|p2a: Politoed|Protect
|move|p1a: Mega Flygon|Outrage|p2a: Politoed|[from]lockedmove
|-activate|p2a: Politoed|move: Protect
|-start|p1a: Mega Flygon|confusion|[fatigue]
|
|-weather|RainDance|[upkeep]
|-heal|p2a: Politoed|25/100|[from] item: Leftovers
|upkeep
|turn|21
|
|switch|p1a: Master of Magnet|Magnezone|81/100
|-damage|p1a: Master of Magnet|75/100|[from] Stealth Rock
|move|p2a: Politoed|Scald|p1a: Master of Magnet
|-damage|p1a: Master of Magnet|23/100
|
|-weather|RainDance|[upkeep]
|-heal|p2a: Politoed|31/100|[from] item: Leftovers
|upkeep
|turn|22
|
|switch|p2a: Latios|Latios, M|100/100
|-damage|p2a: Latios|88/100|[from] Stealth Rock
|move|p1a: Master of Magnet|Volt Switch|p2a: Latios
|-resisted|p2a: Latios
|-damage|p2a: Latios|68/100
|
|switch|p1a: Mega Flygon|Garchomp, F|25/100
|-damage|p1a: Mega Flygon|19/100|[from] Stealth Rock
|
|-weather|RainDance|[upkeep]
|upkeep
|turn|23
|
|move|p1a: Mega Flygon|Dragon Claw|p2a: Latios
|-supereffective|p2a: Latios
|-damage|p2a: Latios|0 fnt
|faint|p2a: Latios
|
|-weather|RainDance|[upkeep]
|upkeep
|
|switch|p2a: Politoed|Politoed, F|31/100
|-damage|p2a: Politoed|19/100|[from] Stealth Rock
|turn|24
|c|☆dr.jeckyl|gg
|
|move|p2a: Politoed|Protect|p2a: Politoed
|-singleturn|p2a: Politoed|Protect
|move|p1a: Mega Flygon|Dragon Claw|p2a: Politoed
|-activate|p2a: Politoed|move: Protect
|
|-weather|RainDance|[upkeep]
|-heal|p2a: Politoed|25/100|[from] item: Leftovers
|upkeep
|turn|25
|c|☆RAlexa21th|gg
|
|move|p1a: Mega Flygon|Dragon Claw|p2a: Politoed
|-crit|p2a: Politoed
|-damage|p2a: Politoed|0 fnt
|faint|p2a: Politoed
|
|win|RAlexa21th
|raw|RAlexa21th's rating: 1299 &rarr; <strong>1332</strong><br />(+33 for winning)
|raw|dr.jeckyl's rating: 1421 &rarr; <strong>1394</strong><br />(-27 for losing)
|l|☆dr.jeckyl
