|j|☆HALOCENE
|j|☆Stefan1515
|player|p1|HALOCENE|guitarist-gen4|1403
|player|p2|Stefan1515|nate|1311
|teamsize|p1|6
|teamsize|p2|6
|gametype|singles
|gen|5
|tier|[Gen 5] OU
|rated|
|clearpoke
|poke|p1|Tyranitar, M|item
|poke|p1|Landorus-Therian, M|item
|poke|p1|Terrakion|item
|poke|p1|Excadrill, F|item
|poke|p1|Breloom, M|item
|poke|p1|Rotom-Wash|item
|poke|p2|Scizor, M|item
|poke|p2|Magnezone|item
|poke|p2|Landorus-Therian, M|item
|poke|p2|Starmie|item
|poke|p2|Dragonite, M|item
|poke|p2|Garchomp, M|item
|rule|Species Clause: Limit one of each Pokémon
|rule|OHKO Clause: OHKO moves are banned
|rule|Moody Clause: Moody is banned
|rule|Evasion Moves Clause: Evasion moves are banned
|rule|Endless Battle Clause: Forcing endless battles is banned
|rule|HP Percentage Mod: HP is shown in percentages
|rule|Evasion Abilities Clause: Evasion abilities are banned
|rule|Baton Pass Clause: Limit one Baton Passer, can't pass Spe and other stats simultaneously
|rule|Sleep Clause: Sleep-inducing moves are banned
|rule|Swagger Clause: Swagger is banned
|teampreview
|inactive|Battle timer is ON: inactive players will automatically lose when time's up. (requested by HALOCENE)
|
|start
|switch|p1a: Rotom|Rotom-Wash|100/100
|switch|p2a: Landorus-T|Landorus-Therian, M|100/100
|-ability|p2a: Landorus-T|Intimidate|boost
|-unboost|p1a: Rotom|atk|1
|turn|1
|
|move|p2a: Landorus-T|U-turn|p1a: Rotom
|-damage|p1a: Rotom|72/100
|
|switch|p2a: Magnezone|Magnezone|100/100|[from]move: U-turn
|move|p1a: Rotom|Will-O-Wisp|p2a: Magnezone|[miss]
|-miss|p1a: Rotom|p2a: Magnezone
|
|-heal|p1a: Rotom|78/100|[from] item: Leftovers
|upkeep
|turn|2
|inactive|Stefan1515 has 120 seconds left.
|
|switch|p1a: Excadrill|Excadrill, F|100/100
|move|p2a: Magnezone|Volt Switch|p1a: Excadrill
|-immune|p1a: Excadrill
|
|upkeep
|turn|3
|j| sunysunday
|
|switch|p2a: Landorus-T|Landorus-Therian, M|100/100
|-ability|p2a: Landorus-T|Intimidate|boost
|-unboost|p1a: Excadrill|atk|1
|move|p1a: Excadrill|Iron Head|p2a: Landorus-T
|-damage|p2a: Landorus-T|68/100
|
|upkeep
|turn|4
|l| sunysunday
|
|switch|p1a: Landorus|Landorus-Therian, M|100/100
|-ability|p1a: Landorus|Intimidate|boost
|-unboost|p2a: Landorus-T|atk|1
|move|p2a: Landorus-T|U-turn|p1a: Landorus
|-resisted|p1a: Landorus
|-damage|p1a: Landorus|92/100
|-damage|p2a: Landorus-T|51/100|[from] item: Rocky Helmet|[of] p1a: Landorus
|
|switch|p2a: Starmie|Starmie|100/100|[from]move: U-turn
|
|upkeep
|turn|5
|
|switch|p1a: Rotom|Rotom-Wash|78/100
|move|p2a: Starmie|Hydro Pump|p1a: Rotom
|-resisted|p1a: Rotom
|-damage|p1a: Rotom|46/100
|-damage|p2a: Starmie|91/100|[from] item: Life Orb
|
|-heal|p1a: Rotom|52/100|[from] item: Leftovers
|upkeep
|turn|6
|
|move|p2a: Starmie|Psyshock|p1a: Rotom
|-damage|p1a: Rotom|2/100
|-damage|p2a: Starmie|81/100|[from] item: Life Orb
|move|p1a: Rotom|Will-O-Wisp|p2a: Starmie|[miss]
|-miss|p1a: Rotom|p2a: Starmie
|
|-heal|p1a: Rotom|8/100|[from] item: Leftovers
|upkeep
|turn|7
|inactive|Stefan1515 has 120 seconds left.
|
|move|p2a: Starmie|Hydro Pump|p1a: Rotom|[miss]
|-miss|p2a: Starmie|p1a: Rotom
|move|p1a: Rotom|Volt Switch|p2a: Starmie
|-supereffective|p2a: Starmie
|-damage|p2a: Starmie|4/100
|
|switch|p1a: Tyranitar|Tyranitar, M|100/100|[from]move: Volt Switch
|-weather|Sandstorm|[from] ability: Sand Stream|[of] p1a: Tyranitar
|
|-weather|Sandstorm|[upkeep]
|-damage|p2a: Starmie|0 fnt|[from] Sandstorm
|faint|p2a: Starmie
|upkeep
|c|☆Stefan1515|f
|inactive|Stefan1515 has 120 seconds left.
|
|switch|p2a: Garchomp|Garchomp, M|100/100
|turn|8
|inactive|Stefan1515 has 120 seconds left.
|inactive|Stefan1515 has 90 seconds left.
|
|move|p2a: Garchomp|Swords Dance|p2a: Garchomp
|-boost|p2a: Garchomp|atk|2
|move|p1a: Tyranitar|Ice Beam|p2a: Garchomp
|-supereffective|p2a: Garchomp
|-damage|p2a: Garchomp|12/100
|
|-weather|Sandstorm|[upkeep]
|upkeep
|turn|9
|
|switch|p1a: Rotom|Rotom-Wash|8/100
|move|p2a: Garchomp|Stealth Rock|p1a: Rotom
|-sidestart|p1: HALOCENE|move: Stealth Rock
|
|-weather|Sandstorm|[upkeep]
|-damage|p1a: Rotom|2/100|[from] Sandstorm
|-heal|p1a: Rotom|8/100|[from] item: Leftovers
|upkeep
|turn|10
|
|move|p2a: Garchomp|Outrage|p1a: Rotom
|-damage|p1a: Rotom|0 fnt
|faint|p1a: Rotom
|
|-weather|Sandstorm|[upkeep]
|upkeep
|
|switch|p1a: Terrakion|Terrakion|100/100
|-damage|p1a: Terrakion|94/100|[from] Stealth Rock
|turn|11
|
|move|p1a: Terrakion|Quick Attack|p2a: Garchomp
|-damage|p2a: Garchomp|0 fnt
|-damage|p1a: Terrakion|82/100|[from] ability: Rough Skin|[of] p2a: Garchomp
|faint|p2a: Garchomp
|
|-weather|Sandstorm|[upkeep]
|upkeep
|inactive|Stefan1515 has 90 seconds left.
|
|switch|p2a: Scizor|Scizor, M|100/100
|turn|12
|
|switch|p1a: Landorus|Landorus-Therian, M|92/100
|-damage|p1a: Landorus|80/100|[from] Stealth Rock
|-ability|p1a: Landorus|Intimidate|boost
|-unboost|p2a: Scizor|atk|1
|move|p2a: Scizor|Swords Dance|p2a: Scizor
|-boost|p2a: Scizor|atk|2
|
|-weather|Sandstorm|[upkeep]
|upkeep
|turn|13
|
|move|p1a: Landorus|Earthquake|p2a: Scizor
|-damage|p2a: Scizor|56/100
|move|p2a: Scizor|Swords Dance|p2a: Scizor
|-boost|p2a: Scizor|atk|2
|
|-weather|Sandstorm|[upkeep]
|-heal|p2a: Scizor|62/100|[from] item: Leftovers
|upkeep
|turn|14
|
|move|p1a: Landorus|Earthquake|p2a: Scizor
|-damage|p2a: Scizor|12/100
|move|p2a: Scizor|Roost|p2a: Scizor
|-heal|p2a: Scizor|62/100
|-singleturn|p2a: Scizor|move: Roost
|
|-weather|Sandstorm|[upkeep]
|-heal|p2a: Scizor|68/100|[from] item: Leftovers
|upkeep
|turn|15
|
|move|p1a: Landorus|Earthquake|p2a: Scizor
|-crit|p2a: Scizor
|-damage|p2a: Scizor|0 fnt
|faint|p2a: Scizor
|
|-weather|Sandstorm|[upkeep]
|upkeep
|
|switch|p2a: Landorus-T|Landorus-Therian, M|51/100
|-ability|p2a: Landorus-T|Intimidate|boost
|-unboost|p1a: Landorus|atk|1
|turn|16
|
|switch|p1a: Tyranitar|Tyranitar, M|100/100
|-damage|p1a: Tyranitar|88/100|[from] Stealth Rock
|move|p2a: Landorus-T|Hidden Power|p1a: Tyranitar
|-damage|p1a: Tyranitar|81/100
|
|-weather|Sandstorm|[upkeep]
|upkeep
|turn|17
|
|-activate|p2a: Landorus-T|move: Pursuit
|move|p1a: Tyranitar|Pursuit|p2a: Landorus-T|[from]Pursuit
|-damage|p2a: Landorus-T|6/100
|switch|p2a: Magnezone|Magnezone|100/100
|
|-weather|Sandstorm|[upkeep]
|upkeep
|turn|18
|inactive|Stefan1515 has 120 seconds left.
|
|switch|p1a: Excadrill|Excadrill, F|100/100
|-damage|p1a: Excadrill|97/100|[from] Stealth Rock
|move|p2a: Magnezone|Hidden Power|p1a: Excadrill
|-supereffective|p1a: Excadrill
|-damage|p1a: Excadrill|0 fnt
|faint|p1a: Excadrill
|
|-weather|Sandstorm|[upkeep]
|upkeep
|
|switch|p1a: Landorus|Landorus-Therian, M|80/100
|-damage|p1a: Landorus|68/100|[from] Stealth Rock
|-ability|p1a: Landorus|Intimidate|boost
|-unboost|p2a: Magnezone|atk|1
|turn|19
|
|move|p1a: Landorus|Stealth Rock|p2a: Magnezone
|-sidestart|p2: Stefan1515|move: Stealth Rock
|move|p2a: Magnezone|Hidden Power|p1a: Landorus
|-damage|p1a: Landorus|19/100
|
|-weather|Sandstorm|[upkeep]
|upkeep
|turn|20
|
|switch|p2a: Landorus-T|Landorus-Therian, M|6/100
|-damage|p2a: Landorus-T|0 fnt|[from] Stealth Rock
|faint|p2a: Landorus-T
|move|p1a: Landorus|Earthquake|p2: Landorus-T|[notarget]
|-fail|p1a: Landorus
|
|-weather|Sandstorm|[upkeep]
|upkeep
|
|switch|p2a: Dragonite|Dragonite, M|100/100
|-damage|p2a: Dragonite|76/100|[from] Stealth Rock
|turn|21
|
|move|p2a: Dragonite|Extreme Speed|p1a: Landorus
|-damage|p1a: Landorus|0 fnt
|-damage|p2a: Dragonite|59/100|[from] item: Rocky Helmet|[of] p1a: Landorus
|faint|p1a: Landorus
|
|-weather|Sandstorm|[upkeep]
|-damage|p2a: Dragonite|53/100|[from] Sandstorm
|upkeep
|
|switch|p1a: Tyranitar|Tyranitar, M|81/100
|-damage|p1a: Tyranitar|68/100|[from] Stealth Rock
|turn|22
|
|move|p2a: Dragonite|Extreme Speed|p1a: Tyranitar
|-resisted|p1a: Tyranitar
|-damage|p1a: Tyranitar|49/100
|move|p1a: Tyranitar|Pursuit|p2a: Dragonite
|-damage|p2a: Dragonite|31/100
|
|-weather|Sandstorm|[upkeep]
|-damage|p2a: Dragonite|25/100|[from] Sandstorm
|upkeep
|turn|23
|
|move|p2a: Dragonite|Extreme Speed|p1a: Tyranitar
|-resisted|p1a: Tyranitar
|-damage|p1a: Tyranitar|29/100
|move|p1a: Tyranitar|Pursuit|p2a: Dragonite
|-damage|p2a: Dragonite|2/100
|
|-weather|Sandstorm|[upkeep]
|-damage|p2a: Dragonite|0 fnt|[from] Sandstorm
|faint|p2a: Dragonite
|upkeep
|
|switch|p2a: Magnezone|Magnezone|100/100
|-damage|p2a: Magnezone|94/100|[from] Stealth Rock
|turn|24
|
|move|p2a: Magnezone|Flash Cannon|p1a: Tyranitar
|-supereffective|p1a: Tyranitar
|-damage|p1a: Tyranitar|0 fnt
|faint|p1a: Tyranitar
|
|-weather|Sandstorm|[upkeep]
|upkeep
|
|switch|p1a: Terrakion|Terrakion|82/100
|-damage|p1a: Terrakion|76/100|[from] Stealth Rock
|turn|25
|
|move|p1a: Terrakion|Close Combat|p2a: Magnezone
|-supereffective|p2a: Magnezone
|-damage|p2a: Magnezone|0 fnt
|-unboost|p1a: Terrakion|def|1
|-unboost|p1a: Terrakion|spd|1
|faint|p2a: Magnezone
|
|win|HALOCENE
|raw|HALOCENE's rating: 1404 &rarr; <strong>1418</strong><br />(+14 for winning)
|raw|Stefan1515's rating: 1311 &rarr; <strong>1297</strong><br />(-14 for losing)
|l|☆Stefan1515
