|uhtml|medal-msg|<div class="broadcast-blue">Curious what those medals under the avatar are? PS now has Ladder Seasons! For more information, check out the <a href="https://www.smogon.com/forums/threads/3740067/">thread on Smogon.</a></div>
|uhtml|medal-msg|<div class="broadcast-blue">Curious what those medals under the avatar are? PS now has Ladder Seasons! For more information, check out the <a href="https://www.smogon.com/forums/threads/3740067/">thread on Smogon.</a></div>
|j|☆leoperi99
|j|☆Sevenor3
|t:|1712965386
|gametype|singles
|player|p1|leoperi99|juggler-gen2|1453
|player|p2|Sevenor3|psychicf-gen4|1439
|teamsize|p1|6
|teamsize|p2|6
|gen|5
|tier|[Gen 5] OU
|rated|
|rule|Species Clause: Limit one of each Pokémon
|rule|OHKO Clause: OHKO moves are banned
|rule|Moody Clause: Moody is banned
|rule|Evasion Items Clause: Evasion items are banned
|rule|Evasion Moves Clause: Evasion moves are banned
|rule|Endless Battle Clause: Forcing endless battles is banned
|rule|HP Percentage Mod: HP is shown in percentages
|rule|Evasion Abilities Clause: Evasion abilities are banned
|rule|Sleep Moves Clause: Sleep-inducing moves are banned
|rule|Swagger Clause: Swagger is banned
|rule|Baton Pass Stat Clause: No Baton Passer may have a way to boost its stats
|clearpoke
|poke|p1|Kyurem|item
|poke|p1|Politoed, F|item
|poke|p1|Tentacruel, M|item
|poke|p1|Jirachi|item
|poke|p1|Landorus-Therian, M|item
|poke|p1|Zapdos|item
|poke|p2|Tyranitar, M|item
|poke|p2|Mamoswine, M|item
|poke|p2|Keldeo|item
|poke|p2|Amoonguss, F|item
|poke|p2|Gliscor, M|item
|poke|p2|Excadrill, M|item
|teampreview
|inactive|Battle timer is ON: inactive players will automatically lose when time's up. (requested by Sevenor3)
|
|t:|1712965416
|start
|switch|p1a: Landorus-Theory|Landorus-Therian, M|100/100
|switch|p2a: Amoonguss|Amoonguss, F|100/100
|-ability|p1a: Landorus-Theory|Intimidate|boost
|-unboost|p2a: Amoonguss|atk|1
|turn|1
|
|t:|1712965422
|move|p1a: Landorus-Theory|U-turn|p2a: Amoonguss
|-damage|p2a: Amoonguss|79/100
|
|t:|1712965425
|switch|p1a: Dpp jirachi PTSD|Jirachi|100/100|[from] U-turn
|move|p2a: Amoonguss|Stun Spore|p1a: Dpp jirachi PTSD
|-status|p1a: Dpp jirachi PTSD|par
|
|-heal|p2a: Amoonguss|85/100|[from] item: Black Sludge
|upkeep
|turn|2
|
|t:|1712965433
|switch|p2a: Gliscor|Gliscor, M|100/100
|cant|p1a: Dpp jirachi PTSD|par
|
|-status|p2a: Gliscor|tox|[from] item: Toxic Orb
|upkeep
|turn|3
|
|t:|1712965440
|switch|p1a: Landorus-Theory|Landorus-Therian, M|100/100
|-ability|p1a: Landorus-Theory|Intimidate|boost
|-unboost|p2a: Gliscor|atk|1
|move|p2a: Gliscor|Stealth Rock|p1a: Landorus-Theory
|-sidestart|p1: leoperi99|move: Stealth Rock
|
|upkeep
|turn|4
|
|t:|1712965446
|switch|p2a: Keldeo|Keldeo|100/100
|move|p1a: Landorus-Theory|Stealth Rock|p2a: Keldeo
|-sidestart|p2: Sevenor3|move: Stealth Rock
|
|upkeep
|turn|5
|
|t:|1712965455
|switch|p1a: really cruel mon|Tentacruel, M|100/100
|-damage|p1a: really cruel mon|88/100|[from] Stealth Rock
|move|p2a: Keldeo|Scald|p1a: really cruel mon
|-resisted|p1a: really cruel mon
|-damage|p1a: really cruel mon|73/100
|
|-heal|p1a: really cruel mon|79/100|[from] item: Black Sludge
|upkeep
|turn|6
|
|t:|1712965467
|switch|p2a: Excadrill|Excadrill, M|100/100
|-damage|p2a: Excadrill|97/100|[from] Stealth Rock
|move|p1a: really cruel mon|Protect||[still]
|-fail|p1a: really cruel mon
|
|-heal|p2a: Excadrill|100/100|[from] item: Leftovers
|-heal|p1a: really cruel mon|85/100|[from] item: Black Sludge
|upkeep
|turn|7
|
|t:|1712965490
|switch|p1a: Politoed|Politoed, F|100/100
|-damage|p1a: Politoed|88/100|[from] Stealth Rock
|-weather|RainDance|[from] ability: Drizzle|[of] p1a: Politoed
|move|p2a: Excadrill|Earthquake|p1a: Politoed
|-damage|p1a: Politoed|54/100
|
|-weather|RainDance|[upkeep]
|-heal|p1a: Politoed|60/100|[from] item: Leftovers
|upkeep
|turn|8
|
|t:|1712965497
|switch|p2a: Amoonguss|Amoonguss, F|100/100
|-damage|p2a: Amoonguss|88/100|[from] Stealth Rock
|move|p1a: Politoed|Scald|p2a: Amoonguss
|-resisted|p2a: Amoonguss
|-damage|p2a: Amoonguss|75/100
|
|-weather|RainDance|[upkeep]
|-heal|p1a: Politoed|66/100|[from] item: Leftovers
|-heal|p2a: Amoonguss|81/100|[from] item: Black Sludge
|upkeep
|turn|9
|
|t:|1712965501
|switch|p1a: Dpp jirachi PTSD|Jirachi|100/100 par
|-damage|p1a: Dpp jirachi PTSD|94/100 par|[from] Stealth Rock
|move|p2a: Amoonguss|Stun Spore|p1a: Dpp jirachi PTSD
|-fail|p1a: Dpp jirachi PTSD|par
|
|-weather|RainDance|[upkeep]
|-heal|p2a: Amoonguss|87/100|[from] item: Black Sludge
|-heal|p1a: Dpp jirachi PTSD|100/100 par|[from] item: Leftovers
|upkeep
|turn|10
|
|t:|1712965504
|move|p2a: Amoonguss|Hidden Power|p1a: Dpp jirachi PTSD
|-supereffective|p1a: Dpp jirachi PTSD
|-damage|p1a: Dpp jirachi PTSD|92/100 par
|move|p1a: Dpp jirachi PTSD|Body Slam|p2a: Amoonguss
|-damage|p2a: Amoonguss|69/100
|
|-weather|RainDance|[upkeep]
|-heal|p2a: Amoonguss|75/100|[from] item: Black Sludge
|-heal|p1a: Dpp jirachi PTSD|98/100 par|[from] item: Leftovers
|upkeep
|turn|11
|
|t:|1712965507
|switch|p2a: Gliscor|Gliscor, M|100/100 tox
|-damage|p2a: Gliscor|88/100 tox|[from] Stealth Rock
|cant|p1a: Dpp jirachi PTSD|par
|
|-weather|RainDance|[upkeep]
|-heal|p1a: Dpp jirachi PTSD|100/100 par|[from] item: Leftovers
|-heal|p2a: Gliscor|100/100 tox|[from] ability: Poison Heal
|upkeep
|turn|12
|
|t:|1712965510
|move|p2a: Gliscor|Earthquake|p1a: Dpp jirachi PTSD
|-supereffective|p1a: Dpp jirachi PTSD
|-damage|p1a: Dpp jirachi PTSD|45/100 par
|move|p1a: Dpp jirachi PTSD|U-turn|p2a: Gliscor
|-resisted|p2a: Gliscor
|-damage|p2a: Gliscor|95/100 tox
|
|t:|1712965512
|switch|p1a: Fair and balanced|Kyurem, shiny|100/100|[from] U-turn
|-damage|p1a: Fair and balanced|76/100|[from] Stealth Rock
|-ability|p1a: Fair and balanced|Pressure
|
|-weather|RainDance|[upkeep]
|-heal|p1a: Fair and balanced|82/100|[from] item: Leftovers
|-heal|p2a: Gliscor|100/100 tox|[from] ability: Poison Heal
|upkeep
|turn|13
|
|t:|1712965523
|switch|p2a: Tyranitar|Tyranitar, M|100/100
|-damage|p2a: Tyranitar|88/100|[from] Stealth Rock
|-weather|Sandstorm|[from] ability: Sand Stream|[of] p2a: Tyranitar
|move|p1a: Fair and balanced|Substitute|p1a: Fair and balanced
|-start|p1a: Fair and balanced|Substitute
|-damage|p1a: Fair and balanced|57/100
|
|-weather|Sandstorm|[upkeep]
|-damage|p1a: Fair and balanced|51/100|[from] Sandstorm
|-heal|p1a: Fair and balanced|57/100|[from] item: Leftovers
|upkeep
|turn|14
|
|t:|1712965528
|move|p1a: Fair and balanced|Roost|p1a: Fair and balanced
|-heal|p1a: Fair and balanced|100/100
|-singleturn|p1a: Fair and balanced|move: Roost
|move|p2a: Tyranitar|Crunch|p1a: Fair and balanced
|-end|p1a: Fair and balanced|Substitute
|
|-weather|Sandstorm|[upkeep]
|-damage|p1a: Fair and balanced|94/100|[from] Sandstorm
|-heal|p1a: Fair and balanced|100/100|[from] item: Leftovers
|upkeep
|turn|15
|
|t:|1712965532
|switch|p1a: really cruel mon|Tentacruel, M|85/100
|-damage|p1a: really cruel mon|73/100|[from] Stealth Rock
|move|p2a: Tyranitar|Superpower|p1a: really cruel mon
|-resisted|p1a: really cruel mon
|-damage|p1a: really cruel mon|53/100
|-unboost|p2a: Tyranitar|atk|1
|-unboost|p2a: Tyranitar|def|1
|
|-weather|Sandstorm|[upkeep]
|-damage|p1a: really cruel mon|47/100|[from] Sandstorm
|-heal|p1a: really cruel mon|53/100|[from] item: Black Sludge
|upkeep
|turn|16
|
|t:|1712965539
|switch|p2a: Amoonguss|Amoonguss, F|100/100
|-damage|p2a: Amoonguss|88/100|[from] Stealth Rock
|move|p1a: really cruel mon|Rapid Spin|p2a: Amoonguss
|-damage|p2a: Amoonguss|85/100
|-sideend|p1: leoperi99|Stealth Rock|[from] move: Rapid Spin|[of] p1a: really cruel mon
|
|-weather|Sandstorm|[upkeep]
|-damage|p1a: really cruel mon|47/100|[from] Sandstorm
|-damage|p2a: Amoonguss|79/100|[from] Sandstorm
|-heal|p1a: really cruel mon|53/100|[from] item: Black Sludge
|-heal|p2a: Amoonguss|85/100|[from] item: Black Sludge
|upkeep
|turn|17
|
|t:|1712965547
|switch|p1a: Politoed|Politoed, F|66/100
|-weather|RainDance|[from] ability: Drizzle|[of] p1a: Politoed
|switch|p2a: Excadrill|Excadrill, M|100/100
|-damage|p2a: Excadrill|97/100|[from] Stealth Rock
|
|-weather|RainDance|[upkeep]
|-heal|p2a: Excadrill|100/100|[from] item: Leftovers
|-heal|p1a: Politoed|72/100|[from] item: Leftovers
|upkeep
|turn|18
|
|t:|1712965557
|switch|p2a: Amoonguss|Amoonguss, F|100/100
|-damage|p2a: Amoonguss|88/100|[from] Stealth Rock
|move|p1a: Politoed|Scald|p2a: Amoonguss
|-resisted|p2a: Amoonguss
|-damage|p2a: Amoonguss|75/100
|
|-weather|RainDance|[upkeep]
|-heal|p1a: Politoed|79/100|[from] item: Leftovers
|-heal|p2a: Amoonguss|81/100|[from] item: Black Sludge
|upkeep
|turn|19
|
|t:|1712965561
|switch|p1a: Dpp jirachi PTSD|Jirachi|45/100 par
|move|p2a: Amoonguss|Giga Drain|p1a: Dpp jirachi PTSD
|-resisted|p1a: Dpp jirachi PTSD
|-damage|p1a: Dpp jirachi PTSD|38/100 par
|-heal|p2a: Amoonguss|84/100|[from] drain|[of] p1a: Dpp jirachi PTSD
|
|-weather|RainDance|[upkeep]
|-heal|p2a: Amoonguss|90/100|[from] item: Black Sludge
|-heal|p1a: Dpp jirachi PTSD|45/100 par|[from] item: Leftovers
|upkeep
|turn|20
|
|t:|1712965564
|switch|p2a: Tyranitar|Tyranitar, M|88/100
|-damage|p2a: Tyranitar|76/100|[from] Stealth Rock
|-weather|Sandstorm|[from] ability: Sand Stream|[of] p2a: Tyranitar
|move|p1a: Dpp jirachi PTSD|Wish|p1a: Dpp jirachi PTSD
|
|-weather|Sandstorm|[upkeep]
|-heal|p1a: Dpp jirachi PTSD|51/100 par|[from] item: Leftovers
|upkeep
|turn|21
|
|t:|1712965569
|move|p2a: Tyranitar|Crunch|p1a: Dpp jirachi PTSD
|-damage|p1a: Dpp jirachi PTSD|15/100 par
|-unboost|p1a: Dpp jirachi PTSD|def|1
|cant|p1a: Dpp jirachi PTSD|par
|
|-weather|Sandstorm|[upkeep]
|-heal|p1a: Dpp jirachi PTSD|65/100 par|[from] move: Wish|[wisher] Dpp jirachi PTSD
|-heal|p1a: Dpp jirachi PTSD|71/100 par|[from] item: Leftovers
|upkeep
|turn|22
|
|t:|1712965578
|switch|p1a: Landorus-Theory|Landorus-Therian, M|100/100
|-ability|p1a: Landorus-Theory|Intimidate|boost
|-unboost|p2a: Tyranitar|atk|1
|move|p2a: Tyranitar|Crunch|p1a: Landorus-Theory
|-damage|p1a: Landorus-Theory|74/100
|-unboost|p1a: Landorus-Theory|def|1
|
|-weather|Sandstorm|[upkeep]
|-heal|p1a: Landorus-Theory|80/100|[from] item: Leftovers
|upkeep
|turn|23
|
|t:|1712965581
|move|p1a: Landorus-Theory|U-turn|p2a: Tyranitar
|-supereffective|p2a: Tyranitar
|-damage|p2a: Tyranitar|41/100
|
|t:|1712965585
|switch|p1a: Dpp jirachi PTSD|Jirachi|71/100 par|[from] U-turn
|move|p2a: Tyranitar|Ice Beam|p1a: Dpp jirachi PTSD
|-resisted|p1a: Dpp jirachi PTSD
|-damage|p1a: Dpp jirachi PTSD|65/100 par
|
|-weather|Sandstorm|[upkeep]
|-heal|p1a: Dpp jirachi PTSD|71/100 par|[from] item: Leftovers
|upkeep
|turn|24
|
|t:|1712965590
|move|p2a: Tyranitar|Crunch|p1a: Dpp jirachi PTSD
|-damage|p1a: Dpp jirachi PTSD|48/100 par
|move|p1a: Dpp jirachi PTSD|Wish|p1a: Dpp jirachi PTSD
|
|-weather|Sandstorm|[upkeep]
|-heal|p1a: Dpp jirachi PTSD|54/100 par|[from] item: Leftovers
|upkeep
|turn|25
|
|t:|1712965594
|switch|p2a: Excadrill|Excadrill, M|100/100
|-damage|p2a: Excadrill|97/100|[from] Stealth Rock
|move|p1a: Dpp jirachi PTSD|Iron Head|p2a: Excadrill
|-resisted|p2a: Excadrill
|-damage|p2a: Excadrill|79/100
|
|-weather|Sandstorm|[upkeep]
|-heal|p1a: Dpp jirachi PTSD|100/100 par|[from] move: Wish|[wisher] Dpp jirachi PTSD
|-heal|p2a: Excadrill|85/100|[from] item: Leftovers
|upkeep
|turn|26
|
|t:|1712965599
|switch|p1a: Politoed|Politoed, F|79/100
|-weather|RainDance|[from] ability: Drizzle|[of] p1a: Politoed
|move|p2a: Excadrill|Earthquake|p1a: Politoed
|-crit|p1a: Politoed
|-damage|p1a: Politoed|14/100
|
|-weather|RainDance|[upkeep]
|-heal|p2a: Excadrill|91/100|[from] item: Leftovers
|-heal|p1a: Politoed|21/100|[from] item: Leftovers
|upkeep
|turn|27
|
|t:|1712965602
|move|p1a: Politoed|Protect|p1a: Politoed
|-singleturn|p1a: Politoed|Protect
|move|p2a: Excadrill|Earthquake|p1a: Politoed
|-activate|p1a: Politoed|move: Protect
|
|-weather|RainDance|[upkeep]
|-heal|p2a: Excadrill|97/100|[from] item: Leftovers
|-heal|p1a: Politoed|27/100|[from] item: Leftovers
|upkeep
|turn|28
|
|t:|1712965604
|switch|p1a: GSC Zapdos|Zapdos|100/100
|-ability|p1a: GSC Zapdos|Pressure
|move|p2a: Excadrill|Earthquake|p1a: GSC Zapdos
|-immune|p1a: GSC Zapdos
|
|-weather|RainDance|[upkeep]
|-heal|p2a: Excadrill|100/100|[from] item: Leftovers
|upkeep
|turn|29
|
|t:|1712965608
|switch|p2a: Tyranitar|Tyranitar, M|41/100
|-damage|p2a: Tyranitar|28/100|[from] Stealth Rock
|-weather|Sandstorm|[from] ability: Sand Stream|[of] p2a: Tyranitar
|move|p1a: GSC Zapdos|Substitute|p1a: GSC Zapdos
|-start|p1a: GSC Zapdos|Substitute
|-damage|p1a: GSC Zapdos|76/100
|
|-weather|Sandstorm|[upkeep]
|-damage|p1a: GSC Zapdos|69/100|[from] Sandstorm
|-heal|p1a: GSC Zapdos|76/100|[from] item: Leftovers
|upkeep
|turn|30
|
|t:|1712965614
|move|p1a: GSC Zapdos|Hidden Power|p2a: Tyranitar
|-supereffective|p2a: Tyranitar
|-damage|p2a: Tyranitar|4/100
|move|p2a: Tyranitar|Ice Beam|p1a: GSC Zapdos
|-supereffective|p1a: GSC Zapdos
|-end|p1a: GSC Zapdos|Substitute
|
|-weather|Sandstorm|[upkeep]
|-damage|p1a: GSC Zapdos|69/100|[from] Sandstorm
|-heal|p1a: GSC Zapdos|76/100|[from] item: Leftovers
|upkeep
|turn|31
|
|t:|1712965625
|switch|p2a: Gliscor|Gliscor, M|100/100 tox
|-damage|p2a: Gliscor|88/100 tox|[from] Stealth Rock
|move|p1a: GSC Zapdos|Hidden Power|p2a: Gliscor
|-supereffective|p2a: Gliscor
|-damage|p2a: Gliscor|43/100 tox
|
|-weather|Sandstorm|[upkeep]
|-damage|p1a: GSC Zapdos|69/100|[from] Sandstorm
|-heal|p1a: GSC Zapdos|76/100|[from] item: Leftovers
|-heal|p2a: Gliscor|55/100 tox|[from] ability: Poison Heal
|upkeep
|turn|32
|
|t:|1712965630
|move|p1a: GSC Zapdos|Substitute|p1a: GSC Zapdos
|-start|p1a: GSC Zapdos|Substitute
|-damage|p1a: GSC Zapdos|51/100
|move|p2a: Gliscor|Stealth Rock|p1a: GSC Zapdos
|-sidestart|p1: leoperi99|move: Stealth Rock
|
|-weather|Sandstorm|[upkeep]
|-damage|p1a: GSC Zapdos|45/100|[from] Sandstorm
|-heal|p1a: GSC Zapdos|51/100|[from] item: Leftovers
|-heal|p2a: Gliscor|68/100 tox|[from] ability: Poison Heal
|upkeep
|turn|33
|
|t:|1712965638
|switch|p2a: Amoonguss|Amoonguss, F|100/100
|-damage|p2a: Amoonguss|88/100|[from] Stealth Rock
|move|p1a: GSC Zapdos|Roost|p1a: GSC Zapdos
|-heal|p1a: GSC Zapdos|100/100
|-singleturn|p1a: GSC Zapdos|move: Roost
|
|-weather|Sandstorm|[upkeep]
|-damage|p1a: GSC Zapdos|94/100|[from] Sandstorm
|-damage|p2a: Amoonguss|82/100|[from] Sandstorm
|-heal|p1a: GSC Zapdos|100/100|[from] item: Leftovers
|-heal|p2a: Amoonguss|88/100|[from] item: Black Sludge
|upkeep
|turn|34
|
|t:|1712965640
|move|p1a: GSC Zapdos|Thunder|p2a: Amoonguss|[miss]
|-miss|p1a: GSC Zapdos|p2a: Amoonguss
|move|p2a: Amoonguss|Sludge Bomb|p1a: GSC Zapdos
|-end|p1a: GSC Zapdos|Substitute
|
|-weather|Sandstorm|[upkeep]
|-damage|p1a: GSC Zapdos|94/100|[from] Sandstorm
|-damage|p2a: Amoonguss|82/100|[from] Sandstorm
|-heal|p1a: GSC Zapdos|100/100|[from] item: Leftovers
|-heal|p2a: Amoonguss|88/100|[from] item: Black Sludge
|upkeep
|turn|35
|
|t:|1712965646
|switch|p1a: Dpp jirachi PTSD|Jirachi|100/100 par
|-damage|p1a: Dpp jirachi PTSD|94/100 par|[from] Stealth Rock
|move|p2a: Amoonguss|Stun Spore|p1a: Dpp jirachi PTSD
|-fail|p1a: Dpp jirachi PTSD|par
|
|-weather|Sandstorm|[upkeep]
|-damage|p2a: Amoonguss|82/100|[from] Sandstorm
|-heal|p2a: Amoonguss|88/100|[from] item: Black Sludge
|-heal|p1a: Dpp jirachi PTSD|100/100 par|[from] item: Leftovers
|upkeep
|turn|36
|
|t:|1712965650
|move|p2a: Amoonguss|Hidden Power|p1a: Dpp jirachi PTSD
|-supereffective|p1a: Dpp jirachi PTSD
|-damage|p1a: Dpp jirachi PTSD|84/100 par
|move|p1a: Dpp jirachi PTSD|Wish|p1a: Dpp jirachi PTSD
|
|-weather|Sandstorm|[upkeep]
|-damage|p2a: Amoonguss|82/100|[from] Sandstorm
|-heal|p2a: Amoonguss|88/100|[from] item: Black Sludge
|-heal|p1a: Dpp jirachi PTSD|90/100 par|[from] item: Leftovers
|upkeep
|turn|37
|
|t:|1712965653
|switch|p2a: Gliscor|Gliscor, M|68/100 tox
|-damage|p2a: Gliscor|55/100 tox|[from] Stealth Rock
|move|p1a: Dpp jirachi PTSD|U-turn|p2a: Gliscor
|-resisted|p2a: Gliscor
|-damage|p2a: Gliscor|49/100 tox
|
|t:|1712965655
|switch|p1a: Politoed|Politoed, F|27/100|[from] U-turn
|-damage|p1a: Politoed|14/100|[from] Stealth Rock
|-weather|RainDance|[from] ability: Drizzle|[of] p1a: Politoed
|
|-weather|RainDance|[upkeep]
|-heal|p1a: Politoed|67/100|[from] move: Wish|[wisher] Dpp jirachi PTSD
|-heal|p1a: Politoed|73/100|[from] item: Leftovers
|-heal|p2a: Gliscor|62/100 tox|[from] ability: Poison Heal
|upkeep
|turn|38
|-message|Sevenor3 forfeited.
|
|win|leoperi99
|raw|leoperi99's rating: 1453 &rarr; <strong>1472</strong><br />(+19 for winning)
|raw|Sevenor3's rating: 1439 &rarr; <strong>1420</strong><br />(-19 for losing)
|l|☆Sevenor3
|player|p2|
