|uhtml|medal-msg|<div class="broadcast-blue">Curious what those medals under the avatar are? PS now has Ladder Seasons! For more information, check out the <a href="https://www.smogon.com/forums/threads/3740067/">thread on Smogon.</a></div>
|uhtml|medal-msg|<div class="broadcast-blue">Curious what those medals under the avatar are? PS now has Ladder Seasons! For more information, check out the <a href="https://www.smogon.com/forums/threads/3740067/">thread on Smogon.</a></div>
|j|☆Dozkek
|j|☆radaty
|t:|1712571987
|gametype|singles
|player|p1|Dozkek|adaman|1316
|player|p2|radaty|2|1388
|teamsize|p1|6
|teamsize|p2|6
|gen|5
|tier|[Gen 5] OU
|rated|
|rule|Species Clause: Limit one of each Pokémon
|rule|OHKO Clause: OHKO moves are banned
|rule|Moody Clause: Moody is banned
|rule|Evasion Items Clause: Evasion items are banned
|rule|Evasion Moves Clause: Evasion moves are banned
|rule|Endless Battle Clause: Forcing endless battles is banned
|rule|HP Percentage Mod: HP is shown in percentages
|rule|Evasion Abilities Clause: Evasion abilities are banned
|rule|Sleep Moves Clause: Sleep-inducing moves are banned
|rule|Swagger Clause: Swagger is banned
|rule|Baton Pass Stat Clause: No Baton Passer may have a way to boost its stats
|clearpoke
|poke|p1|Politoed, F|item
|poke|p1|Ferrothorn, F|item
|poke|p1|Tentacruel, F|item
|poke|p1|Keldeo|item
|poke|p1|Garchomp, F|item
|poke|p1|Latios, M|item
|poke|p2|Tyranitar, M|item
|poke|p2|Breloom, M|item
|poke|p2|Keldeo|item
|poke|p2|Ferrothorn, F|item
|poke|p2|Excadrill, F|item
|poke|p2|Jellicent, M|item
|teampreview
|inactive|Battle timer is ON: inactive players will automatically lose when time's up. (requested by radaty)
|inactive|Dozkek also wants the timer to be on.
|c|☆Dozkek|Hf
|inactive|Dozkek has 120 seconds left.
|
|t:|1712572032
|start
|switch|p1a: Keldeo|Keldeo|100/100
|switch|p2a: Breloom|Breloom, M|100/100
|turn|1
|
|t:|1712572059
|switch|p1a: Ferrothorn|Ferrothorn, F|100/100
|move|p2a: Breloom|Protect||[still]
|-fail|p2a: Breloom
|
|-status|p2a: Breloom|tox|[from] item: Toxic Orb
|upkeep
|turn|2
|inactive|Dozkek has 120 seconds left.
|
|t:|1712572104
|switch|p1a: Latios|Latios, M|100/100
|move|p2a: Breloom|Bulk Up|p2a: Breloom
|-boost|p2a: Breloom|atk|1
|-boost|p2a: Breloom|def|1
|
|upkeep
|turn|3
|inactive|Dozkek has 90 seconds left.
|
|t:|1712572136
|move|p2a: Breloom|Protect|p2a: Breloom
|-singleturn|p2a: Breloom|Protect
|move|p1a: Latios|Draco Meteor|p2a: Breloom
|-activate|p2a: Breloom|move: Protect
|
|upkeep
|turn|4
|
|t:|1712572148
|switch|p1a: Keldeo|Keldeo|100/100
|switch|p2a: Tyranitar|Tyranitar, M|100/100
|-weather|Sandstorm|[from] ability: Sand Stream|[of] p2a: Tyranitar
|
|-weather|Sandstorm|[upkeep]
|-damage|p1a: Keldeo|94/100|[from] Sandstorm
|upkeep
|turn|5
|inactive|Dozkek has 90 seconds left.
|
|t:|1712572168
|switch|p2a: Jellicent|Jellicent, M|100/100
|move|p1a: Keldeo|Hidden Power|p2a: Jellicent
|-supereffective|p2a: Jellicent
|-damage|p2a: Jellicent|49/100
|
|-weather|Sandstorm|[upkeep]
|-damage|p1a: Keldeo|88/100|[from] Sandstorm
|-damage|p2a: Jellicent|42/100|[from] Sandstorm
|-heal|p2a: Jellicent|49/100|[from] item: Leftovers
|upkeep
|turn|6
|
|t:|1712572189
|switch|p2a: Breloom|Breloom, M|100/100 tox
|move|p1a: Keldeo|Hidden Power|p2a: Breloom
|-resisted|p2a: Breloom
|-damage|p2a: Breloom|82/100 tox
|
|-weather|Sandstorm|[upkeep]
|-damage|p1a: Keldeo|82/100|[from] Sandstorm
|-damage|p2a: Breloom|76/100 tox|[from] Sandstorm
|-heal|p2a: Breloom|88/100 tox|[from] ability: Poison Heal
|upkeep
|turn|7
|inactive|Dozkek has 60 seconds left.
|
|t:|1712572216
|switch|p1a: Latios|Latios, M|100/100
|move|p2a: Breloom|Bulk Up|p2a: Breloom
|-boost|p2a: Breloom|atk|1
|-boost|p2a: Breloom|def|1
|
|-weather|Sandstorm|[upkeep]
|-damage|p1a: Latios|95/100|[from] Sandstorm
|-damage|p2a: Breloom|82/100 tox|[from] Sandstorm
|-heal|p2a: Breloom|94/100 tox|[from] ability: Poison Heal
|upkeep
|turn|8
|inactive|Dozkek has 60 seconds left.
|
|t:|1712572233
|switch|p2a: Tyranitar|Tyranitar, M|100/100
|move|p1a: Latios|Draco Meteor|p2a: Tyranitar|[miss]
|-miss|p1a: Latios|p2a: Tyranitar
|
|-weather|Sandstorm|[upkeep]
|-damage|p1a: Latios|89/100|[from] Sandstorm
|upkeep
|turn|9
|
|t:|1712572251
|switch|p1a: Keldeo|Keldeo|82/100
|move|p2a: Tyranitar|Crunch|p1a: Keldeo
|-resisted|p1a: Keldeo
|-damage|p1a: Keldeo|56/100
|-ability|p1a: Keldeo|Justified|boost
|-boost|p1a: Keldeo|atk|1
|
|-weather|Sandstorm|[upkeep]
|-damage|p1a: Keldeo|50/100|[from] Sandstorm
|upkeep
|turn|10
|
|t:|1712572270
|switch|p2a: Jellicent|Jellicent, M|49/100
|move|p1a: Keldeo|Secret Sword|p2a: Jellicent
|-immune|p2a: Jellicent
|
|-weather|Sandstorm|[upkeep]
|-damage|p1a: Keldeo|44/100|[from] Sandstorm
|-damage|p2a: Jellicent|42/100|[from] Sandstorm
|-heal|p2a: Jellicent|49/100|[from] item: Leftovers
|upkeep
|turn|11
|
|t:|1712572274
|switch|p1a: Ferrothorn|Ferrothorn, F|100/100
|move|p2a: Jellicent|Recover|p2a: Jellicent
|-heal|p2a: Jellicent|99/100
|
|-weather|Sandstorm|[upkeep]
|-damage|p2a: Jellicent|93/100|[from] Sandstorm
|-heal|p2a: Jellicent|99/100|[from] item: Leftovers
|upkeep
|turn|12
|
|t:|1712572282
|switch|p2a: Ferrothorn|Ferrothorn, F|100/100
|move|p1a: Ferrothorn|Spikes|p2a: Ferrothorn
|-sidestart|p2: radaty|Spikes
|
|-weather|Sandstorm|[upkeep]
|upkeep
|turn|13
|
|t:|1712572285
|move|p1a: Ferrothorn|Knock Off|p2a: Ferrothorn
|-resisted|p2a: Ferrothorn
|-damage|p2a: Ferrothorn|99/100
|-damage|p1a: Ferrothorn|88/100|[from] ability: Iron Barbs|[of] p2a: Ferrothorn
|-enditem|p2a: Ferrothorn|Leftovers|[from] move: Knock Off|[of] p1a: Ferrothorn
|move|p2a: Ferrothorn|Stealth Rock|p1a: Ferrothorn
|-sidestart|p1: Dozkek|move: Stealth Rock
|
|-weather|Sandstorm|[upkeep]
|-heal|p1a: Ferrothorn|94/100|[from] item: Leftovers
|upkeep
|turn|14
|
|t:|1712572287
|move|p1a: Ferrothorn|Stealth Rock|p2a: Ferrothorn
|-sidestart|p2: radaty|move: Stealth Rock
|move|p2a: Ferrothorn|Knock Off|p1a: Ferrothorn
|-resisted|p1a: Ferrothorn
|-damage|p1a: Ferrothorn|92/100
|-damage|p2a: Ferrothorn|87/100|[from] ability: Iron Barbs|[of] p1a: Ferrothorn
|-enditem|p1a: Ferrothorn|Leftovers|[from] move: Knock Off|[of] p2a: Ferrothorn
|
|-weather|Sandstorm|[upkeep]
|upkeep
|turn|15
|
|t:|1712572290
|switch|p2a: Excadrill|Excadrill, F|100/100
|-damage|p2a: Excadrill|88/100|[from] Spikes
|-damage|p2a: Excadrill|85/100|[from] Stealth Rock
|move|p1a: Ferrothorn|Spikes|p2a: Excadrill
|-sidestart|p2: radaty|Spikes
|
|-weather|Sandstorm|[upkeep]
|-heal|p2a: Excadrill|91/100|[from] item: Leftovers
|upkeep
|turn|16
|inactive|Dozkek has 90 seconds left.
|
|t:|1712572304
|switch|p1a: Politoed|Politoed, F|100/100
|-damage|p1a: Politoed|88/100|[from] Stealth Rock
|-weather|RainDance|[from] ability: Drizzle|[of] p1a: Politoed
|move|p2a: Excadrill|Rapid Spin|p1a: Politoed
|-damage|p1a: Politoed|81/100
|-sideend|p2: radaty|Spikes|[from] move: Rapid Spin|[of] p2a: Excadrill
|-sideend|p2: radaty|Stealth Rock|[from] move: Rapid Spin|[of] p2a: Excadrill
|
|-weather|RainDance|[upkeep]
|-heal|p2a: Excadrill|97/100|[from] item: Leftovers
|-heal|p1a: Politoed|87/100|[from] item: Leftovers
|upkeep
|turn|17
|inactive|Dozkek has 90 seconds left.
|
|t:|1712572322
|switch|p1a: Ferrothorn|Ferrothorn, F|92/100
|-damage|p1a: Ferrothorn|86/100|[from] Stealth Rock
|move|p2a: Excadrill|Protect||[still]
|-fail|p2a: Excadrill
|
|-weather|RainDance|[upkeep]
|-heal|p2a: Excadrill|100/100|[from] item: Leftovers
|upkeep
|turn|18
|
|t:|1712572332
|move|p2a: Excadrill|Earthquake|p1a: Ferrothorn
|-damage|p1a: Ferrothorn|51/100
|move|p1a: Ferrothorn|Power Whip|p2a: Excadrill
|-damage|p2a: Excadrill|45/100
|
|-weather|RainDance|[upkeep]
|-heal|p2a: Excadrill|51/100|[from] item: Leftovers
|upkeep
|turn|19
|
|t:|1712572356
|switch|p1a: Latios|Latios, M|89/100
|-damage|p1a: Latios|76/100|[from] Stealth Rock
|move|p2a: Excadrill|Earthquake|p1a: Latios
|-immune|p1a: Latios|[from] ability: Levitate
|
|-weather|RainDance|[upkeep]
|-heal|p2a: Excadrill|57/100|[from] item: Leftovers
|upkeep
|turn|20
|inactive|Dozkek has 60 seconds left.
|
|t:|1712572386
|switch|p1a: Garchomp|Garchomp, F|100/100
|-damage|p1a: Garchomp|94/100|[from] Stealth Rock
|move|p2a: Excadrill|Protect||[still]
|-fail|p2a: Excadrill
|
|-weather|RainDance|[upkeep]
|-heal|p2a: Excadrill|63/100|[from] item: Leftovers
|upkeep
|turn|21
|
|t:|1712572401
|move|p1a: Garchomp|Earthquake|p2a: Excadrill
|-supereffective|p2a: Excadrill
|-damage|p2a: Excadrill|0 fnt
|faint|p2a: Excadrill
|
|-weather|RainDance|[upkeep]
|upkeep
|
|t:|1712572408
|switch|p2a: Keldeo|Keldeo|100/100
|turn|22
|inactive|Dozkek has 60 seconds left.
|
|t:|1712572435
|switch|p1a: Tentacruel|Tentacruel, F|100/100
|-damage|p1a: Tentacruel|88/100|[from] Stealth Rock
|move|p2a: Keldeo|Substitute|p2a: Keldeo
|-start|p2a: Keldeo|Substitute
|-damage|p2a: Keldeo|76/100
|
|-weather|RainDance|[upkeep]
|-heal|p1a: Tentacruel|94/100|[from] ability: Rain Dish
|-heal|p2a: Keldeo|82/100|[from] item: Leftovers
|-heal|p1a: Tentacruel|99/100|[from] item: Black Sludge
|upkeep
|turn|23
|
|t:|1712572444
|move|p2a: Keldeo|Calm Mind|p2a: Keldeo
|-boost|p2a: Keldeo|spa|1
|-boost|p2a: Keldeo|spd|1
|move|p1a: Tentacruel|Scald|p2a: Keldeo
|-resisted|p2a: Keldeo
|-activate|p2a: Keldeo|Substitute|[damage]
|
|-weather|RainDance|[upkeep]
|-heal|p1a: Tentacruel|100/100|[from] ability: Rain Dish
|-heal|p2a: Keldeo|88/100|[from] item: Leftovers
|upkeep
|turn|24
|inactive|Dozkek has 30 seconds left.
|
|t:|1712572478
|move|p2a: Keldeo|Calm Mind|p2a: Keldeo
|-boost|p2a: Keldeo|spa|1
|-boost|p2a: Keldeo|spd|1
|move|p1a: Tentacruel|Scald|p2a: Keldeo
|-resisted|p2a: Keldeo
|-activate|p2a: Keldeo|Substitute|[damage]
|
|-weather|RainDance|[upkeep]
|-heal|p2a: Keldeo|94/100|[from] item: Leftovers
|upkeep
|turn|25
|
|t:|1712572501
|move|p2a: Keldeo|Calm Mind|p2a: Keldeo
|-boost|p2a: Keldeo|spa|1
|-boost|p2a: Keldeo|spd|1
|move|p1a: Tentacruel|Scald|p2a: Keldeo
|-resisted|p2a: Keldeo
|-end|p2a: Keldeo|Substitute
|
|-weather|RainDance|[upkeep]
|-heal|p2a: Keldeo|99/100|[from] item: Leftovers
|upkeep
|turn|26
|inactive|Dozkek has 30 seconds left.
|inactive|Dozkek has 20 seconds left.
|
|t:|1712572528
|move|p2a: Keldeo|Substitute|p2a: Keldeo
|-start|p2a: Keldeo|Substitute
|-damage|p2a: Keldeo|75/100
|move|p1a: Tentacruel|Scald|p2a: Keldeo
|-resisted|p2a: Keldeo
|-activate|p2a: Keldeo|Substitute|[damage]
|
|-weather|RainDance|[upkeep]
|-heal|p2a: Keldeo|81/100|[from] item: Leftovers
|upkeep
|turn|27
|inactive|Dozkek has 30 seconds left this turn.
|
|t:|1712572533
|move|p2a: Keldeo|Calm Mind|p2a: Keldeo
|-boost|p2a: Keldeo|spa|1
|-boost|p2a: Keldeo|spd|1
|move|p1a: Tentacruel|Scald|p2a: Keldeo
|-resisted|p2a: Keldeo
|-activate|p2a: Keldeo|Substitute|[damage]
|
|-weather|RainDance|[upkeep]
|-heal|p2a: Keldeo|88/100|[from] item: Leftovers
|upkeep
|turn|28
|c|☆Dozkek|Gg prob
|
|t:|1712572536
|move|p2a: Keldeo|Calm Mind|p2a: Keldeo
|-boost|p2a: Keldeo|spa|1
|-boost|p2a: Keldeo|spd|1
|move|p1a: Tentacruel|Scald|p2a: Keldeo
|-resisted|p2a: Keldeo
|-activate|p2a: Keldeo|Substitute|[damage]
|
|-weather|RainDance|[upkeep]
|-heal|p2a: Keldeo|94/100|[from] item: Leftovers
|upkeep
|turn|29
|
|t:|1712572539
|move|p2a: Keldeo|Calm Mind|p2a: Keldeo
|-boost|p2a: Keldeo|spa|1
|-boost|p2a: Keldeo|spd|1
|move|p1a: Tentacruel|Scald|p2a: Keldeo
|-resisted|p2a: Keldeo
|-activate|p2a: Keldeo|Substitute|[damage]
|
|-weather|RainDance|[upkeep]
|-heal|p2a: Keldeo|99/100|[from] item: Leftovers
|upkeep
|turn|30
|
|t:|1712572542
|move|p2a: Keldeo|Scald|p1a: Tentacruel
|-resisted|p1a: Tentacruel
|-damage|p1a: Tentacruel|0 fnt
|faint|p1a: Tentacruel
|
|-weather|RainDance|[upkeep]
|-heal|p2a: Keldeo|100/100|[from] item: Leftovers
|upkeep
|inactive|Dozkek has 60 seconds left.
|inactive|Dozkek has 30 seconds left.
|
|t:|1712572577
|switch|p1a: Keldeo|Keldeo|44/100
|-damage|p1a: Keldeo|37/100|[from] Stealth Rock
|turn|31
|
|t:|1712572581
|move|p1a: Keldeo|Secret Sword|p2a: Keldeo
|-end|p2a: Keldeo|Substitute
|move|p2a: Keldeo|Secret Sword|p1a: Keldeo
|-damage|p1a: Keldeo|0 fnt
|faint|p1a: Keldeo
|
|-weather|RainDance|[upkeep]
|upkeep
|-message|Dozkek forfeited.
|
|win|radaty
|raw|Dozkek's rating: 1316 &rarr; <strong>1300</strong><br />(-16 for losing)
|raw|radaty's rating: 1388 &rarr; <strong>1404</strong><br />(+16 for winning)
|l|☆Dozkek
|player|p1|
|l|☆radaty
|player|p2|
|j|☆Dozkek
|player|p1|Dozkek|adaman|
