|join|Mustounet
|join|Figufgyu
|player|p1|Mustounet|137
|player|p2|Figufgyu|101
|gametype|singles
|gen|5
|tier|[Gen 5] OU
|rated
|rule|Evasion Abilities Clause: Evasion abilities are banned
|clearpoke
|poke|p1|Abomasnow, M
|poke|p1|Ninetales, F
|poke|p1|Hippowdon, M
|poke|p1|Politoed, M
|poke|p1|Starmie
|poke|p1|Salamence, M, shiny
|poke|p2|Politoed, F
|poke|p2|Ferrothorn, F
|poke|p2|Toxicroak, M
|poke|p2|Jellicent, M
|poke|p2|Breloom, M
|poke|p2|Dragonite, M
|rule|Sleep Clause Mod: Limit one foe put to sleep
|rule|Species Clause: Limit one of each Pokemon
|rule|OHKO Clause: OHKO moves are banned
|rule|Moody Clause: Moody is banned
|rule|Evasion Moves Clause: Evasion moves are banned
|rule|Endless Battle Clause: Forcing endless battles is banned.
|rule|HP Percentage Mod: HP is reported as percentages
|teampreview
|chat|Figufgyu|LOL
|chat|Figufgyu|nice team
|chat|Figufgyu|xD
|
|start
|switch|p1a: Zoro|Salamence, M, shiny|331/331
|switch|p2a: Breloom|Breloom, M|262/262
|turn|1
|
|switch|p2a: Politoed|Politoed, F|321/321
|-weather|RainDance|[from] ability: Drizzle|[of] p2a: Politoed
|move|p1a: Zoro|Fire Blast|p2a: Politoed
|-resisted|p2a: Politoed
|-damage|p2a: Politoed|289/321
|
|-weather|RainDance|[upkeep]
|turn|2
|
|switch|p1a: OMFG1SUN|Ninetales, F|350/350
|-weather|SunnyDay|[from] ability: Drought|[of] p1a: OMFG1SUN
|move|p2a: Politoed|Focus Blast|p1a: OMFG1SUN
|-damage|p1a: OMFG1SUN|260/350
|
|-weather|SunnyDay|[upkeep]
|-heal|p1a: OMFG1SUN|281/350|[from] item: Leftovers
|turn|3
|
|switch|p2a: Dragonite|Dragonite, M|386/386
|move|p1a: OMFG1SUN|Will-O-Wisp|p2a: Dragonite
|-status|p2a: Dragonite|brn
|
|-weather|SunnyDay|[upkeep]
|-heal|p1a: OMFG1SUN|302/350|[from] item: Leftovers
|-damage|p2a: Dragonite|338/386 brn|[from] brn
|turn|4
|
|switch|p1a: OMFG1SAND|Hippowdon, M|420/420
|-weather|Sandstorm|[from] ability: Sand Stream|[of] p1a: OMFG1SAND
|switch|p2a: Politoed|Politoed, F|289/321
|-weather|RainDance|[from] ability: Drizzle|[of] p2a: Politoed
|
|-weather|RainDance|[upkeep]
|turn|5
|
|switch|p1a: OMFG1HAIL|Abomasnow, M|372/372
|-weather|Hail|[from] ability: Snow Warning|[of] p1a: OMFG1HAIL
|move|p2a: Politoed|Hydro Pump|p1a: OMFG1HAIL
|-resisted|p1a: OMFG1HAIL
|-damage|p1a: OMFG1HAIL|274/372
|
|-weather|Hail|[upkeep]
|-damage|p2a: Politoed|269/321|[from] hail
|-heal|p1a: OMFG1HAIL|297/372|[from] item: Leftovers
|turn|6
|
|switch|p2a: Ferrothorn|Ferrothorn, F|352/352
|move|p1a: OMFG1HAIL|Hidden Power|p2a: Ferrothorn
|-supereffective|p2a: Ferrothorn
|-damage|p2a: Ferrothorn|172/352
|
|-weather|Hail|[upkeep]
|-damage|p2a: Ferrothorn|150/352|[from] hail
|-heal|p1a: OMFG1HAIL|320/372|[from] item: Leftovers
|-heal|p2a: Ferrothorn|172/352|[from] item: Leftovers
|turn|7
|
|switch|p2a: Politoed|Politoed, F|269/321
|-weather|RainDance|[from] ability: Drizzle|[of] p2a: Politoed
|move|p1a: OMFG1HAIL|Hidden Power|p2a: Politoed
|-resisted|p2a: Politoed
|-damage|p2a: Politoed|253/321
|
|-weather|RainDance|[upkeep]
|-heal|p1a: OMFG1HAIL|343/372|[from] item: Leftovers
|turn|8
|
|switch|p1a: OMFG1SUN|Ninetales, F|302/350
|-weather|SunnyDay|[from] ability: Drought|[of] p1a: OMFG1SUN
|move|p2a: Politoed|Focus Blast|p1a: OMFG1SUN
|-damage|p1a: OMFG1SUN|207/350
|
|-weather|SunnyDay|[upkeep]
|-heal|p1a: OMFG1SUN|228/350|[from] item: Leftovers
|turn|9
|
|switch|p2a: Dragonite|Dragonite, M|338/386 brn
|switch|p1a: OMFG1SAND|Hippowdon, M|420/420
|-weather|Sandstorm|[from] ability: Sand Stream|[of] p1a: OMFG1SAND
|
|-weather|Sandstorm|[upkeep]
|-damage|p2a: Dragonite|314/386 brn|[from] sandstorm
|-heal|p2a: Dragonite|338/386 brn|[from] item: Leftovers
|-damage|p2a: Dragonite|290/386 brn|[from] brn
|turn|10
|
|switch|p2a: Breloom|Breloom, M|262/262
|move|p1a: OMFG1SAND|Stealth Rock|p2a: Breloom
|-sidestart|p2: Figufgyu|move: Stealth Rock
|
|-weather|Sandstorm|[upkeep]
|-damage|p2a: Breloom|246/262|[from] sandstorm
|turn|11
|
|move|p2a: Breloom|Substitute|p2a: Breloom
|-start|p2a: Breloom|Substitute
|-damage|p2a: Breloom|181/262
|move|p1a: OMFG1SAND|Ice Fang|p2a: Breloom
|-supereffective|p2a: Breloom
|-end|p2a: Breloom|Substitute
|
|-weather|Sandstorm|[upkeep]
|-damage|p2a: Breloom|165/262|[from] sandstorm
|turn|12
|
|switch|p1a: OMFG1HAIL|Abomasnow, M|343/372
|-weather|Hail|[from] ability: Snow Warning|[of] p1a: OMFG1HAIL
|move|p2a: Breloom|Bullet Seed|p1a: OMFG1HAIL
|-resisted|p1a: OMFG1HAIL
|-damage|p1a: OMFG1HAIL|289/372
|-resisted|p1a: OMFG1HAIL
|-damage|p1a: OMFG1HAIL|239/372
|-resisted|p1a: OMFG1HAIL
|-damage|p1a: OMFG1HAIL|185/372
|-hitcount|p1a: OMFG1HAIL|3
|
|-weather|Hail|[upkeep]
|-damage|p2a: Breloom|149/262|[from] hail
|-heal|p1a: OMFG1HAIL|208/372|[from] item: Leftovers
|turn|13
|
|switch|p2a: Politoed|Politoed, F|253/321
|-damage|p2a: Politoed|213/321|[from] Stealth Rock
|-weather|RainDance|[from] ability: Drizzle|[of] p2a: Politoed
|move|p1a: OMFG1HAIL|Ice Shard|p2a: Politoed
|-resisted|p2a: Politoed
|-damage|p2a: Politoed|183/321
|
|-weather|RainDance|[upkeep]
|-heal|p1a: OMFG1HAIL|231/372|[from] item: Leftovers
|turn|14
|
|move|p1a: OMFG1HAIL|Protect|p1a: OMFG1HAIL
|-singleturn|p1a: OMFG1HAIL|Protect
|move|p2a: Politoed|Hydro Pump|p1a: OMFG1HAIL
|-activate|p1a: OMFG1HAIL|Protect
|
|-weather|RainDance|[upkeep]
|-heal|p1a: OMFG1HAIL|254/372|[from] item: Leftovers
|turn|15
|
|switch|p2a: Ferrothorn|Ferrothorn, F|172/352
|-damage|p2a: Ferrothorn|150/352|[from] Stealth Rock
|switch|p1a: OMFG1SUN|Ninetales, F|228/350
|-weather|SunnyDay|[from] ability: Drought|[of] p1a: OMFG1SUN
|
|-weather|SunnyDay|[upkeep]
|-heal|p1a: OMFG1SUN|249/350|[from] item: Leftovers
|-heal|p2a: Ferrothorn|172/352|[from] item: Leftovers
|turn|16
|
|switch|p2a: Politoed|Politoed, F|183/321
|-damage|p2a: Politoed|143/321|[from] Stealth Rock
|-weather|RainDance|[from] ability: Drizzle|[of] p2a: Politoed
|move|p1a: OMFG1SUN|Roar|p2a: Politoed
|drag|p2a: Jellicent|Jellicent, M|404/404
|-damage|p2a: Jellicent|354/404|[from] Stealth Rock
|
|-weather|RainDance|[upkeep]
|-heal|p1a: OMFG1SUN|270/350|[from] item: Leftovers
|-heal|p2a: Jellicent|379/404|[from] item: Leftovers
|turn|17
|
|move|p1a: OMFG1SUN|Will-O-Wisp|p2a: Jellicent
|-status|p2a: Jellicent|brn
|move|p2a: Jellicent|Toxic|p1a: OMFG1SUN
|-status|p1a: OMFG1SUN|tox
|
|-weather|RainDance|[upkeep]
|-heal|p1a: OMFG1SUN|291/350 tox|[from] item: Leftovers
|-heal|p2a: Jellicent|404/404 brn|[from] item: Leftovers
|-damage|p1a: OMFG1SUN|270/350 tox|[from] psn
|-damage|p2a: Jellicent|354/404 brn|[from] brn
|turn|18
|
|switch|p1a: OMFG1RAIN|Politoed, M|320/320
|switch|p2a: Toxicroak|Toxicroak, M|308/308
|-damage|p2a: Toxicroak|289/308|[from] Stealth Rock
|
|-weather|RainDance|[upkeep]
|-heal|p2a: Toxicroak|308/308|[from] ability: Dry Skin
|turn|19
|
|move|p2a: Toxicroak|Swords Dance|p2a: Toxicroak
|-boost|p2a: Toxicroak|atk|2
|move|p1a: OMFG1RAIN|Substitute|p1a: OMFG1RAIN
|-start|p1a: OMFG1RAIN|Substitute
|-damage|p1a: OMFG1RAIN|240/320
|
|-weather|RainDance|[upkeep]
|turn|20
|
|move|p2a: Toxicroak|Swords Dance|p2a: Toxicroak
|-boost|p2a: Toxicroak|atk|2
|move|p1a: OMFG1RAIN|Belly Drum|p1a: OMFG1RAIN
|-damage|p1a: OMFG1RAIN|80/320
|-setboost|p1a: OMFG1RAIN|atk|6|[from] move: Belly Drum
|-enditem|p1a: OMFG1RAIN|Salac Berry|[eat]
|-boost|p1a: OMFG1RAIN|spe|1|[from] item: Salac Berry
|
|-weather|RainDance|[upkeep]
|turn|21
|
|switch|p2a: Ferrothorn|Ferrothorn, F|172/352
|-damage|p2a: Ferrothorn|150/352|[from] Stealth Rock
|move|p1a: OMFG1RAIN|Earthquake|p2a: Ferrothorn
|-damage|p2a: Ferrothorn|0 fnt
|faint|p2a: Ferrothorn
|
|-weather|RainDance|[upkeep]
|
|switch|p2a: Breloom|Breloom, M|149/262
|-damage|p2a: Breloom|133/262|[from] Stealth Rock
|turn|22
|
|move|p1a: OMFG1RAIN|Waterfall|p2a: Breloom
|-resisted|p2a: Breloom
|-damage|p2a: Breloom|0 fnt
|faint|p2a: Breloom
|
|-weather|RainDance|[upkeep]
|chat|Mustounet|Let's go
|
|switch|p2a: Jellicent|Jellicent, M|354/404 brn
|-damage|p2a: Jellicent|304/404 brn|[from] Stealth Rock
|turn|23
|chat|Figufgyu|wow
|
|move|p1a: OMFG1RAIN|Earthquake|p2a: Jellicent
|-damage|p2a: Jellicent|0 fnt
|faint|p2a: Jellicent
|
|-weather|RainDance|[upkeep]
|
|switch|p2a: Politoed|Politoed, F|143/321
|-damage|p2a: Politoed|103/321|[from] Stealth Rock
|turn|24
|
|move|p1a: OMFG1RAIN|Earthquake|p2a: Politoed
|-damage|p2a: Politoed|0 fnt
|faint|p2a: Politoed
|
|-weather|RainDance|[upkeep]
|
|switch|p2a: Dragonite|Dragonite, M|290/386 brn
|-damage|p2a: Dragonite|194/386 brn|[from] Stealth Rock
|turn|25
|
|move|p1a: OMFG1RAIN|Waterfall|p2a: Dragonite
|-resisted|p2a: Dragonite
|-damage|p2a: Dragonite|0 fnt
|faint|p2a: Dragonite
|
|-weather|RainDance|[upkeep]
|
|switch|p2a: Toxicroak|Toxicroak, M|308/308
|-damage|p2a: Toxicroak|289/308|[from] Stealth Rock
|turn|26
|
|move|p1a: OMFG1RAIN|Earthquake|p2a: Toxicroak
|-supereffective|p2a: Toxicroak
|-damage|p2a: Toxicroak|0 fnt
|faint|p2a: Toxicroak
|
|win|Mustounet
|raw|Ladder updating...
|raw|Mustounet's rating: 1480 &rarr; <strong>1498</strong><br />(+18 for winning)
|raw|Figufgyu's rating: 1440 &rarr; <strong>1423</strong><br />(-17 for losing)
|chat|Figufgyu|gg
|leave|Figufgyu
|player|p2