|j|☆GFITG
|j|☆alvar03
|player|p1|GFITG|144|1337
|player|p2|alvar03|162|1332
|teamsize|p1|6
|teamsize|p2|6
|gametype|singles
|gen|5
|tier|[Gen 5] OU
|rated|
|rule|Sleep Clause Mod: Limit one foe put to sleep
|rule|Species Clause: Limit one of each Pokémon
|rule|OHKO Clause: OHKO moves are banned
|rule|Moody Clause: Moody is banned
|rule|Evasion Moves Clause: Evasion moves are banned
|rule|Endless Battle Clause: Forcing endless battles is banned
|rule|HP Percentage Mod: HP is shown in percentages
|rule|Evasion Abilities Clause: Evasion abilities are banned
|rule|Baton Pass Clause: Limit one Baton Passer, can't pass Spe and other stats simultaneously
|rule|Swagger Clause: Swagger is banned
|clearpoke
|poke|p1|Politoed, M|item
|poke|p1|Breloom, M|item
|poke|p1|Keldeo|item
|poke|p1|Jirachi|item
|poke|p1|Tentacruel, M|item
|poke|p1|Thundurus-Therian, M|item
|poke|p2|Politoed, M|item
|poke|p2|Celebi|item
|poke|p2|Thundurus-Therian, M|item
|poke|p2|Starmie|item
|poke|p2|Ferrothorn, F|item
|poke|p2|Toxicroak, M|item
|teampreview
|
|start
|switch|p1a: ThunduT|Thundurus-Therian, M|100/100
|switch|p2a: Toxicroak|Toxicroak, M|100/100
|turn|1
|
|switch|p2a: Ferrothorn|Ferrothorn, F|100/100
|move|p1a: ThunduT|Thunder|p2a: Ferrothorn
|-resisted|p2a: Ferrothorn
|-damage|p2a: Ferrothorn|74/100
|
|-heal|p2a: Ferrothorn|80/100|[from] item: Leftovers
|upkeep
|turn|2
|
|move|p1a: ThunduT|Substitute|p1a: ThunduT
|-start|p1a: ThunduT|Substitute
|-damage|p1a: ThunduT|76/100
|move|p2a: Ferrothorn|Stealth Rock|p1a: ThunduT
|-sidestart|p1: GFITG|move: Stealth Rock
|
|-heal|p1a: ThunduT|82/100|[from] item: Leftovers
|-heal|p2a: Ferrothorn|87/100|[from] item: Leftovers
|upkeep
|turn|3
|inactive|Battle timer is ON: inactive players will automatically lose when time's up. (requested by GFITG)
|
|move|p1a: ThunduT|Nasty Plot|p1a: ThunduT
|-boost|p1a: ThunduT|spa|2
|move|p2a: Ferrothorn|Power Whip|p1a: ThunduT
|-resisted|p1a: ThunduT
|-end|p1a: ThunduT|Substitute
|
|-heal|p1a: ThunduT|88/100|[from] item: Leftovers
|-heal|p2a: Ferrothorn|93/100|[from] item: Leftovers
|upkeep
|turn|4
|
|move|p1a: ThunduT|Hidden Power|p2a: Ferrothorn
|-damage|p2a: Ferrothorn|57/100
|move|p2a: Ferrothorn|Power Whip|p1a: ThunduT
|-resisted|p1a: ThunduT
|-damage|p1a: ThunduT|63/100
|
|-heal|p1a: ThunduT|69/100|[from] item: Leftovers
|-heal|p2a: Ferrothorn|63/100|[from] item: Leftovers
|upkeep
|turn|5
|
|move|p1a: ThunduT|Thunder|p2a: Ferrothorn
|-resisted|p2a: Ferrothorn
|-damage|p2a: Ferrothorn|15/100
|-status|p2a: Ferrothorn|par
|move|p2a: Ferrothorn|Leech Seed|p1a: ThunduT|[miss]
|-miss|p2a: Ferrothorn|p1a: ThunduT
|
|-heal|p1a: ThunduT|75/100|[from] item: Leftovers
|-heal|p2a: Ferrothorn|22/100 par|[from] item: Leftovers
|upkeep
|turn|6
|
|move|p1a: ThunduT|Substitute|p1a: ThunduT
|-start|p1a: ThunduT|Substitute
|-damage|p1a: ThunduT|50/100
|move|p2a: Ferrothorn|Spikes|p1a: ThunduT
|-sidestart|p1: GFITG|Spikes
|
|-heal|p1a: ThunduT|57/100|[from] item: Leftovers
|-heal|p2a: Ferrothorn|28/100 par|[from] item: Leftovers
|upkeep
|turn|7
|
|move|p1a: ThunduT|Hidden Power|p2a: Ferrothorn
|-damage|p2a: Ferrothorn|0 fnt
|faint|p2a: Ferrothorn
|
|-heal|p1a: ThunduT|63/100|[from] item: Leftovers
|upkeep
|
|switch|p2a: Celebi|Celebi|100/100
|turn|8
|
|move|p1a: ThunduT|Hidden Power|p2a: Celebi
|-supereffective|p2a: Celebi
|-damage|p2a: Celebi|38/100
|move|p2a: Celebi|Calm Mind|p2a: Celebi
|-boost|p2a: Celebi|spa|1
|-boost|p2a: Celebi|spd|1
|
|-heal|p1a: ThunduT|69/100|[from] item: Leftovers
|-heal|p2a: Celebi|44/100|[from] item: Leftovers
|upkeep
|turn|9
|
|move|p1a: ThunduT|Hidden Power|p2a: Celebi
|-supereffective|p2a: Celebi
|-damage|p2a: Celebi|4/100
|move|p2a: Celebi|Recover|p2a: Celebi
|-heal|p2a: Celebi|54/100
|
|-heal|p1a: ThunduT|75/100|[from] item: Leftovers
|-heal|p2a: Celebi|60/100|[from] item: Leftovers
|upkeep
|turn|10
|
|move|p1a: ThunduT|Nasty Plot|p1a: ThunduT
|-boost|p1a: ThunduT|spa|2
|move|p2a: Celebi|Recover|p2a: Celebi
|-heal|p2a: Celebi|100/100
|
|-heal|p1a: ThunduT|81/100|[from] item: Leftovers
|upkeep
|turn|11
|
|move|p1a: ThunduT|Hidden Power|p2a: Celebi
|-supereffective|p2a: Celebi
|-damage|p2a: Celebi|43/100
|move|p2a: Celebi|Giga Drain|p1a: ThunduT
|-resisted|p1a: ThunduT
|-activate|p1a: ThunduT|Substitute|[damage]
|-heal|p2a: Celebi|53/100|[from] drain|[of] p1a: ThunduT
|
|-heal|p1a: ThunduT|88/100|[from] item: Leftovers
|-heal|p2a: Celebi|59/100|[from] item: Leftovers
|upkeep
|turn|12
|
|move|p1a: ThunduT|Hidden Power|p2a: Celebi
|-supereffective|p2a: Celebi
|-damage|p2a: Celebi|4/100
|move|p2a: Celebi|Giga Drain|p1a: ThunduT
|-resisted|p1a: ThunduT
|-end|p1a: ThunduT|Substitute
|-heal|p2a: Celebi|5/100|[from] drain|[of] p1a: ThunduT
|
|-heal|p1a: ThunduT|94/100|[from] item: Leftovers
|-heal|p2a: Celebi|11/100|[from] item: Leftovers
|upkeep
|turn|13
|
|move|p1a: ThunduT|Substitute|p1a: ThunduT
|-start|p1a: ThunduT|Substitute
|-damage|p1a: ThunduT|69/100
|move|p2a: Celebi|Giga Drain|p1a: ThunduT
|-resisted|p1a: ThunduT
|-activate|p1a: ThunduT|Substitute|[damage]
|-heal|p2a: Celebi|21/100|[from] drain|[of] p1a: ThunduT
|
|-heal|p1a: ThunduT|75/100|[from] item: Leftovers
|-heal|p2a: Celebi|27/100|[from] item: Leftovers
|upkeep
|turn|14
|
|move|p1a: ThunduT|Hidden Power|p2a: Celebi
|-supereffective|p2a: Celebi
|-damage|p2a: Celebi|0 fnt
|faint|p2a: Celebi
|
|-heal|p1a: ThunduT|81/100|[from] item: Leftovers
|upkeep
|
|switch|p2a: Toxicroak|Toxicroak, M|100/100
|turn|15
|
|move|p2a: Toxicroak|Sucker Punch|p1a: ThunduT
|-crit|p1a: ThunduT
|-end|p1a: ThunduT|Substitute
|-damage|p2a: Toxicroak|91/100|[from] item: Life Orb
|move|p1a: ThunduT|Thunder|p2a: Toxicroak
|-damage|p2a: Toxicroak|0 fnt
|faint|p2a: Toxicroak
|
|-heal|p1a: ThunduT|88/100|[from] item: Leftovers
|upkeep
|
|switch|p2a: Politoed|Politoed, M|100/100
|-weather|RainDance|[from] ability: Drizzle|[of] p2a: Politoed
|turn|16
|
|move|p1a: ThunduT|Thunder|p2a: Politoed
|-supereffective|p2a: Politoed
|-damage|p2a: Politoed|0 fnt
|faint|p2a: Politoed
|
|-weather|RainDance|[upkeep]
|-heal|p1a: ThunduT|94/100|[from] item: Leftovers
|upkeep
|
|switch|p2a: Thundurus|Thundurus-Therian, M|100/100
|turn|17
|
|move|p1a: ThunduT|Hidden Power|p2a: Thundurus
|-supereffective|p2a: Thundurus
|-damage|p2a: Thundurus|0 fnt
|faint|p2a: Thundurus
|
|-weather|RainDance|[upkeep]
|-heal|p1a: ThunduT|99/100|[from] item: Leftovers
|upkeep
|-message|alvar03 forfeited.
|
|win|GFITG
|l|☆alvar03
|raw|GFITG's rating: 1343 &rarr; <strong>1363</strong><br />(+20 for winning)
|raw|alvar03's rating: 1342 &rarr; <strong>1322</strong><br />(-20 for losing)
