|join|BlackAtmosphere
|join|dtw
|player|p1|BlackAtmosphere|266
|player|p2|dtw|2
|gametype|singles
|gen|5
|tier|[Gen 5] OU
|rated
|rule|Evasion Abilities Clause: Evasion abilities are banned
|clearpoke
|poke|p1|Garchomp, M, shiny
|poke|p1|Latios, M, shiny
|poke|p1|Swampert, M
|poke|p1|Ferrothorn, M
|poke|p1|Scizor, M
|poke|p1|Tyranitar, M
|poke|p2|Tyranitar, F
|poke|p2|Mienshao, F
|poke|p2|Keldeo
|poke|p2|Celebi
|poke|p2|Forretress, F
|poke|p2|Hydreigon, M
|rule|Sleep Clause Mod: Limit one foe put to sleep
|rule|Species Clause: Limit one of each Pokemon
|rule|OHKO Clause: OHKO moves are banned
|rule|Moody Clause: Moody is banned
|rule|Evasion Moves Clause: Evasion moves are banned
|rule|Endless Battle Clause: Forcing endless battles is banned.
|rule|HP Percentage Mod: HP is reported as percentages
|teampreview
|
|start
|switch|p1a: Don'tTouchMe|Ferrothorn, M|352/352
|switch|p2a: Forretress|Forretress, F|354/354
|turn|1
|
|move|p2a: Forretress|Stealth Rock|p1a: Don'tTouchMe
|-sidestart|p1: BlackAtmosphere|move: Stealth Rock
|move|p1a: Don'tTouchMe|Leech Seed|p2a: Forretress|[miss]
|-miss|p1a: Don'tTouchMe|p2a: Forretress
|
|turn|2
|
|move|p2a: Forretress|Volt Switch|p1a: Don'tTouchMe
|-resisted|p1a: Don'tTouchMe
|-damage|p1a: Don'tTouchMe|335/352
|
|switch|p2a: Mienshao|Mienshao, F|271/271
|move|p1a: Don'tTouchMe|Power Whip|p2a: Mienshao
|-crit|p2a: Mienshao
|-damage|p2a: Mienshao|0 fnt
|faint|p2a: Mienshao
|
|-heal|p1a: Don'tTouchMe|352/352|[from] item: Leftovers
|
|switch|p2a: Hydreigon|Hydreigon, M|325/325
|turn|3
|
|switch|p1a: Greymon|Tyranitar, M|341/341
|-damage|p1a: Greymon|299/341|[from] Stealth Rock
|-weather|Sandstorm|[from] ability: Sand Stream|[of] p1a: Greymon
|move|p2a: Hydreigon|Fire Blast|p1a: Greymon
|-resisted|p1a: Greymon
|-damage|p1a: Greymon|229/341
|-damage|p2a: Hydreigon|293/325|[from] item: Life Orb
|
|-weather|Sandstorm|[upkeep]
|-damage|p2a: Hydreigon|273/325|[from] sandstorm
|-heal|p1a: Greymon|250/341|[from] item: Leftovers
|turn|4
|
|switch|p1a: Stardust|Latios, M, shiny|301/301
|-damage|p1a: Stardust|264/301|[from] Stealth Rock
|move|p2a: Hydreigon|Superpower|p1a: Stardust
|-crit|p1a: Stardust
|-resisted|p1a: Stardust
|-damage|p1a: Stardust|124/301
|-unboost|p2a: Hydreigon|atk|1
|-unboost|p2a: Hydreigon|def|1
|-damage|p2a: Hydreigon|241/325|[from] item: Life Orb
|
|-weather|Sandstorm|[upkeep]
|-damage|p1a: Stardust|106/301|[from] sandstorm
|-damage|p2a: Hydreigon|221/325|[from] sandstorm
|turn|5
|
|switch|p2a: Celebi|Celebi|404/404
|move|p1a: Stardust|Draco Meteor|p2a: Celebi|[miss]
|-miss|p1a: Stardust|p2a: Celebi
|
|-weather|Sandstorm|[upkeep]
|-damage|p1a: Stardust|88/301|[from] sandstorm
|-damage|p2a: Celebi|379/404|[from] sandstorm
|-heal|p2a: Celebi|404/404|[from] item: Leftovers
|turn|6
|
|switch|p1a: Don'tTouchMe|Ferrothorn, M|352/352
|-damage|p1a: Don'tTouchMe|330/352|[from] Stealth Rock
|move|p2a: Celebi|U-turn|p1a: Don'tTouchMe
|-damage|p1a: Don'tTouchMe|298/352
|-damage|p2a: Celebi|354/404|[from] ability: Iron Barbs|[of] p1a: Don'tTouchMe
|
|switch|p2a: Hydreigon|Hydreigon, M|221/325
|
|-weather|Sandstorm|[upkeep]
|-damage|p2a: Hydreigon|201/325|[from] sandstorm
|-heal|p1a: Don'tTouchMe|320/352|[from] item: Leftovers
|turn|7
|
|switch|p1a: PartSwamp|Swampert, M|404/404
|-damage|p1a: PartSwamp|379/404|[from] Stealth Rock
|move|p2a: Hydreigon|Fire Blast|p1a: PartSwamp
|-resisted|p1a: PartSwamp
|-damage|p1a: PartSwamp|263/404
|-damage|p2a: Hydreigon|169/325|[from] item: Life Orb
|
|-weather|Sandstorm|[upkeep]
|-damage|p2a: Hydreigon|149/325|[from] sandstorm
|-heal|p1a: PartSwamp|288/404|[from] item: Leftovers
|turn|8
|
|move|p2a: Hydreigon|Draco Meteor|p1a: PartSwamp
|-damage|p1a: PartSwamp|0 fnt
|-unboost|p2a: Hydreigon|spa|2
|-damage|p2a: Hydreigon|117/325|[from] item: Life Orb
|faint|p1a: PartSwamp
|
|-weather|Sandstorm|[upkeep]
|-damage|p2a: Hydreigon|97/325|[from] sandstorm
|
|switch|p1a: Nirvash|Scizor, M|343/343
|-damage|p1a: Nirvash|301/343|[from] Stealth Rock
|turn|9
|
|move|p1a: Nirvash|Bullet Punch|p2a: Hydreigon
|-damage|p2a: Hydreigon|0 fnt
|faint|p2a: Hydreigon
|
|-weather|Sandstorm|[upkeep]
|
|switch|p2a: Keldeo|Keldeo|323/323
|turn|10
|
|switch|p1a: Greymon|Tyranitar, M|250/341
|-damage|p1a: Greymon|208/341|[from] Stealth Rock
|move|p2a: Keldeo|Secret Sword|p1a: Greymon
|-supereffective|p1a: Greymon
|-damage|p1a: Greymon|0 fnt
|-damage|p2a: Keldeo|291/323|[from] item: Life Orb
|faint|p1a: Greymon
|
|-weather|Sandstorm|[upkeep]
|-damage|p2a: Keldeo|271/323|[from] sandstorm
|
|switch|p1a: Don'tTouchMe|Ferrothorn, M|320/352
|-damage|p1a: Don'tTouchMe|298/352|[from] Stealth Rock
|turn|11
|
|switch|p2a: Forretress|Forretress, F|354/354
|move|p1a: Don'tTouchMe|Power Whip|p2a: Forretress
|-crit|p2a: Forretress
|-resisted|p2a: Forretress
|-damage|p2a: Forretress|315/354
|
|-weather|Sandstorm|[upkeep]
|-heal|p2a: Forretress|337/354|[from] item: Leftovers
|-heal|p1a: Don'tTouchMe|320/352|[from] item: Leftovers
|turn|12
|
|move|p2a: Forretress|Volt Switch|p1a: Don'tTouchMe
|-resisted|p1a: Don'tTouchMe
|-damage|p1a: Don'tTouchMe|304/352
|
|switch|p2a: Celebi|Celebi|354/404
|move|p1a: Don'tTouchMe|Leech Seed|p2a: Celebi
|-immune|p2a: Celebi|[msg]
|
|-weather|Sandstorm|[upkeep]
|-damage|p2a: Celebi|329/404|[from] sandstorm
|-heal|p2a: Celebi|354/404|[from] item: Leftovers
|-heal|p1a: Don'tTouchMe|326/352|[from] item: Leftovers
|turn|13
|
|move|p2a: Celebi|Perish Song|p2a: Celebi
|-fieldactivate|move: Perish Song
|move|p1a: Don'tTouchMe|Gyro Ball|p2a: Celebi
|-damage|p2a: Celebi|171/404
|
|-start|p2a: Celebi|perish3
|-start|p1a: Don'tTouchMe|perish3
|-weather|Sandstorm|[upkeep]
|-damage|p2a: Celebi|146/404|[from] sandstorm
|-heal|p2a: Celebi|171/404|[from] item: Leftovers
|-heal|p1a: Don'tTouchMe|348/352|[from] item: Leftovers
|turn|14
|
|move|p2a: Celebi|Recover|p2a: Celebi
|-heal|p2a: Celebi|373/404
|move|p1a: Don'tTouchMe|Gyro Ball|p2a: Celebi
|-damage|p2a: Celebi|213/404
|
|-start|p2a: Celebi|perish2
|-start|p1a: Don'tTouchMe|perish2
|-weather|Sandstorm|[upkeep]
|-damage|p2a: Celebi|188/404|[from] sandstorm
|-heal|p2a: Celebi|213/404|[from] item: Leftovers
|-heal|p1a: Don'tTouchMe|352/352|[from] item: Leftovers
|turn|15
|
|switch|p1a: Nirvash|Scizor, M|301/343
|-damage|p1a: Nirvash|259/343|[from] Stealth Rock
|move|p2a: Celebi|Recover|p2a: Celebi
|-heal|p2a: Celebi|404/404
|
|-start|p2a: Celebi|perish1
|-weather|Sandstorm|[upkeep]
|-damage|p2a: Celebi|379/404|[from] sandstorm
|-heal|p2a: Celebi|404/404|[from] item: Leftovers
|turn|16
|
|move|p2a: Celebi|U-turn|p1a: Nirvash
|-resisted|p1a: Nirvash
|-damage|p1a: Nirvash|233/343
|
|switch|p2a: Forretress|Forretress, F|337/354
|move|p1a: Nirvash|U-turn|p2a: Forretress
|-resisted|p2a: Forretress
|-damage|p2a: Forretress|283/354
|
|switch|p1a: Stardust|Latios, M, shiny|88/301
|-damage|p1a: Stardust|51/301|[from] Stealth Rock
|
|-weather|Sandstorm|[upkeep]
|-damage|p1a: Stardust|33/301|[from] sandstorm
|-heal|p2a: Forretress|305/354|[from] item: Leftovers
|turn|17
|
|move|p1a: Stardust|Trick|p2a: Forretress
|-activate|p1a: Stardust|move: Trick|[of] p2a: Forretress
|-item|p2a: Forretress|Choice Specs|[from] move: Trick
|-item|p1a: Stardust|Leftovers|[from] move: Trick
|move|p2a: Forretress|Volt Switch|p1a: Stardust
|-resisted|p1a: Stardust
|-damage|p1a: Stardust|8/301
|
|switch|p2a: Celebi|Celebi|404/404
|
|-weather|Sandstorm|[upkeep]
|-damage|p1a: Stardust|0 fnt|[from] sandstorm
|-damage|p2a: Celebi|379/404|[from] sandstorm
|-heal|p2a: Celebi|404/404|[from] item: Leftovers
|faint|p1a: Stardust
|
|switch|p1a: Nirvash|Scizor, M|233/343
|-damage|p1a: Nirvash|191/343|[from] Stealth Rock
|turn|18
|
|move|p2a: Celebi|U-turn|p1a: Nirvash
|-resisted|p1a: Nirvash
|-damage|p1a: Nirvash|166/343
|
|switch|p2a: Forretress|Forretress, F|305/354
|move|p1a: Nirvash|U-turn|p2a: Forretress
|-resisted|p2a: Forretress
|-damage|p2a: Forretress|245/354
|
|switch|p1a: Don'tTouchMe|Ferrothorn, M|352/352
|-damage|p1a: Don'tTouchMe|330/352|[from] Stealth Rock
|
|-weather|Sandstorm|[upkeep]
|-heal|p1a: Don'tTouchMe|352/352|[from] item: Leftovers
|turn|19
|
|move|p2a: Forretress|Volt Switch|p1a: Don'tTouchMe
|-resisted|p1a: Don'tTouchMe
|-damage|p1a: Don'tTouchMe|329/352
|
|switch|p2a: Celebi|Celebi|404/404
|move|p1a: Don'tTouchMe|Gyro Ball|p2a: Celebi
|-damage|p2a: Celebi|233/404
|
|-weather|Sandstorm|[upkeep]
|-damage|p2a: Celebi|208/404|[from] sandstorm
|-heal|p2a: Celebi|233/404|[from] item: Leftovers
|-heal|p1a: Don'tTouchMe|351/352|[from] item: Leftovers
|turn|20
|
|move|p2a: Celebi|Perish Song|p2a: Celebi
|-fieldactivate|move: Perish Song
|move|p1a: Don'tTouchMe|Spikes|p2a: Celebi
|-sidestart|p2: dtw|Spikes
|
|-start|p2a: Celebi|perish3
|-start|p1a: Don'tTouchMe|perish3
|-weather|Sandstorm|[upkeep]
|-damage|p2a: Celebi|208/404|[from] sandstorm
|-heal|p2a: Celebi|233/404|[from] item: Leftovers
|-heal|p1a: Don'tTouchMe|352/352|[from] item: Leftovers
|turn|21
|
|move|p2a: Celebi|Recover|p2a: Celebi
|-heal|p2a: Celebi|404/404
|move|p1a: Don'tTouchMe|Spikes|p2a: Celebi
|-sidestart|p2: dtw|Spikes
|
|-start|p2a: Celebi|perish2
|-start|p1a: Don'tTouchMe|perish2
|-weather|Sandstorm|[upkeep]
|-damage|p2a: Celebi|379/404|[from] sandstorm
|-heal|p2a: Celebi|404/404|[from] item: Leftovers
|turn|22
|
|move|p2a: Celebi|U-turn|p1a: Don'tTouchMe
|-damage|p1a: Don'tTouchMe|321/352
|-damage|p2a: Celebi|354/404|[from] ability: Iron Barbs|[of] p1a: Don'tTouchMe
|
|switch|p2a: Forretress|Forretress, F|245/354
|-damage|p2a: Forretress|186/354|[from] Spikes
|move|p1a: Don'tTouchMe|Gyro Ball|p2a: Forretress
|-resisted|p2a: Forretress
|-damage|p2a: Forretress|169/354
|
|-start|p1a: Don'tTouchMe|perish1
|-weather|Sandstorm|[upkeep]
|-heal|p1a: Don'tTouchMe|343/352|[from] item: Leftovers
|turn|23
|
|switch|p1a: Landshark|Garchomp, M, shiny|357/357
|-damage|p1a: Landshark|335/357|[from] Stealth Rock
|move|p2a: Forretress|Rapid Spin|p1a: Landshark
|-damage|p1a: Landshark|320/357
|-damage|p2a: Forretress|125/354|[from] ability: Rough Skin|[of] p1a: Landshark
|-sideend|p2: dtw|Spikes|[from] move: Rapid Spin|[of] p2a: Forretress
|
|-weather|Sandstorm|[upkeep]
|turn|24
|
|move|p1a: Landshark|Outrage|p2a: Forretress
|-resisted|p2a: Forretress
|-damage|p2a: Forretress|61/354
|move|p2a: Forretress|Rapid Spin|p1a: Landshark
|-damage|p1a: Landshark|305/357
|-damage|p2a: Forretress|17/354|[from] ability: Rough Skin|[of] p1a: Landshark
|
|-weather|Sandstorm|[upkeep]
|turn|25
|
|move|p1a: Landshark|Outrage|p2a: Forretress
|-crit|p2a: Forretress
|-resisted|p2a: Forretress
|-damage|p2a: Forretress|0 fnt
|faint|p2a: Forretress
|
|-end|p1a: Landshark|rampage
|-start|p1a: Landshark|confusion
|-weather|Sandstorm|[upkeep]
|
|switch|p2a: Keldeo|Keldeo|271/323
|turn|26
|
|switch|p1a: Don'tTouchMe|Ferrothorn, M|343/352
|-damage|p1a: Don'tTouchMe|321/352|[from] Stealth Rock
|move|p2a: Keldeo|Icy Wind|p1a: Don'tTouchMe
|-damage|p1a: Don'tTouchMe|250/352
|-unboost|p1a: Don'tTouchMe|spe|1
|-damage|p2a: Keldeo|239/323|[from] item: Life Orb
|
|-weather|Sandstorm|[upkeep]
|-damage|p2a: Keldeo|219/323|[from] sandstorm
|-heal|p1a: Don'tTouchMe|272/352|[from] item: Leftovers
|turn|27
|
|switch|p2a: Celebi|Celebi|354/404
|move|p1a: Don'tTouchMe|Power Whip|p2a: Celebi
|-resisted|p2a: Celebi
|-damage|p2a: Celebi|282/404
|
|-weather|Sandstorm|[upkeep]
|-damage|p2a: Celebi|257/404|[from] sandstorm
|-heal|p2a: Celebi|282/404|[from] item: Leftovers
|-heal|p1a: Don'tTouchMe|294/352|[from] item: Leftovers
|turn|28
|
|move|p2a: Celebi|Perish Song|p2a: Celebi
|-fieldactivate|move: Perish Song
|move|p1a: Don'tTouchMe|Spikes|p2a: Celebi
|-sidestart|p2: dtw|Spikes
|
|-start|p2a: Celebi|perish3
|-start|p1a: Don'tTouchMe|perish3
|-weather|Sandstorm|[upkeep]
|-damage|p2a: Celebi|257/404|[from] sandstorm
|-heal|p2a: Celebi|282/404|[from] item: Leftovers
|-heal|p1a: Don'tTouchMe|316/352|[from] item: Leftovers
|turn|29
|
|move|p2a: Celebi|Recover|p2a: Celebi
|-heal|p2a: Celebi|404/404
|move|p1a: Don'tTouchMe|Spikes|p2a: Celebi
|-sidestart|p2: dtw|Spikes
|
|-start|p2a: Celebi|perish2
|-start|p1a: Don'tTouchMe|perish2
|-weather|Sandstorm|[upkeep]
|-damage|p2a: Celebi|379/404|[from] sandstorm
|-heal|p2a: Celebi|404/404|[from] item: Leftovers
|-heal|p1a: Don'tTouchMe|338/352|[from] item: Leftovers
|turn|30
|
|move|p2a: Celebi|Recover|p2a: Celebi
|-fail|p2a: Celebi
|move|p1a: Don'tTouchMe|Power Whip|p2a: Celebi
|-resisted|p2a: Celebi
|-damage|p2a: Celebi|340/404
|
|-start|p2a: Celebi|perish1
|-start|p1a: Don'tTouchMe|perish1
|-weather|Sandstorm|[upkeep]
|-damage|p2a: Celebi|315/404|[from] sandstorm
|-heal|p2a: Celebi|340/404|[from] item: Leftovers
|-heal|p1a: Don'tTouchMe|352/352|[from] item: Leftovers
|turn|31
|
|switch|p1a: Nirvash|Scizor, M|166/343
|-damage|p1a: Nirvash|124/343|[from] Stealth Rock
|move|p2a: Celebi|U-turn|p1a: Nirvash
|-resisted|p1a: Nirvash
|-damage|p1a: Nirvash|102/343
|
|switch|p2a: Keldeo|Keldeo|219/323
|-damage|p2a: Keldeo|166/323|[from] Spikes
|
|-weather|Sandstorm|[upkeep]
|-damage|p2a: Keldeo|146/323|[from] sandstorm
|turn|32
|
|switch|p1a: Don'tTouchMe|Ferrothorn, M|352/352
|-damage|p1a: Don'tTouchMe|330/352|[from] Stealth Rock
|move|p2a: Keldeo|Secret Sword|p1a: Don'tTouchMe
|-supereffective|p1a: Don'tTouchMe
|-damage|p1a: Don'tTouchMe|80/352
|-damage|p2a: Keldeo|114/323|[from] item: Life Orb
|
|-weather|Sandstorm|[upkeep]
|-damage|p2a: Keldeo|94/323|[from] sandstorm
|-heal|p1a: Don'tTouchMe|102/352|[from] item: Leftovers
|turn|33
|
|move|p2a: Keldeo|Secret Sword|p1a: Don'tTouchMe
|-supereffective|p1a: Don'tTouchMe
|-damage|p1a: Don'tTouchMe|0 fnt
|-damage|p2a: Keldeo|62/323|[from] item: Life Orb
|faint|p1a: Don'tTouchMe
|
|-weather|Sandstorm|[upkeep]
|-damage|p2a: Keldeo|42/323|[from] sandstorm
|
|switch|p1a: Landshark|Garchomp, M, shiny|305/357
|-damage|p1a: Landshark|283/357|[from] Stealth Rock
|turn|34
|
|move|p1a: Landshark|Outrage|p2a: Keldeo
|-damage|p2a: Keldeo|0 fnt
|faint|p2a: Keldeo
|
|-weather|Sandstorm|[upkeep]
|
|switch|p2a: Tyranitar|Tyranitar, F|341/341
|-damage|p2a: Tyranitar|285/341|[from] Spikes
|turn|35
|
|move|p1a: Landshark|Outrage|p2a: Tyranitar
|-damage|p2a: Tyranitar|84/341
|move|p2a: Tyranitar|Crunch|p1a: Landshark
|-damage|p1a: Landshark|135/357
|-damage|p2a: Tyranitar|42/341|[from] ability: Rough Skin|[of] p1a: Landshark
|
|-end|p1a: Landshark|rampage
|-start|p1a: Landshark|confusion
|-weather|Sandstorm|[upkeep]
|turn|36
|
|switch|p1a: Nirvash|Scizor, M|102/343
|-damage|p1a: Nirvash|60/343|[from] Stealth Rock
|move|p2a: Tyranitar|Crunch|p1a: Nirvash
|-resisted|p1a: Nirvash
|-damage|p1a: Nirvash|0 fnt
|faint|p1a: Nirvash
|
|-weather|Sandstorm|[upkeep]
|
|switch|p1a: Landshark|Garchomp, M, shiny|135/357
|-damage|p1a: Landshark|113/357|[from] Stealth Rock
|turn|37
|
|move|p1a: Landshark|Outrage|p2a: Tyranitar
|-damage|p2a: Tyranitar|0 fnt
|faint|p2a: Tyranitar
|
|-weather|Sandstorm|[upkeep]
|
|switch|p2a: Celebi|Celebi|340/404
|-damage|p2a: Celebi|273/404|[from] Spikes
|turn|38
|
|move|p1a: Landshark|Outrage|p2a: Celebi
|-damage|p2a: Celebi|65/404
|move|p2a: Celebi|Psychic|p1a: Landshark
|-damage|p1a: Landshark|0 fnt
|faint|p1a: Landshark
|
|win|dtw
|raw|Ladder updating...
|raw|BlackAtmosphere's rating: 1457 &rarr; <strong>1428</strong><br />(-29 for losing)
|raw|dtw's rating: 1288 &rarr; <strong>1324</strong><br />(+36 for winning)
|chat|dtw|gg