|j|☆xpeps_10
|j|☆Clawdia Chauchat
|t:|1745501116
|gametype|singles
|player|p1|xpeps_10|gentleman-gen4|1350
|player|p2|Clawdia Chauchat|winona|1528
|teamsize|p1|6
|teamsize|p2|6
|gen|5
|tier|[Gen 5] OU
|rated|
|rule|Species Clause: Limit one of each Pokémon
|rule|OHKO Clause: OHKO moves are banned
|rule|Moody Clause: Moody is banned
|rule|Evasion Items Clause: Evasion items are banned
|rule|Evasion Moves Clause: Evasion moves are banned
|rule|Endless Battle Clause: Forcing endless battles is banned
|rule|HP Percentage Mod: HP is shown in percentages
|rule|Evasion Abilities Clause: Evasion abilities are banned
|rule|Sleep Moves Clause: Sleep-inducing moves are banned
|rule|Swagger Clause: Swagger is banned
|rule|Baton Pass Stat Clause: No Baton Passer may have a way to boost its stats
|clearpoke
|poke|p1|Politoed, M|item
|poke|p1|Thundurus-Therian, M|item
|poke|p1|Tentacruel, M|item
|poke|p1|Ferrothorn, M|item
|poke|p1|Landorus-Therian, M|item
|poke|p1|Alakazam, F|item
|poke|p2|Kyurem-Black|item
|poke|p2|Starmie|item
|poke|p2|Mew|item
|poke|p2|Jirachi|item
|poke|p2|Heatran, F|item
|poke|p2|Garchomp, M|item
|teampreview
|inactive|Battle timer is ON: inactive players will automatically lose when time's up. (requested by xpeps_10)
|inactive|Clawdia Chauchat has 120 seconds left.
|inactive|Clawdia Chauchat has 90 seconds left.
|
|t:|1745501204
|start
|switch|p1a: Landorus|Landorus-Therian, M|100/100
|switch|p2a: Cloudbusting|Kyurem-Black, shiny|100/100
|-ability|p1a: Landorus|Intimidate|boost
|-unboost|p2a: Cloudbusting|atk|1
|-ability|p2a: Cloudbusting|Teravolt
|turn|1
|
|t:|1745501210
|move|p1a: Landorus|Stone Edge|p2a: Cloudbusting
|-supereffective|p2a: Cloudbusting
|-damage|p2a: Cloudbusting|37/100
|move|p2a: Cloudbusting|Ice Beam|p1a: Landorus
|-supereffective|p1a: Landorus
|-damage|p1a: Landorus|0 fnt
|faint|p1a: Landorus
|
|-heal|p2a: Cloudbusting|43/100|[from] item: Leftovers
|upkeep
|
|t:|1745501220
|switch|p1a: Ferrothorn|Ferrothorn, M|100/100
|turn|2
|inactive|Clawdia Chauchat has 120 seconds left.
|inactive|Clawdia Chauchat has 90 seconds left.
|
|t:|1745501289
|switch|p2a: Simulation Swarm|Heatran, F, shiny|100/100
|move|p1a: Ferrothorn|Stealth Rock|p2a: Simulation Swarm
|-sidestart|p2: Clawdia Chauchat|move: Stealth Rock
|
|upkeep
|turn|3
|
|t:|1745501294
|switch|p1a: Politoed|Politoed, M|100/100
|-weather|RainDance|[from] ability: Drizzle|[of] p1a: Politoed
|move|p2a: Simulation Swarm|Stealth Rock|p1a: Politoed
|-sidestart|p1: xpeps_10|move: Stealth Rock
|
|-weather|RainDance|[upkeep]
|upkeep
|turn|4
|
|t:|1745501299
|move|p2a: Simulation Swarm|Sunny Day|p2a: Simulation Swarm
|-weather|SunnyDay
|move|p1a: Politoed|Scald|p2a: Simulation Swarm
|-supereffective|p2a: Simulation Swarm
|-damage|p2a: Simulation Swarm|80/100
|
|-weather|SunnyDay|[upkeep]
|-heal|p2a: Simulation Swarm|87/100|[from] item: Leftovers
|upkeep
|turn|5
|
|t:|1745501306
|move|p2a: Simulation Swarm|Lava Plume|p1a: Politoed
|-resisted|p1a: Politoed
|-damage|p1a: Politoed|77/100
|-enditem|p1a: Politoed|Eject Button
|
|t:|1745501313
|switch|p1a: Alakazam|Alakazam, F|100/100
|
|-weather|SunnyDay|[upkeep]
|-heal|p2a: Simulation Swarm|93/100|[from] item: Leftovers
|upkeep
|turn|6
|inactive|Clawdia Chauchat has 120 seconds left.
|
|t:|1745501324
|move|p1a: Alakazam|Focus Blast|p2a: Simulation Swarm
|-supereffective|p2a: Simulation Swarm
|-damage|p2a: Simulation Swarm|26/100
|move|p2a: Simulation Swarm|Lava Plume|p1a: Alakazam
|-damage|p1a: Alakazam|14/100
|
|-weather|SunnyDay|[upkeep]
|-heal|p2a: Simulation Swarm|33/100|[from] item: Leftovers
|upkeep
|turn|7
|
|t:|1745501330
|switch|p2a: Concorde I Miss U|Jirachi|100/100
|-damage|p2a: Concorde I Miss U|94/100|[from] Stealth Rock
|move|p1a: Alakazam|Focus Blast|p2a: Concorde I Miss U
|-damage|p2a: Concorde I Miss U|68/100
|
|-weather|SunnyDay|[upkeep]
|-heal|p2a: Concorde I Miss U|74/100|[from] item: Leftovers
|upkeep
|turn|8
|inactive|Clawdia Chauchat has 120 seconds left.
|
|t:|1745501369
|switch|p1a: Ferrothorn|Ferrothorn, M|100/100
|-damage|p1a: Ferrothorn|94/100|[from] Stealth Rock
|move|p2a: Concorde I Miss U|U-turn|p1a: Ferrothorn
|-damage|p1a: Ferrothorn|83/100
|-damage|p2a: Concorde I Miss U|62/100|[from] ability: Iron Barbs|[of] p1a: Ferrothorn
|
|t:|1745501372
|switch|p2a: Simulation Swarm|Heatran, F, shiny|33/100|[from] U-turn
|-damage|p2a: Simulation Swarm|20/100|[from] Stealth Rock
|
|-weather|none
|-heal|p2a: Simulation Swarm|26/100|[from] item: Leftovers
|-heal|p1a: Ferrothorn|89/100|[from] item: Leftovers
|upkeep
|turn|9
|
|t:|1745501384
|switch|p1a: Politoed|Politoed, M|77/100
|-damage|p1a: Politoed|65/100|[from] Stealth Rock
|-weather|RainDance|[from] ability: Drizzle|[of] p1a: Politoed
|move|p2a: Simulation Swarm|Lava Plume|p1a: Politoed
|-resisted|p1a: Politoed
|-damage|p1a: Politoed|58/100
|
|-weather|RainDance|[upkeep]
|-heal|p2a: Simulation Swarm|33/100|[from] item: Leftovers
|upkeep
|turn|10
|inactive|Clawdia Chauchat has 120 seconds left.
|inactive|Clawdia Chauchat has 90 seconds left.
|
|t:|1745501435
|move|p2a: Simulation Swarm|Sunny Day|p2a: Simulation Swarm
|-weather|SunnyDay
|move|p1a: Politoed|Scald|p2a: Simulation Swarm
|-supereffective|p2a: Simulation Swarm
|-damage|p2a: Simulation Swarm|12/100
|
|-weather|SunnyDay|[upkeep]
|-heal|p2a: Simulation Swarm|18/100|[from] item: Leftovers
|upkeep
|turn|11
|
|t:|1745501442
|move|p2a: Simulation Swarm|Lava Plume|p1a: Politoed
|-resisted|p1a: Politoed
|-damage|p1a: Politoed|36/100
|move|p1a: Politoed|Scald|p2a: Simulation Swarm
|-supereffective|p2a: Simulation Swarm
|-damage|p2a: Simulation Swarm|0 fnt
|faint|p2a: Simulation Swarm
|
|-weather|SunnyDay|[upkeep]
|upkeep
|inactive|Clawdia Chauchat has 90 seconds left.
|
|t:|1745501460
|switch|p2a: Xiu Xiu|Starmie|100/100
|-damage|p2a: Xiu Xiu|88/100|[from] Stealth Rock
|turn|12
|
|t:|1745501465
|switch|p1a: Ferrothorn|Ferrothorn, M|89/100
|-damage|p1a: Ferrothorn|83/100|[from] Stealth Rock
|move|p2a: Xiu Xiu|Rapid Spin|p1a: Ferrothorn
|-resisted|p1a: Ferrothorn
|-damage|p1a: Ferrothorn|82/100
|-damage|p2a: Xiu Xiu|76/100|[from] ability: Iron Barbs|[of] p1a: Ferrothorn
|-sideend|p2: Clawdia Chauchat|Stealth Rock|[from] move: Rapid Spin|[of] p2a: Xiu Xiu
|
|-weather|SunnyDay|[upkeep]
|-heal|p2a: Xiu Xiu|82/100|[from] item: Leftovers
|-heal|p1a: Ferrothorn|88/100|[from] item: Leftovers
|upkeep
|turn|13
|inactive|Clawdia Chauchat has 90 seconds left.
|inactive|Clawdia Chauchat has 60 seconds left.
|
|t:|1745501514
|switch|p2a: Kafka Tamura|Mew, shiny|100/100
|move|p1a: Ferrothorn|Knock Off|p2a: Kafka Tamura
|-supereffective|p2a: Kafka Tamura
|-damage|p2a: Kafka Tamura|94/100
|-enditem|p2a: Kafka Tamura|Leftovers|[from] move: Knock Off|[of] p1a: Ferrothorn
|
|-weather|SunnyDay|[upkeep]
|-heal|p1a: Ferrothorn|94/100|[from] item: Leftovers
|upkeep
|turn|14
|
|t:|1745501519
|move|p2a: Kafka Tamura|Will-O-Wisp|p1a: Ferrothorn
|-status|p1a: Ferrothorn|brn
|move|p1a: Ferrothorn|Thunder Wave||[still]
|-status|p2a: Kafka Tamura|par
|-activate|p2a: Kafka Tamura|ability: Synchronize
|-fail|p2a: Kafka Tamura
|
|-weather|none
|-heal|p1a: Ferrothorn|100/100 brn|[from] item: Leftovers
|-damage|p1a: Ferrothorn|88/100 brn|[from] brn
|upkeep
|turn|15
|inactive|Clawdia Chauchat has 60 seconds left.
|
|t:|1745501537
|switch|p2a: Cloudbusting|Kyurem-Black, shiny|43/100
|-ability|p2a: Cloudbusting|Teravolt
|move|p1a: Ferrothorn|Stealth Rock|p2a: Cloudbusting
|-sidestart|p2: Clawdia Chauchat|move: Stealth Rock
|
|-heal|p2a: Cloudbusting|49/100|[from] item: Leftovers
|-heal|p1a: Ferrothorn|94/100 brn|[from] item: Leftovers
|-damage|p1a: Ferrothorn|82/100 brn|[from] brn
|upkeep
|turn|16
|
|t:|1745501547
|switch|p1a: Politoed|Politoed, M|36/100
|-damage|p1a: Politoed|23/100|[from] Stealth Rock
|-weather|RainDance|[from] ability: Drizzle|[of] p1a: Politoed
|move|p2a: Cloudbusting|Substitute|p2a: Cloudbusting
|-start|p2a: Cloudbusting|Substitute
|-damage|p2a: Cloudbusting|24/100
|
|-weather|RainDance|[upkeep]
|-heal|p2a: Cloudbusting|30/100|[from] item: Leftovers
|upkeep
|turn|17
|j| boubouzouille
|inactive|Clawdia Chauchat has 60 seconds left.
|
|t:|1745501579
|move|p2a: Cloudbusting|Fusion Bolt|p1a: Politoed
|-supereffective|p1a: Politoed
|-damage|p1a: Politoed|0 fnt
|faint|p1a: Politoed
|
|-weather|RainDance|[upkeep]
|-heal|p2a: Cloudbusting|36/100|[from] item: Leftovers
|upkeep
|
|t:|1745501597
|switch|p1a: Tentacruel|Tentacruel, M|100/100
|-damage|p1a: Tentacruel|88/100|[from] Stealth Rock
|turn|18
|inactive|Clawdia Chauchat has 60 seconds left.
|inactive|Clawdia Chauchat has 30 seconds left.
|
|t:|1745501636
|move|p1a: Tentacruel|Rapid Spin|p2a: Cloudbusting
|-activate|p2a: Cloudbusting|Substitute|[damage]
|-sideend|p1: xpeps_10|Stealth Rock|[from] move: Rapid Spin|[of] p1a: Tentacruel
|move|p2a: Cloudbusting|Fusion Bolt|p1a: Tentacruel
|-supereffective|p1a: Tentacruel
|-damage|p1a: Tentacruel|6/100
|
|-weather|RainDance|[upkeep]
|-heal|p1a: Tentacruel|12/100|[from] ability: Rain Dish
|-heal|p1a: Tentacruel|18/100|[from] item: Black Sludge
|-heal|p2a: Cloudbusting|43/100|[from] item: Leftovers
|upkeep
|turn|19
|
|t:|1745501643
|move|p1a: Tentacruel|Scald|p2a: Cloudbusting
|-resisted|p2a: Cloudbusting
|-activate|p2a: Cloudbusting|Substitute|[damage]
|move|p2a: Cloudbusting|Fusion Bolt|p1a: Tentacruel
|-supereffective|p1a: Tentacruel
|-damage|p1a: Tentacruel|0 fnt
|faint|p1a: Tentacruel
|
|-weather|RainDance|[upkeep]
|-heal|p2a: Cloudbusting|49/100|[from] item: Leftovers
|upkeep
|
|t:|1745501650
|switch|p1a: Alakazam|Alakazam, F|14/100
|turn|20
|inactive|Clawdia Chauchat has 30 seconds left.
|inactive|Clawdia Chauchat has 20 seconds left.
|inactive|Clawdia Chauchat has 15 seconds left.
|
|t:|1745501693
|move|p1a: Alakazam|Psyshock|p2a: Cloudbusting
|-end|p2a: Cloudbusting|Substitute
|move|p2a: Cloudbusting|Ice Beam|p1a: Alakazam
|-damage|p1a: Alakazam|0 fnt
|faint|p1a: Alakazam
|
|-weather|RainDance|[upkeep]
|-heal|p2a: Cloudbusting|55/100|[from] item: Leftovers
|upkeep
|inactive|Clawdia Chauchat has 20 seconds left this turn.
|
|t:|1745501695
|switch|p1a: Thundurus|Thundurus-Therian, M|100/100
|turn|21
|inactive|Clawdia Chauchat has 30 seconds left this turn.
|
|t:|1745501701
|move|p2a: Cloudbusting|Ice Beam|p1a: Thundurus
|-supereffective|p1a: Thundurus
|-damage|p1a: Thundurus|4/100
|-enditem|p1a: Thundurus|Sitrus Berry|[eat]
|-heal|p1a: Thundurus|29/100|[from] item: Sitrus Berry
|move|p1a: Thundurus|Agility|p1a: Thundurus
|-boost|p1a: Thundurus|spe|2
|
|-weather|RainDance|[upkeep]
|-heal|p2a: Cloudbusting|61/100|[from] item: Leftovers
|upkeep
|turn|22
|
|t:|1745501706
|move|p1a: Thundurus|Focus Blast|p2a: Cloudbusting
|-supereffective|p2a: Cloudbusting
|-damage|p2a: Cloudbusting|0 fnt
|faint|p2a: Cloudbusting
|
|-weather|RainDance|[upkeep]
|upkeep
|inactive|Clawdia Chauchat has 30 seconds left.
|inactive|Clawdia Chauchat has 20 seconds left.
|inactive|Clawdia Chauchat has 15 seconds left.
|inactive|Clawdia Chauchat has 10 seconds left.
|inactive|Clawdia Chauchat has 5 seconds left.
|-message|Clawdia Chauchat lost due to inactivity.
|
|win|xpeps_10
|raw|xpeps_10's rating: 1350 &rarr; <strong>1380</strong><br />(+30 for winning)
|raw|Clawdia Chauchat's rating: 1537 &rarr; <strong>1507</strong><br />(-30 for losing)
|c|☆xpeps_10|GG
|l|☆Clawdia Chauchat
|player|p2|
