|j|☆RandbatsGAWD
|j|☆RECO THE BOMBER
|player|p1|RandbatsGAWD|265
|player|p2|RECO THE BOMBER|282
|teamsize|p1|6
|teamsize|p2|6
|gametype|singles
|gen|5
|tier|[Gen 5] OU
|rated|
|rule|Sleep Clause Mod: Limit one foe put to sleep
|rule|Species Clause: Limit one of each Pokémon
|rule|OHKO Clause: OHKO moves are banned
|rule|Moody Clause: Moody is banned
|rule|Evasion Moves Clause: Evasion moves are banned
|rule|Endless Battle Clause: Forcing endless battles is banned
|rule|HP Percentage Mod: HP is shown in percentages
|rule|Evasion Abilities Clause: Evasion abilities are banned
|rule|Baton Pass Clause: Limit one Baton Passer, can't pass Spe and other stats simultaneously
|rule|Swagger Clause: Swagger is banned
|clearpoke
|poke|p1|Politoed, M|item
|poke|p1|Ferrothorn, M|item
|poke|p1|Tentacruel, F|item
|poke|p1|Gliscor, F|item
|poke|p1|Celebi|item
|poke|p1|Rotom-Wash|item
|poke|p2|Skarmory, M|item
|poke|p2|Amoonguss, M|item
|poke|p2|Alakazam, F|item
|poke|p2|Mienshao, M|item
|poke|p2|Gliscor, F|item
|poke|p2|Tyranitar, F|item
|teampreview
|
|start
|switch|p1a: Let it rip|Ferrothorn, M, shiny|100/100
|switch|p2a: Mienshao|Mienshao, M|100/100
|turn|1
|
|move|p2a: Mienshao|U-turn|p1a: Let it rip
|-damage|p1a: Let it rip|84/100
|-damage|p2a: Mienshao|88/100|[from] ability: Iron Barbs|[of] p1a: Let it rip
|
|switch|p2a: Amoonguss|Amoonguss, M|100/100
|move|p1a: Let it rip|Stealth Rock|p2a: Amoonguss
|-sidestart|p2: RECO THE BOMBER|move: Stealth Rock
|
|-heal|p1a: Let it rip|90/100|[from] item: Leftovers
|upkeep
|turn|2
|
|switch|p1a: Lucio|Politoed, M, shiny|100/100
|-weather|RainDance|[from] ability: Drizzle|[of] p1a: Lucio
|move|p2a: Amoonguss|Spore|p1a: Lucio
|-status|p1a: Lucio|slp
|
|-weather|RainDance|[upkeep]
|upkeep
|turn|3
|
|switch|p1a: Washed up|Rotom-Wash, shiny|100/100
|switch|p2a: Tyranitar|Tyranitar, F|100/100
|-damage|p2a: Tyranitar|88/100|[from] Stealth Rock
|-weather|Sandstorm|[from] ability: Sand Stream|[of] p2a: Tyranitar
|
|-weather|Sandstorm|[upkeep]
|-damage|p1a: Washed up|95/100|[from] Sandstorm
|upkeep
|turn|4
|
|switch|p2a: Amoonguss|Amoonguss, M|100/100
|-damage|p2a: Amoonguss|88/100|[from] Stealth Rock
|move|p1a: Washed up|Will-O-Wisp|p2a: Amoonguss
|-status|p2a: Amoonguss|brn
|
|-weather|Sandstorm|[upkeep]
|-damage|p1a: Washed up|89/100|[from] Sandstorm
|-damage|p2a: Amoonguss|82/100 brn|[from] Sandstorm
|-heal|p2a: Amoonguss|88/100 brn|[from] item: Black Sludge
|-damage|p2a: Amoonguss|75/100 brn|[from] brn
|upkeep
|turn|5
|
|move|p1a: Washed up|Volt Switch|p2a: Amoonguss
|-resisted|p2a: Amoonguss
|-damage|p2a: Amoonguss|67/100 brn
|
|switch|p1a: Let it rip|Ferrothorn, M, shiny|90/100
|move|p2a: Amoonguss|Giga Drain|p1a: Let it rip
|-resisted|p1a: Let it rip
|-damage|p1a: Let it rip|87/100
|-heal|p2a: Amoonguss|69/100 brn|[from] drain|[of] p1a: Let it rip
|
|-weather|Sandstorm|[upkeep]
|-damage|p2a: Amoonguss|63/100 brn|[from] Sandstorm
|-heal|p2a: Amoonguss|69/100 brn|[from] item: Black Sludge
|-heal|p1a: Let it rip|93/100|[from] item: Leftovers
|-damage|p2a: Amoonguss|56/100 brn|[from] brn
|upkeep
|turn|6
|
|move|p2a: Amoonguss|Hidden Power|p1a: Let it rip
|-supereffective|p1a: Let it rip
|-damage|p1a: Let it rip|56/100
|move|p1a: Let it rip|Spikes|p2a: Amoonguss
|-sidestart|p2: RECO THE BOMBER|Spikes
|
|-weather|Sandstorm|[upkeep]
|-damage|p2a: Amoonguss|50/100 brn|[from] Sandstorm
|-heal|p2a: Amoonguss|56/100 brn|[from] item: Black Sludge
|-heal|p1a: Let it rip|63/100|[from] item: Leftovers
|-damage|p2a: Amoonguss|44/100 brn|[from] brn
|upkeep
|turn|7
|
|switch|p2a: Skarmory|Skarmory, M|100/100
|-damage|p2a: Skarmory|88/100|[from] Stealth Rock
|switch|p1a: Lucio|Politoed, M, shiny|100/100 slp
|-weather|RainDance|[from] ability: Drizzle|[of] p1a: Lucio
|
|-weather|RainDance|[upkeep]
|upkeep
|turn|8
|
|switch|p1a: Washed up|Rotom-Wash, shiny|89/100
|move|p2a: Skarmory|Spikes|p1a: Washed up
|-sidestart|p1: RandbatsGAWD|Spikes
|
|-weather|RainDance|[upkeep]
|upkeep
|turn|9
|
|switch|p2a: Amoonguss|Amoonguss, M|77/100 brn
|-damage|p2a: Amoonguss|65/100 brn|[from] Stealth Rock
|-damage|p2a: Amoonguss|52/100 brn|[from] Spikes
|move|p1a: Washed up|Will-O-Wisp|p2a: Amoonguss|[miss]
|-miss|p1a: Washed up|p2a: Amoonguss
|
|-weather|RainDance|[upkeep]
|-heal|p2a: Amoonguss|58/100 brn|[from] item: Black Sludge
|-damage|p2a: Amoonguss|46/100 brn|[from] brn
|upkeep
|turn|10
|
|move|p1a: Washed up|Volt Switch|p2a: Amoonguss
|-resisted|p2a: Amoonguss
|-damage|p2a: Amoonguss|37/100 brn
|
|switch|p1a: Kinky Jew|Tentacruel, F, shiny|100/100
|-damage|p1a: Kinky Jew|88/100|[from] Spikes
|move|p2a: Amoonguss|Giga Drain|p1a: Kinky Jew
|-damage|p1a: Kinky Jew|69/100
|-heal|p2a: Amoonguss|45/100 brn|[from] drain|[of] p1a: Kinky Jew
|
|-weather|RainDance|[upkeep]
|-heal|p1a: Kinky Jew|75/100|[from] ability: Rain Dish
|-heal|p1a: Kinky Jew|81/100|[from] item: Black Sludge
|-heal|p2a: Amoonguss|51/100 brn|[from] item: Black Sludge
|-damage|p2a: Amoonguss|38/100 brn|[from] brn
|upkeep
|turn|11
|
|switch|p2a: Tyranitar|Tyranitar, F|88/100
|-damage|p2a: Tyranitar|76/100|[from] Spikes
|-damage|p2a: Tyranitar|63/100|[from] Stealth Rock
|-weather|Sandstorm|[from] ability: Sand Stream|[of] p2a: Tyranitar
|move|p1a: Kinky Jew|Rapid Spin|p2a: Tyranitar
|-resisted|p2a: Tyranitar
|-damage|p2a: Tyranitar|62/100
|-sideend|p1: RandbatsGAWD|Spikes|[from] move: Rapid Spin|[of] p1a: Kinky Jew
|
|-weather|Sandstorm|[upkeep]
|-damage|p1a: Kinky Jew|75/100|[from] Sandstorm
|-heal|p1a: Kinky Jew|81/100|[from] item: Black Sludge
|upkeep
|turn|12
|
|switch|p1a: Lucio|Politoed, M, shiny|100/100 slp
|-weather|RainDance|[from] ability: Drizzle|[of] p1a: Lucio
|move|p2a: Tyranitar|Stealth Rock|p1a: Lucio
|-sidestart|p1: RandbatsGAWD|move: Stealth Rock
|
|-weather|RainDance|[upkeep]
|upkeep
|turn|13
|
|-activate|p1a: Lucio|move: Pursuit
|move|p2a: Tyranitar|Pursuit|p1a: Lucio|[from]Pursuit
|-damage|p1a: Lucio|68/100 slp
|switch|p1a: Kinky Jew|Tentacruel, F, shiny|81/100
|-damage|p1a: Kinky Jew|69/100|[from] Stealth Rock
|
|-weather|RainDance|[upkeep]
|-heal|p1a: Kinky Jew|75/100|[from] ability: Rain Dish
|-heal|p1a: Kinky Jew|81/100|[from] item: Black Sludge
|upkeep
|turn|14
|
|switch|p2a: Amoonguss|Amoonguss, M|72/100 brn
|-damage|p2a: Amoonguss|59/100 brn|[from] Spikes
|-damage|p2a: Amoonguss|47/100 brn|[from] Stealth Rock
|move|p1a: Kinky Jew|Rapid Spin|p2a: Amoonguss
|-damage|p2a: Amoonguss|44/100 brn
|-sideend|p1: RandbatsGAWD|Stealth Rock|[from] move: Rapid Spin|[of] p1a: Kinky Jew
|
|-weather|RainDance|[upkeep]
|-heal|p1a: Kinky Jew|87/100|[from] ability: Rain Dish
|-heal|p1a: Kinky Jew|93/100|[from] item: Black Sludge
|-heal|p2a: Amoonguss|50/100 brn|[from] item: Black Sludge
|-damage|p2a: Amoonguss|38/100 brn|[from] brn
|upkeep
|turn|15
|
|switch|p1a: Let it rip|Ferrothorn, M, shiny|63/100
|switch|p2a: Tyranitar|Tyranitar, F|62/100
|-damage|p2a: Tyranitar|50/100|[from] Spikes
|-damage|p2a: Tyranitar|38/100|[from] Stealth Rock
|-weather|Sandstorm|[from] ability: Sand Stream|[of] p2a: Tyranitar
|
|-weather|Sandstorm|[upkeep]
|-heal|p1a: Let it rip|69/100|[from] item: Leftovers
|upkeep
|turn|16
|
|switch|p2a: Gliscor|Gliscor, F|100/100
|-damage|p2a: Gliscor|88/100|[from] Stealth Rock
|move|p1a: Let it rip|Power Whip|p2a: Gliscor
|-damage|p2a: Gliscor|55/100
|
|-weather|Sandstorm|[upkeep]
|-heal|p1a: Let it rip|75/100|[from] item: Leftovers
|-status|p2a: Gliscor|tox|[from] item: Toxic Orb
|upkeep
|turn|17
|
|move|p2a: Gliscor|Taunt|p1a: Let it rip
|-start|p1a: Let it rip|move: Taunt
|cant|p1a: Let it rip|move: Taunt|Leech Seed
|
|-weather|Sandstorm|[upkeep]
|-heal|p1a: Let it rip|81/100|[from] item: Leftovers
|-heal|p2a: Gliscor|67/100 tox|[from] ability: Poison Heal
|upkeep
|turn|18
|
|switch|p1a: Washed up|Rotom-Wash, shiny|89/100
|move|p2a: Gliscor|Ice Fang|p1a: Washed up
|-resisted|p1a: Washed up
|-damage|p1a: Washed up|82/100
|-damage|p2a: Gliscor|51/100 tox|[from] item: Rocky Helmet|[of] p1a: Washed up
|
|-weather|Sandstorm|[upkeep]
|-damage|p1a: Washed up|76/100|[from] Sandstorm
|-heal|p2a: Gliscor|63/100 tox|[from] ability: Poison Heal
|upkeep
|turn|19
|
|move|p2a: Gliscor|Protect|p2a: Gliscor
|-singleturn|p2a: Gliscor|Protect
|move|p1a: Washed up|Hydro Pump|p2a: Gliscor
|-activate|p2a: Gliscor|move: Protect
|
|-weather|Sandstorm|[upkeep]
|-damage|p1a: Washed up|70/100|[from] Sandstorm
|-heal|p2a: Gliscor|76/100 tox|[from] ability: Poison Heal
|upkeep
|turn|20
|
|move|p2a: Gliscor|Protect|p2a: Gliscor
|-singleturn|p2a: Gliscor|Protect
|move|p1a: Washed up|Volt Switch|p2a: Gliscor
|-immune|p2a: Gliscor
|
|-weather|Sandstorm|[upkeep]
|-damage|p1a: Washed up|65/100|[from] Sandstorm
|-heal|p2a: Gliscor|88/100 tox|[from] ability: Poison Heal
|upkeep
|turn|21
|
|switch|p2a: Amoonguss|Amoonguss, M|71/100 brn
|-damage|p2a: Amoonguss|59/100 brn|[from] Spikes
|-damage|p2a: Amoonguss|46/100 brn|[from] Stealth Rock
|move|p1a: Washed up|Hydro Pump|p2a: Amoonguss
|-resisted|p2a: Amoonguss
|-damage|p2a: Amoonguss|32/100 brn
|
|-weather|Sandstorm|[upkeep]
|-damage|p1a: Washed up|59/100|[from] Sandstorm
|-damage|p2a: Amoonguss|26/100 brn|[from] Sandstorm
|-heal|p2a: Amoonguss|32/100 brn|[from] item: Black Sludge
|-damage|p2a: Amoonguss|19/100 brn|[from] brn
|upkeep
|turn|22
|
|switch|p2a: Gliscor|Gliscor, F|88/100 tox
|-damage|p2a: Gliscor|76/100 tox|[from] Stealth Rock
|move|p1a: Washed up|Volt Switch|p2a: Gliscor
|-immune|p2a: Gliscor
|
|-weather|Sandstorm|[upkeep]
|-damage|p1a: Washed up|53/100|[from] Sandstorm
|-heal|p2a: Gliscor|88/100 tox|[from] ability: Poison Heal
|upkeep
|turn|23
|
|switch|p2a: Amoonguss|Amoonguss, M|53/100 brn
|-damage|p2a: Amoonguss|40/100 brn|[from] Stealth Rock
|-damage|p2a: Amoonguss|28/100 brn|[from] Spikes
|switch|p1a: Lucio|Politoed, M, shiny|68/100 slp
|-weather|RainDance|[from] ability: Drizzle|[of] p1a: Lucio
|
|-weather|RainDance|[upkeep]
|-heal|p1a: Lucio|74/100 slp|[from] item: Leftovers
|-heal|p2a: Amoonguss|34/100 brn|[from] item: Black Sludge
|-damage|p2a: Amoonguss|22/100 brn|[from] brn
|upkeep
|turn|24
|
|switch|p1a: Let it rip|Ferrothorn, M, shiny|81/100
|switch|p2a: Mienshao|Mienshao, M|100/100
|-damage|p2a: Mienshao|95/100|[from] Stealth Rock
|-damage|p2a: Mienshao|82/100|[from] Spikes
|
|-weather|RainDance|[upkeep]
|-heal|p1a: Let it rip|88/100|[from] item: Leftovers
|upkeep
|turn|25
|
|move|p2a: Mienshao|High Jump Kick|p1a: Let it rip
|-supereffective|p1a: Let it rip
|-damage|p1a: Let it rip|0 fnt
|-damage|p2a: Mienshao|70/100|[from] ability: Iron Barbs|[of] p1a: Let it rip
|faint|p1a: Let it rip
|
|-weather|RainDance|[upkeep]
|upkeep
|
|switch|p1a: Kinky Jew|Tentacruel, F, shiny|93/100
|turn|26
|
|switch|p2a: Amoonguss|Amoonguss, M|55/100 brn
|-damage|p2a: Amoonguss|42/100 brn|[from] Stealth Rock
|-damage|p2a: Amoonguss|30/100 brn|[from] Spikes
|move|p1a: Kinky Jew|Protect||[still]
|-fail|p1a: Kinky Jew
|
|-weather|RainDance|[upkeep]
|-heal|p1a: Kinky Jew|99/100|[from] ability: Rain Dish
|-heal|p1a: Kinky Jew|100/100|[from] item: Black Sludge
|-heal|p2a: Amoonguss|36/100 brn|[from] item: Black Sludge
|-damage|p2a: Amoonguss|24/100 brn|[from] brn
|upkeep
|turn|27
|
|switch|p1a: "Heatran sama!?"|Celebi|100/100
|move|p2a: Amoonguss|Giga Drain|p1a: "Heatran sama!?"
|-resisted|p1a: "Heatran sama!?"
|-damage|p1a: "Heatran sama!?"|94/100
|-heal|p2a: Amoonguss|27/100 brn|[from] drain|[of] p1a: "Heatran sama!?"
|
|-weather|RainDance|[upkeep]
|-heal|p1a: "Heatran sama!?"|99/100|[from] item: Leftovers
|-heal|p2a: Amoonguss|33/100 brn|[from] item: Black Sludge
|-damage|p2a: Amoonguss|21/100 brn|[from] brn
|upkeep
|turn|28
|
|switch|p2a: Skarmory|Skarmory, M|88/100
|-damage|p2a: Skarmory|76/100|[from] Stealth Rock
|move|p1a: "Heatran sama!?"|U-turn|p2a: Skarmory
|-resisted|p2a: Skarmory
|-damage|p2a: Skarmory|73/100
|-damage|p1a: "Heatran sama!?"|83/100|[from] item: Rocky Helmet|[of] p2a: Skarmory
|
|switch|p1a: Washed up|Rotom-Wash, shiny|53/100
|
|-weather|RainDance|[upkeep]
|upkeep
|turn|29
|
|switch|p2a: Amoonguss|Amoonguss, M|54/100 brn
|-damage|p2a: Amoonguss|41/100 brn|[from] Stealth Rock
|-damage|p2a: Amoonguss|29/100 brn|[from] Spikes
|move|p1a: Washed up|Volt Switch|p2a: Amoonguss
|-resisted|p2a: Amoonguss
|-damage|p2a: Amoonguss|20/100 brn
|
|switch|p1a: "Heatran sama!?"|Celebi|83/100
|
|-weather|RainDance|[upkeep]
|-heal|p1a: "Heatran sama!?"|90/100|[from] item: Leftovers
|-heal|p2a: Amoonguss|27/100 brn|[from] item: Black Sludge
|-damage|p2a: Amoonguss|14/100 brn|[from] brn
|upkeep
|turn|30
|
|switch|p2a: Skarmory|Skarmory, M|73/100
|-damage|p2a: Skarmory|61/100|[from] Stealth Rock
|move|p1a: "Heatran sama!?"|U-turn|p2a: Skarmory
|-resisted|p2a: Skarmory
|-damage|p2a: Skarmory|58/100
|-damage|p1a: "Heatran sama!?"|73/100|[from] item: Rocky Helmet|[of] p2a: Skarmory
|
|switch|p1a: Washed up|Rotom-Wash, shiny|53/100
|
|-weather|RainDance|[upkeep]
|upkeep
|turn|31
|
|switch|p2a: Amoonguss|Amoonguss, M|47/100 brn
|-damage|p2a: Amoonguss|35/100 brn|[from] Spikes
|-damage|p2a: Amoonguss|22/100 brn|[from] Stealth Rock
|move|p1a: Washed up|Hydro Pump|p2a: Amoonguss
|-resisted|p2a: Amoonguss
|-damage|p2a: Amoonguss|0 fnt
|faint|p2a: Amoonguss
|
|-weather|RainDance|[upkeep]
|upkeep
|
|switch|p2a: Alakazam|Alakazam, F|100/100
|turn|32
|
|move|p2a: Alakazam|Psychic|p1a: Washed up
|-damage|p1a: Washed up|4/100
|move|p1a: Washed up|Volt Switch|p2a: Alakazam
|-damage|p2a: Alakazam|61/100
|
|switch|p1a: Batman|Gliscor, F, shiny|100/100
|
|-weather|RainDance|[upkeep]
|-status|p1a: Batman|tox|[from] item: Toxic Orb
|upkeep
|turn|33
|
|move|p2a: Alakazam|Hidden Power|p1a: Batman
|-supereffective|p1a: Batman
|-damage|p1a: Batman|0 fnt
|faint|p1a: Batman
|
|-weather|RainDance|[upkeep]
|upkeep
|
|switch|p1a: "Heatran sama!?"|Celebi|73/100
|turn|34
|
|move|p2a: Alakazam|Signal Beam|p1a: "Heatran sama!?"
|-supereffective|p1a: "Heatran sama!?"
|-damage|p1a: "Heatran sama!?"|1/100
|move|p1a: "Heatran sama!?"|U-turn|p2a: Alakazam
|-supereffective|p2a: Alakazam
|-damage|p2a: Alakazam|0 fnt
|faint|p2a: Alakazam
|
|switch|p1a: Washed up|Rotom-Wash, shiny|4/100
|
|-weather|RainDance|[upkeep]
|upkeep
|
|switch|p2a: Mienshao|Mienshao, M|100/100
|-damage|p2a: Mienshao|95/100|[from] Stealth Rock
|-damage|p2a: Mienshao|82/100|[from] Spikes
|turn|35
|
|switch|p1a: Kinky Jew|Tentacruel, F, shiny|100/100
|move|p2a: Mienshao|U-turn|p1a: Kinky Jew
|-resisted|p1a: Kinky Jew
|-damage|p1a: Kinky Jew|90/100
|
|switch|p2a: Skarmory|Skarmory, M|58/100
|-damage|p2a: Skarmory|46/100|[from] Stealth Rock
|
|-weather|RainDance|[upkeep]
|-heal|p1a: Kinky Jew|96/100|[from] ability: Rain Dish
|-heal|p1a: Kinky Jew|100/100|[from] item: Black Sludge
|upkeep
|turn|36
|
|switch|p1a: Washed up|Rotom-Wash, shiny|4/100
|move|p2a: Skarmory|Spikes|p1a: Washed up
|-sidestart|p1: RandbatsGAWD|Spikes
|
|-weather|RainDance|[upkeep]
|upkeep
|turn|37
|
|move|p1a: Washed up|Pain Split|p2a: Skarmory
|-sethp|p2a: Skarmory|25/100|p1a: Washed up|27/100|[from] move: Pain Split
|move|p2a: Skarmory|Whirlwind|p1a: Washed up
|drag|p1a: Lucio|Politoed, M, shiny|74/100 slp
|-damage|p1a: Lucio|61/100 slp|[from] Spikes
|
|-weather|RainDance|[upkeep]
|-heal|p1a: Lucio|68/100 slp|[from] item: Leftovers
|upkeep
|turn|38
|
|switch|p1a: "Heatran sama!?"|Celebi|1/100
|-damage|p1a: "Heatran sama!?"|0 fnt|[from] Spikes
|faint|p1a: "Heatran sama!?"
|move|p2a: Skarmory|Whirlwind|p1: "Heatran sama!?"|[notarget]
|-fail|p2a: Skarmory
|
|-weather|RainDance|[upkeep]
|upkeep
|
|switch|p1a: Washed up|Rotom-Wash, shiny|27/100
|turn|39
|
|move|p1a: Washed up|Hydro Pump|p2a: Skarmory
|-damage|p2a: Skarmory|0 fnt
|faint|p2a: Skarmory
|
|-weather|RainDance|[upkeep]
|upkeep
|
|switch|p2a: Mienshao|Mienshao, M|100/100
|-damage|p2a: Mienshao|88/100|[from] Spikes
|-damage|p2a: Mienshao|82/100|[from] Stealth Rock
|turn|40
|
|switch|p1a: Kinky Jew|Tentacruel, F, shiny|100/100
|-damage|p1a: Kinky Jew|88/100|[from] Spikes
|move|p2a: Mienshao|High Jump Kick|p1a: Kinky Jew|[miss]
|-miss|p2a: Mienshao|p1a: Kinky Jew
|-damage|p2a: Mienshao|33/100
|
|-weather|RainDance|[upkeep]
|-heal|p1a: Kinky Jew|94/100|[from] ability: Rain Dish
|-heal|p1a: Kinky Jew|99/100|[from] item: Black Sludge
|upkeep
|turn|41
|
|switch|p2a: Tyranitar|Tyranitar, F|38/100
|-damage|p2a: Tyranitar|25/100|[from] Stealth Rock
|-damage|p2a: Tyranitar|13/100|[from] Spikes
|-weather|Sandstorm|[from] ability: Sand Stream|[of] p2a: Tyranitar
|move|p1a: Kinky Jew|Scald|p2a: Tyranitar
|-supereffective|p2a: Tyranitar
|-damage|p2a: Tyranitar|0 fnt
|faint|p2a: Tyranitar
|
|-weather|Sandstorm|[upkeep]
|-damage|p1a: Kinky Jew|94/100|[from] Sandstorm
|-heal|p1a: Kinky Jew|99/100|[from] item: Black Sludge
|upkeep
|
|switch|p2a: Gliscor|Gliscor, F|88/100 tox
|-damage|p2a: Gliscor|76/100 tox|[from] Stealth Rock
|turn|42
|
|move|p2a: Gliscor|Ice Fang|p1a: Kinky Jew
|-resisted|p1a: Kinky Jew
|-damage|p1a: Kinky Jew|94/100
|move|p1a: Kinky Jew|Scald|p2a: Gliscor
|-supereffective|p2a: Gliscor
|-damage|p2a: Gliscor|18/100 tox
|
|-weather|Sandstorm|[upkeep]
|-damage|p1a: Kinky Jew|88/100|[from] Sandstorm
|-heal|p1a: Kinky Jew|94/100|[from] item: Black Sludge
|-heal|p2a: Gliscor|30/100 tox|[from] ability: Poison Heal
|upkeep
|turn|43
|
|move|p2a: Gliscor|Protect|p2a: Gliscor
|-singleturn|p2a: Gliscor|Protect
|move|p1a: Kinky Jew|Scald|p2a: Gliscor
|-activate|p2a: Gliscor|move: Protect
|
|-weather|Sandstorm|[upkeep]
|-damage|p1a: Kinky Jew|88/100|[from] Sandstorm
|-heal|p1a: Kinky Jew|94/100|[from] item: Black Sludge
|-heal|p2a: Gliscor|43/100 tox|[from] ability: Poison Heal
|upkeep
|turn|44
|
|move|p2a: Gliscor|Earthquake|p1a: Kinky Jew
|-supereffective|p1a: Kinky Jew
|-damage|p1a: Kinky Jew|35/100
|move|p1a: Kinky Jew|Scald|p2a: Gliscor
|-supereffective|p2a: Gliscor
|-damage|p2a: Gliscor|0 fnt
|faint|p2a: Gliscor
|
|-weather|Sandstorm|[upkeep]
|-damage|p1a: Kinky Jew|29/100|[from] Sandstorm
|-heal|p1a: Kinky Jew|35/100|[from] item: Black Sludge
|upkeep
|
|switch|p2a: Mienshao|Mienshao, M|66/100
|-damage|p2a: Mienshao|54/100|[from] Spikes
|-damage|p2a: Mienshao|48/100|[from] Stealth Rock
|turn|45
|
|move|p1a: Kinky Jew|Protect|p1a: Kinky Jew
|-singleturn|p1a: Kinky Jew|Protect
|move|p2a: Mienshao|High Jump Kick|p1a: Kinky Jew
|-activate|p1a: Kinky Jew|move: Protect
|-damage|p2a: Mienshao|0 fnt
|faint|p2a: Mienshao
|
|win|RandbatsGAWD
|raw|RandbatsGAWD's rating: 1346 &rarr; <strong>1365</strong><br />(+19 for winning)
|raw|RECO THE BOMBER's rating: 1322 &rarr; <strong>1303</strong><br />(-19 for losing)
|c|☆RandbatsGAWD|Gg
|l|☆RECO THE BOMBER
