|join|Princess Deluks917
|join|Starmaster
|player|p1|Princess Deluks917|23
|player|p2|Starmaster|101
|gametype|singles
|gen|5
|tier|[Gen 5] OU
|rated
|rule|Evasion Abilities Clause: Evasion abilities are banned
|clearpoke
|poke|p1|Latios, M
|poke|p1|Garchomp, M
|poke|p1|Scizor, F
|poke|p1|Latias, F
|poke|p1|Magnezone
|poke|p1|Tyranitar, M
|poke|p2|Garchomp, F
|poke|p2|Latias, F
|poke|p2|Scizor, F
|poke|p2|Rotom-Wash
|poke|p2|Tyranitar, M
|poke|p2|Keldeo
|rule|Sleep Clause Mod: Limit one foe put to sleep
|rule|Species Clause: Limit one of each Pokemon
|rule|OHKO Clause: OHKO moves are banned
|rule|Moody Clause: Moody is banned
|rule|Evasion Moves Clause: Evasion moves are banned
|rule|Endless Battle Clause: Forcing endless battles is banned.
|rule|HP Percentage Mod: HP is reported as percentages
|teampreview
|chat|Princess Deluks917|gl!
|chat|Starmaster|same
|
|start
|switch|p1a: Latios|Latios, M|302/302
|switch|p2a: NO SAND VEIL ;~;|Garchomp, F|357/357
|turn|1
|
|switch|p2a: Fucking Dugtrio|Tyranitar, M|404/404
|-weather|Sandstorm|[from] ability: Sand Stream|[of] p2a: Fucking Dugtrio
|move|p1a: Latios|Dragon Pulse|p2a: Fucking Dugtrio
|-damage|p2a: Fucking Dugtrio|287/404
|
|-weather|Sandstorm|[upkeep]
|-damage|p1a: Latios|284/302|[from] sandstorm
|turn|2
|
|switch|p1a: Garchomp|Garchomp, M|358/358
|move|p2a: Fucking Dugtrio|Crunch|p1a: Garchomp
|-damage|p1a: Garchomp|220/358
|-damage|p2a: Fucking Dugtrio|237/404|[from] ability: Rough Skin|[of] p1a: Garchomp
|
|-weather|Sandstorm|[upkeep]
|turn|3
|
|switch|p2a: Jet|Latias, F|319/319
|move|p1a: Garchomp|Stealth Rock|p2a: Jet
|-sidestart|p2: Starmaster|move: Stealth Rock
|
|-weather|Sandstorm|[upkeep]
|-damage|p2a: Jet|300/319|[from] sandstorm
|turn|4
|
|switch|p1a: Tyranitar|Tyranitar, M|342/342
|move|p2a: Jet|Psyshock|p1a: Tyranitar
|-immune|p1a: Tyranitar|[msg]
|
|-weather|Sandstorm|[upkeep]
|-damage|p2a: Jet|281/319|[from] sandstorm
|turn|5
|
|move|p1a: Tyranitar|Pursuit|p2a: Jet|[from]Pursuit
|-crit|p2a: Jet
|-supereffective|p2a: Jet
|-damage|p2a: Jet|0 fnt
|faint|p2a: Jet
|
|-weather|Sandstorm|[upkeep]
|chat|Starmaster|ugh
|chat|Starmaster|crits
|chat|Starmaster|>_<
|
|switch|p2a: NO SAND VEIL ;~;|Garchomp, F|357/357
|-damage|p2a: NO SAND VEIL ;~;|335/357|[from] Stealth Rock
|turn|6
|
|switch|p1a: Latios|Latios, M|284/302
|move|p2a: NO SAND VEIL ;~;|Swords Dance|p2a: NO SAND VEIL ;~;
|-boost|p2a: NO SAND VEIL ;~;|atk|2
|
|-weather|Sandstorm|[upkeep]
|-damage|p1a: Latios|266/302|[from] sandstorm
|turn|7
|
|switch|p2a: Fucking Dugtrio|Tyranitar, M|237/404
|-damage|p2a: Fucking Dugtrio|187/404|[from] Stealth Rock
|move|p1a: Latios|Dragon Pulse|p2a: Fucking Dugtrio
|-damage|p2a: Fucking Dugtrio|67/404
|
|-weather|Sandstorm|[upkeep]
|-damage|p1a: Latios|248/302|[from] sandstorm
|turn|8
|
|move|p1a: Latios|Dragon Pulse|p2a: Fucking Dugtrio
|-damage|p2a: Fucking Dugtrio|0 fnt
|faint|p2a: Fucking Dugtrio
|
|-weather|Sandstorm|[upkeep]
|-damage|p1a: Latios|230/302|[from] sandstorm
|
|switch|p2a: Turn|Scizor, F|282/282
|-damage|p2a: Turn|247/282|[from] Stealth Rock
|turn|9
|
|switch|p1a: Garchomp|Garchomp, M|220/358
|move|p2a: Turn|U-turn|p1a: Garchomp
|-damage|p1a: Garchomp|31/358
|-damage|p2a: Turn|212/282|[from] ability: Rough Skin|[of] p1a: Garchomp
|
|switch|p2a: This thing again|Keldeo|323/323
|-damage|p2a: This thing again|303/323|[from] Stealth Rock
|
|-weather|Sandstorm|[upkeep]
|-damage|p2a: This thing again|283/323|[from] sandstorm
|turn|10
|
|move|p2a: This thing again|Surf|p1a: Garchomp
|-damage|p1a: Garchomp|0 fnt
|faint|p1a: Garchomp
|
|-weather|Sandstorm|[upkeep]
|-damage|p2a: This thing again|263/323|[from] sandstorm
|
|switch|p1a: Latios|Latios, M|230/302
|turn|11
|
|switch|p2a: Turn|Scizor, F|212/282
|-damage|p2a: Turn|177/282|[from] Stealth Rock
|move|p1a: Latios|Draco Meteor|p2a: Turn
|-resisted|p2a: Turn
|-damage|p2a: Turn|0 fnt
|-unboost|p1a: Latios|spa|2
|faint|p2a: Turn
|
|-weather|Sandstorm|[upkeep]
|-damage|p1a: Latios|212/302|[from] sandstorm
|
|switch|p2a: This thing again|Keldeo|263/323
|-damage|p2a: This thing again|243/323|[from] Stealth Rock
|turn|12
|
|switch|p1a: Magnezone|Magnezone|322/322
|move|p2a: This thing again|Surf|p1a: Magnezone
|-damage|p1a: Magnezone|144/322
|
|-weather|Sandstorm|[upkeep]
|-damage|p2a: This thing again|223/323|[from] sandstorm
|turn|13
|
|switch|p2a: NO SAND VEIL ;~;|Garchomp, F|335/357
|-damage|p2a: NO SAND VEIL ;~;|313/357|[from] Stealth Rock
|move|p1a: Magnezone|Volt Switch|p2a: NO SAND VEIL ;~;
|-immune|p2a: NO SAND VEIL ;~;|[msg]
|
|-weather|Sandstorm|[upkeep]
|turn|14
|
|switch|p1a: Tyranitar|Tyranitar, M|342/342
|move|p2a: NO SAND VEIL ;~;|Outrage|p1a: Tyranitar
|-enditem|p2a: NO SAND VEIL ;~;|Dragon Gem|[from] gem|[move] Outrage
|-damage|p1a: Tyranitar|29/342
|
|-weather|Sandstorm|[upkeep]
|turn|15
|
|move|p1a: Tyranitar|Crunch|p2a: NO SAND VEIL ;~;
|-damage|p2a: NO SAND VEIL ;~;|171/357
|-damage|p1a: Tyranitar|0 fnt|[from] ability: Rough Skin|[of] p2a: NO SAND VEIL ;~;
|faint|p1a: Tyranitar
|move|p2a: NO SAND VEIL ;~;|Outrage|p1: Tyranitar|[notarget]
|-notarget
|
|-weather|Sandstorm|[upkeep]
|
|switch|p1a: Latios|Latios, M|212/302
|turn|16
|
|switch|p2a: Volt|Rotom-Wash|295/295
|-damage|p2a: Volt|259/295|[from] Stealth Rock
|move|p1a: Latios|Dragon Pulse|p2a: Volt
|-damage|p2a: Volt|91/295
|
|-weather|Sandstorm|[upkeep]
|-damage|p1a: Latios|194/302|[from] sandstorm
|-damage|p2a: Volt|73/295|[from] sandstorm
|turn|17
|
|move|p1a: Latios|Dragon Pulse|p2a: Volt
|-damage|p2a: Volt|0 fnt
|faint|p2a: Volt
|
|-weather|Sandstorm|[upkeep]
|-damage|p1a: Latios|176/302|[from] sandstorm
|
|switch|p2a: This thing again|Keldeo|223/323
|-damage|p2a: This thing again|203/323|[from] Stealth Rock
|turn|18
|
|move|p2a: This thing again|Icy Wind|p1a: Latios
|-supereffective|p1a: Latios
|-damage|p1a: Latios|52/302
|-unboost|p1a: Latios|spe|1
|move|p1a: Latios|Dragon Pulse|p2a: This thing again
|-damage|p2a: This thing again|0 fnt
|faint|p2a: This thing again
|
|-weather|Sandstorm|[upkeep]
|-damage|p1a: Latios|34/302|[from] sandstorm
|
|switch|p2a: NO SAND VEIL ;~;|Garchomp, F|171/357
|-damage|p2a: NO SAND VEIL ;~;|149/357|[from] Stealth Rock
|turn|19
|
|move|p2a: NO SAND VEIL ;~;|Fire Blast|p1a: Latios
|-resisted|p1a: Latios
|-damage|p1a: Latios|0 fnt
|faint|p1a: Latios
|
|-weather|Sandstorm|[upkeep]
|
|switch|p1a: Latias|Latias, F|364/364
|turn|20
|
|move|p1a: Latias|Dragon Pulse|p2a: NO SAND VEIL ;~;
|-supereffective|p2a: NO SAND VEIL ;~;
|-damage|p2a: NO SAND VEIL ;~;|0 fnt
|faint|p2a: NO SAND VEIL ;~;
|
|win|Princess Deluks917
|raw|Ladder updating...
|raw|Princess Deluks917's rating: 1562 &rarr; <strong>1575</strong><br />(+13 for winning)
|raw|Starmaster's rating: 1429 &rarr; <strong>1416</strong><br />(-13 for losing)