|html|<div class="broadcast-blue"><strong>[Gen 5] OU is currently suspecting Volcarona & Cloyster! For information on how to participate check out the <a href="https://www.smogon.com/forums/threads/re-cloyster-volcarona-in-bw-ou-survey-post-29.3731863/page-2#post-9904362">suspect thread</a>.</strong></div>
|j|☆nidiedi
|j|☆sniping bwvcs
|t:|1703519255
|gametype|singles
|player|p1|nidiedi|1|1406
|player|p2|sniping bwvcs|102|1478
|teamsize|p1|6
|teamsize|p2|6
|gen|5
|tier|[Gen 5] OU
|rated|
|rule|Species Clause: Limit one of each Pokémon
|rule|OHKO Clause: OHKO moves are banned
|rule|Moody Clause: Moody is banned
|rule|Evasion Items Clause: Evasion items are banned
|rule|Evasion Moves Clause: Evasion moves are banned
|rule|Endless Battle Clause: Forcing endless battles is banned
|rule|HP Percentage Mod: HP is shown in percentages
|rule|Evasion Abilities Clause: Evasion abilities are banned
|rule|Sleep Moves Clause: Sleep-inducing moves are banned
|rule|Swagger Clause: Swagger is banned
|rule|Baton Pass Stat Clause: No Baton Passer may have a way to boost its stats
|clearpoke
|poke|p1|Tyranitar, F|item
|poke|p1|Skarmory, M|item
|poke|p1|Gastrodon-East, F|item
|poke|p1|Reuniclus, F|item
|poke|p1|Alakazam, M|item
|poke|p1|Gliscor, M|item
|poke|p2|Latios, M|item
|poke|p2|Reuniclus, F|item
|poke|p2|Forretress, F|item
|poke|p2|Tyranitar, M|item
|poke|p2|Rotom-Wash|item
|poke|p2|Gliscor, M|item
|teampreview
|inactive|Battle timer is ON: inactive players will automatically lose when time's up. (requested by nidiedi)
|inactive|nidiedi has 120 seconds left.
|inactive|sniping bwvcs has 120 seconds left.
|
|t:|1703519293
|start
|switch|p1a: Skarmory|Skarmory, M|100/100
|switch|p2a: Rotom|Rotom-Wash|100/100
|turn|1
|
|t:|1703519296
|switch|p1a: Gastrodon|Gastrodon-East, F|100/100
|move|p2a: Rotom|Volt Switch|p1a: Gastrodon
|-immune|p1a: Gastrodon
|
|upkeep
|turn|2
|
|t:|1703519311
|switch|p2a: Reuniclus|Reuniclus, F|100/100
|move|p1a: Gastrodon|Scald|p2a: Reuniclus
|-damage|p2a: Reuniclus|74/100
|
|-heal|p2a: Reuniclus|80/100|[from] item: Leftovers
|upkeep
|turn|3
|
|t:|1703519321
|switch|p1a: Tyranitar|Tyranitar, F|100/100
|-weather|Sandstorm|[from] ability: Sand Stream|[of] p1a: Tyranitar
|switch|p2a: Gliscor|Gliscor, M|100/100
|
|-weather|Sandstorm|[upkeep]
|-status|p2a: Gliscor|tox|[from] item: Toxic Orb
|upkeep
|turn|4
|
|t:|1703519340
|switch|p2a: Tyranitar|Tyranitar, M|100/100
|switch|p1a: Gastrodon|Gastrodon-East, F|100/100
|
|-weather|Sandstorm|[upkeep]
|upkeep
|turn|5
|
|t:|1703519344
|move|p2a: Tyranitar|Stealth Rock|p1a: Gastrodon
|-sidestart|p1: nidiedi|move: Stealth Rock
|move|p1a: Gastrodon|Scald|p2a: Tyranitar
|-supereffective|p2a: Tyranitar
|-damage|p2a: Tyranitar|81/100
|
|-weather|Sandstorm|[upkeep]
|-heal|p2a: Tyranitar|87/100|[from] item: Leftovers
|upkeep
|turn|6
|
|t:|1703519349
|move|p2a: Tyranitar|Protect|p2a: Tyranitar
|-singleturn|p2a: Tyranitar|Protect
|move|p1a: Gastrodon|Toxic|p2a: Tyranitar
|-activate|p2a: Tyranitar|move: Protect
|
|-weather|Sandstorm|[upkeep]
|-heal|p2a: Tyranitar|93/100|[from] item: Leftovers
|upkeep
|turn|7
|
|t:|1703519354
|switch|p2a: Reuniclus|Reuniclus, F|80/100
|move|p1a: Gastrodon|Scald|p2a: Reuniclus
|-damage|p2a: Reuniclus|55/100
|
|-weather|Sandstorm|[upkeep]
|-heal|p2a: Reuniclus|62/100|[from] item: Leftovers
|upkeep
|turn|8
|
|t:|1703519373
|switch|p2a: Gliscor|Gliscor, M|100/100 tox
|move|p1a: Gastrodon|Scald|p2a: Gliscor
|-supereffective|p2a: Gliscor
|-damage|p2a: Gliscor|52/100 tox
|
|-weather|Sandstorm|[upkeep]
|-heal|p2a: Gliscor|65/100 tox|[from] ability: Poison Heal
|upkeep
|turn|9
|
|t:|1703519378
|move|p2a: Gliscor|Protect|p2a: Gliscor
|-singleturn|p2a: Gliscor|Protect
|move|p1a: Gastrodon|Ice Beam|p2a: Gliscor
|-activate|p2a: Gliscor|move: Protect
|
|-weather|Sandstorm|[upkeep]
|-heal|p2a: Gliscor|77/100 tox|[from] ability: Poison Heal
|upkeep
|turn|10
|
|t:|1703519384
|switch|p2a: Reuniclus|Reuniclus, F|62/100
|move|p1a: Gastrodon|Scald|p2a: Reuniclus
|-crit|p2a: Reuniclus
|-damage|p2a: Reuniclus|11/100
|
|-weather|Sandstorm|[upkeep]
|-heal|p2a: Reuniclus|17/100|[from] item: Leftovers
|upkeep
|turn|11
|
|t:|1703519396
|switch|p2a: Latios|Latios, M|100/100
|move|p1a: Gastrodon|Scald|p2a: Latios
|-resisted|p2a: Latios
|-damage|p2a: Latios|88/100
|-status|p2a: Latios|brn
|
|-weather|Sandstorm|[upkeep]
|-damage|p2a: Latios|82/100 brn|[from] Sandstorm
|-damage|p2a: Latios|70/100 brn|[from] brn
|upkeep
|turn|12
|
|t:|1703519410
|switch|p1a: Tyranitar|Tyranitar, F|100/100
|-damage|p1a: Tyranitar|88/100|[from] Stealth Rock
|move|p2a: Latios|Draco Meteor|p1a: Tyranitar
|-damage|p1a: Tyranitar|51/100
|-unboost|p2a: Latios|spa|2
|
|-weather|Sandstorm|[upkeep]
|-damage|p2a: Latios|64/100 brn|[from] Sandstorm
|-damage|p2a: Latios|51/100 brn|[from] brn
|upkeep
|turn|13
|
|t:|1703519415
|move|p2a: Latios|Thunder Wave|p1a: Tyranitar
|-status|p1a: Tyranitar|par
|move|p1a: Tyranitar|Pursuit|p2a: Latios
|-supereffective|p2a: Latios
|-enditem|p2a: Latios|Colbur Berry|[eat]
|-enditem|p2a: Latios|Colbur Berry|[weaken]
|-damage|p2a: Latios|21/100 brn
|
|-weather|Sandstorm|[upkeep]
|-damage|p2a: Latios|15/100 brn|[from] Sandstorm
|-damage|p2a: Latios|2/100 brn|[from] brn
|upkeep
|turn|14
|
|t:|1703519431
|switch|p1a: Gliscor|Gliscor, M|100/100
|-damage|p1a: Gliscor|88/100|[from] Stealth Rock
|move|p2a: Latios|Recover|p2a: Latios
|-heal|p2a: Latios|52/100 brn
|
|-weather|Sandstorm|[upkeep]
|-damage|p2a: Latios|47/100 brn|[from] Sandstorm
|-damage|p2a: Latios|34/100 brn|[from] brn
|-status|p1a: Gliscor|tox|[from] item: Toxic Orb
|upkeep
|turn|15
|
|t:|1703519444
|switch|p2a: Forretress|Forretress, F|100/100
|switch|p1a: Gastrodon|Gastrodon-East, F|100/100
|-damage|p1a: Gastrodon|94/100|[from] Stealth Rock
|
|-weather|Sandstorm|[upkeep]
|-heal|p1a: Gastrodon|100/100|[from] item: Leftovers
|upkeep
|turn|16
|
|t:|1703519452
|switch|p2a: Rotom|Rotom-Wash|100/100
|move|p1a: Gastrodon|Scald|p2a: Rotom
|-resisted|p2a: Rotom
|-damage|p2a: Rotom|89/100
|
|-weather|Sandstorm|[upkeep]
|-damage|p2a: Rotom|82/100|[from] Sandstorm
|-heal|p2a: Rotom|89/100|[from] item: Leftovers
|upkeep
|turn|17
|j| bwvcjustoutbuild
|
|t:|1703519458
|move|p2a: Rotom|Will-O-Wisp|p1a: Gastrodon
|-status|p1a: Gastrodon|brn
|move|p1a: Gastrodon|Toxic|p2a: Rotom
|-status|p2a: Rotom|tox
|
|-weather|Sandstorm|[upkeep]
|-damage|p2a: Rotom|82/100 tox|[from] Sandstorm
|-heal|p2a: Rotom|89/100 tox|[from] item: Leftovers
|-damage|p2a: Rotom|82/100 tox|[from] psn
|-damage|p1a: Gastrodon|88/100 brn|[from] brn
|upkeep
|turn|18
|
|t:|1703519468
|switch|p2a: Gliscor|Gliscor, M|77/100 tox
|move|p1a: Gastrodon|Scald|p2a: Gliscor
|-supereffective|p2a: Gliscor
|-damage|p2a: Gliscor|29/100 tox
|
|-weather|Sandstorm|[upkeep]
|-heal|p1a: Gastrodon|94/100 brn|[from] item: Leftovers
|-heal|p2a: Gliscor|41/100 tox|[from] ability: Poison Heal
|-damage|p1a: Gastrodon|82/100 brn|[from] brn
|upkeep
|turn|19
|
|t:|1703519478
|move|p2a: Gliscor|Protect|p2a: Gliscor
|-singleturn|p2a: Gliscor|Protect
|move|p1a: Gastrodon|Scald|p2a: Gliscor
|-activate|p2a: Gliscor|move: Protect
|
|-weather|Sandstorm|[upkeep]
|-heal|p1a: Gastrodon|88/100 brn|[from] item: Leftovers
|-heal|p2a: Gliscor|54/100 tox|[from] ability: Poison Heal
|-damage|p1a: Gastrodon|75/100 brn|[from] brn
|upkeep
|turn|20
|
|t:|1703519484
|switch|p2a: Rotom|Rotom-Wash|82/100 tox
|move|p1a: Gastrodon|Ice Beam|p2a: Rotom
|-resisted|p2a: Rotom
|-damage|p2a: Rotom|72/100 tox
|
|-weather|Sandstorm|[upkeep]
|-damage|p2a: Rotom|66/100 tox|[from] Sandstorm
|-heal|p2a: Rotom|72/100 tox|[from] item: Leftovers
|-heal|p1a: Gastrodon|81/100 brn|[from] item: Leftovers
|-damage|p2a: Rotom|66/100 tox|[from] psn
|-damage|p1a: Gastrodon|69/100 brn|[from] brn
|upkeep
|turn|21
|
|t:|1703519489
|switch|p2a: Gliscor|Gliscor, M|54/100 tox
|move|p1a: Gastrodon|Recover|p1a: Gastrodon
|-heal|p1a: Gastrodon|100/100 brn
|
|-weather|Sandstorm|[upkeep]
|-heal|p2a: Gliscor|66/100 tox|[from] ability: Poison Heal
|-damage|p1a: Gastrodon|88/100 brn|[from] brn
|upkeep
|turn|22
|
|t:|1703519497
|move|p2a: Gliscor|Protect|p2a: Gliscor
|-singleturn|p2a: Gliscor|Protect
|move|p1a: Gastrodon|Ice Beam|p2a: Gliscor
|-activate|p2a: Gliscor|move: Protect
|
|-weather|Sandstorm|[upkeep]
|-heal|p1a: Gastrodon|94/100 brn|[from] item: Leftovers
|-heal|p2a: Gliscor|79/100 tox|[from] ability: Poison Heal
|-damage|p1a: Gastrodon|82/100 brn|[from] brn
|upkeep
|turn|23
|
|t:|1703519503
|move|p2a: Gliscor|Earthquake|p1a: Gastrodon
|-damage|p1a: Gastrodon|56/100 brn
|move|p1a: Gastrodon|Scald|p2a: Gliscor
|-supereffective|p2a: Gliscor
|-damage|p2a: Gliscor|34/100 tox
|
|-weather|Sandstorm|[upkeep]
|-heal|p1a: Gastrodon|62/100 brn|[from] item: Leftovers
|-heal|p2a: Gliscor|47/100 tox|[from] ability: Poison Heal
|-damage|p1a: Gastrodon|50/100 brn|[from] brn
|upkeep
|turn|24
|
|t:|1703519510
|move|p2a: Gliscor|Swords Dance|p2a: Gliscor
|-boost|p2a: Gliscor|atk|2
|move|p1a: Gastrodon|Recover|p1a: Gastrodon
|-heal|p1a: Gastrodon|99/100 brn
|
|-weather|Sandstorm|[upkeep]
|-heal|p1a: Gastrodon|100/100 brn|[from] item: Leftovers
|-heal|p2a: Gliscor|59/100 tox|[from] ability: Poison Heal
|-damage|p1a: Gastrodon|88/100 brn|[from] brn
|upkeep
|turn|25
|
|t:|1703519514
|move|p2a: Gliscor|Protect|p2a: Gliscor
|-singleturn|p2a: Gliscor|Protect
|move|p1a: Gastrodon|Ice Beam|p2a: Gliscor
|-activate|p2a: Gliscor|move: Protect
|
|-weather|Sandstorm|[upkeep]
|-heal|p1a: Gastrodon|94/100 brn|[from] item: Leftovers
|-heal|p2a: Gliscor|72/100 tox|[from] ability: Poison Heal
|-damage|p1a: Gastrodon|82/100 brn|[from] brn
|upkeep
|turn|26
|
|t:|1703519518
|move|p2a: Gliscor|Earthquake|p1a: Gastrodon
|-damage|p1a: Gastrodon|34/100 brn
|move|p1a: Gastrodon|Ice Beam|p2a: Gliscor
|-supereffective|p2a: Gliscor
|-damage|p2a: Gliscor|0 fnt
|faint|p2a: Gliscor
|
|-weather|Sandstorm|[upkeep]
|-heal|p1a: Gastrodon|40/100 brn|[from] item: Leftovers
|-damage|p1a: Gastrodon|27/100 brn|[from] brn
|upkeep
|
|t:|1703519523
|switch|p2a: Latios|Latios, M|34/100 brn
|turn|27
|inactive|nidiedi has 120 seconds left.
|
|t:|1703519580
|switch|p2a: Reuniclus|Reuniclus, F|17/100
|move|p1a: Gastrodon|Ice Beam|p2a: Reuniclus
|-damage|p2a: Reuniclus|0 fnt
|faint|p2a: Reuniclus
|
|-weather|Sandstorm|[upkeep]
|-heal|p1a: Gastrodon|33/100 brn|[from] item: Leftovers
|-damage|p1a: Gastrodon|21/100 brn|[from] brn
|upkeep
|-message|sniping bwvcs forfeited.
|
|win|nidiedi
|raw|nidiedi's rating: 1406 &rarr; <strong>1430</strong><br />(+24 for winning)
|raw|sniping bwvcs's rating: 1483 &rarr; <strong>1459</strong><br />(-24 for losing)
|l|☆sniping bwvcs
