|j|☆three bees
|j|☆xuzhenye
|t:|1706796670
|gametype|singles
|player|p1|three bees|sabrina|1303
|player|p2|xuzhenye|steven|1384
|teamsize|p1|6
|teamsize|p2|6
|gen|5
|tier|[Gen 5] OU
|rated|
|rule|Species Clause: Limit one of each Pokémon
|rule|OHKO Clause: OHKO moves are banned
|rule|Moody Clause: Moody is banned
|rule|Evasion Items Clause: Evasion items are banned
|rule|Evasion Moves Clause: Evasion moves are banned
|rule|Endless Battle Clause: Forcing endless battles is banned
|rule|HP Percentage Mod: HP is shown in percentages
|rule|Evasion Abilities Clause: Evasion abilities are banned
|rule|Sleep Moves Clause: Sleep-inducing moves are banned
|rule|Swagger Clause: Swagger is banned
|rule|Baton Pass Stat Clause: No Baton Passer may have a way to boost its stats
|clearpoke
|poke|p1|Tyranitar, F|item
|poke|p1|Skarmory, M|item
|poke|p1|Alakazam, F|item
|poke|p1|Landorus-Therian, M|item
|poke|p1|Latios, M|item
|poke|p1|Rotom-Wash|item
|poke|p2|Darmanitan, F|item
|poke|p2|Ninetales, F|item
|poke|p2|Porygon2|item
|poke|p2|Latios, M|item
|poke|p2|Victini|item
|poke|p2|Forretress, M|item
|teampreview
|
|t:|1706796679
|start
|switch|p1a: Landorus|Landorus-Therian, M|100/100
|switch|p2a: Victini|Victini|100/100
|-ability|p1a: Landorus|Intimidate|boost
|-unboost|p2a: Victini|atk|1
|turn|1
|inactive|Battle timer is ON: inactive players will automatically lose when time's up. (requested by xuzhenye)
|
|t:|1706796717
|switch|p2a: Forretress|Forretress, M, shiny|100/100
|move|p1a: Landorus|Earthquake|p2a: Forretress
|-damage|p2a: Forretress|73/100
|
|upkeep
|turn|2
|
|t:|1706796726
|move|p1a: Landorus|U-turn|p2a: Forretress
|-resisted|p2a: Forretress
|-damage|p2a: Forretress|68/100
|-damage|p1a: Landorus|84/100|[from] item: Rocky Helmet|[of] p2a: Forretress
|
|t:|1706796747
|switch|p1a: Tyranitar|Tyranitar, F|100/100|[from] U-turn
|-weather|Sandstorm|[from] ability: Sand Stream|[of] p1a: Tyranitar
|move|p2a: Forretress|Stealth Rock|p1a: Tyranitar
|-sidestart|p1: three bees|move: Stealth Rock
|
|-weather|Sandstorm|[upkeep]
|upkeep
|turn|3
|inactive|three bees has 120 seconds left.
|
|t:|1706796783
|move|p1a: Tyranitar|Rock Slide|p2a: Forretress
|-crit|p2a: Forretress
|-damage|p2a: Forretress|28/100
|move|p2a: Forretress|Rapid Spin|p1a: Tyranitar
|-resisted|p1a: Tyranitar
|-damage|p1a: Tyranitar|99/100
|
|-weather|Sandstorm|[upkeep]
|upkeep
|turn|4
|
|t:|1706796792
|switch|p2a: Ninetales|Ninetales, F, shiny|100/100
|-weather|SunnyDay|[from] ability: Drought|[of] p2a: Ninetales
|move|p1a: Tyranitar|Rock Slide|p2a: Ninetales
|-supereffective|p2a: Ninetales
|-damage|p2a: Ninetales|30/100
|-enditem|p2a: Ninetales|Eject Button
|
|t:|1706796797
|switch|p2a: Victini|Victini|100/100
|
|-weather|SunnyDay|[upkeep]
|upkeep
|turn|5
|inactive|three bees has 120 seconds left.
|
|t:|1706796806
|move|p2a: Victini|V-create|p1a: Tyranitar
|-resisted|p1a: Tyranitar
|-damage|p1a: Tyranitar|34/100
|-unboost|p2a: Victini|spe|1
|-unboost|p2a: Victini|def|1
|-unboost|p2a: Victini|spd|1
|move|p1a: Tyranitar|Crunch|p2a: Victini
|-supereffective|p2a: Victini
|-damage|p2a: Victini|0 fnt
|faint|p2a: Victini
|
|-weather|SunnyDay|[upkeep]
|upkeep
|
|t:|1706796813
|switch|p2a: Darmanitan|Darmanitan, F, shiny|100/100
|turn|6
|
|t:|1706796823
|switch|p1a: Landorus|Landorus-Therian, M|84/100
|-damage|p1a: Landorus|72/100|[from] Stealth Rock
|-ability|p1a: Landorus|Intimidate|boost
|-unboost|p2a: Darmanitan|atk|1
|move|p2a: Darmanitan|U-turn|p1a: Landorus
|-resisted|p1a: Landorus
|-damage|p1a: Landorus|65/100
|
|t:|1706796828
|switch|p2a: Latios|Latios, M, shiny|100/100|[from] U-turn
|
|-weather|SunnyDay|[upkeep]
|-heal|p1a: Landorus|71/100|[from] item: Leftovers
|upkeep
|turn|7
|
|t:|1706796843
|move|p2a: Latios|Draco Meteor|p1a: Landorus
|-damage|p1a: Landorus|0 fnt
|-unboost|p2a: Latios|spa|2
|faint|p1a: Landorus
|
|-weather|SunnyDay|[upkeep]
|upkeep
|
|t:|1706796850
|switch|p1a: Tyranitar|Tyranitar, F|34/100
|-damage|p1a: Tyranitar|21/100|[from] Stealth Rock
|-weather|Sandstorm|[from] ability: Sand Stream|[of] p1a: Tyranitar
|turn|8
|
|t:|1706796855
|move|p2a: Latios|Draco Meteor|p1a: Tyranitar
|-damage|p1a: Tyranitar|4/100
|-unboost|p2a: Latios|spa|2
|move|p1a: Tyranitar|Pursuit|p2a: Latios
|-supereffective|p2a: Latios
|-damage|p2a: Latios|46/100
|
|-weather|Sandstorm|[upkeep]
|-damage|p2a: Latios|40/100|[from] Sandstorm
|upkeep
|turn|9
|
|t:|1706796871
|move|p2a: Latios|Dragon Pulse|p1a: Tyranitar
|-damage|p1a: Tyranitar|0 fnt
|faint|p1a: Tyranitar
|
|-weather|Sandstorm|[upkeep]
|-damage|p2a: Latios|34/100|[from] Sandstorm
|upkeep
|inactive|three bees has 120 seconds left.
|
|t:|1706796892
|switch|p1a: Alakazam|Alakazam, F|100/100
|turn|10
|inactive|three bees has 120 seconds left.
|
|t:|1706796900
|switch|p2a: Ninetales|Ninetales, F, shiny|30/100
|-weather|SunnyDay|[from] ability: Drought|[of] p2a: Ninetales
|move|p1a: Alakazam|Hidden Power|p2a: Ninetales
|-resisted|p2a: Ninetales
|-damage|p2a: Ninetales|18/100
|
|-weather|SunnyDay|[upkeep]
|upkeep
|turn|11
|
|t:|1706796910
|move|p1a: Alakazam|Psychic|p2a: Ninetales
|-damage|p2a: Ninetales|0 fnt
|faint|p2a: Ninetales
|
|-weather|SunnyDay|[upkeep]
|upkeep
|
|t:|1706796912
|switch|p2a: Darmanitan|Darmanitan, F, shiny|100/100
|turn|12
|
|t:|1706796930
|move|p2a: Darmanitan|U-turn|p1a: Alakazam
|-supereffective|p1a: Alakazam
|-enditem|p1a: Alakazam|Focus Sash
|-damage|p1a: Alakazam|1/100
|
|t:|1706796943
|switch|p2a: Forretress|Forretress, M, shiny|28/100|[from] U-turn
|move|p1a: Alakazam|Psychic|p2a: Forretress
|-resisted|p2a: Forretress
|-damage|p2a: Forretress|0 fnt
|faint|p2a: Forretress
|
|-weather|SunnyDay|[upkeep]
|upkeep
|
|t:|1706796945
|switch|p2a: Darmanitan|Darmanitan, F, shiny|100/100
|turn|13
|
|t:|1706796959
|switch|p1a: Rotom|Rotom-Wash|100/100
|-damage|p1a: Rotom|88/100|[from] Stealth Rock
|move|p2a: Darmanitan|U-turn|p1a: Rotom
|-damage|p1a: Rotom|65/100
|
|t:|1706796961
|switch|p2a: Latios|Latios, M, shiny|34/100|[from] U-turn
|
|-weather|SunnyDay|[upkeep]
|-heal|p1a: Rotom|71/100|[from] item: Leftovers
|upkeep
|turn|14
|inactive|three bees has 120 seconds left.
|
|t:|1706797006
|move|p2a: Latios|Draco Meteor|p1a: Rotom
|-damage|p1a: Rotom|9/100
|-unboost|p2a: Latios|spa|2
|move|p1a: Rotom|Volt Switch|p2a: Latios
|-resisted|p2a: Latios
|-damage|p2a: Latios|21/100
|
|t:|1706797012
|switch|p1a: Alakazam|Alakazam, F|1/100|[from] Volt Switch
|
|-weather|SunnyDay|[upkeep]
|upkeep
|turn|15
|
|t:|1706797033
|move|p1a: Alakazam|Psychic|p2a: Latios
|-resisted|p2a: Latios
|-damage|p2a: Latios|0 fnt
|faint|p2a: Latios
|
|-weather|SunnyDay|[upkeep]
|upkeep
|
|t:|1706797035
|switch|p2a: Darmanitan|Darmanitan, F, shiny|100/100
|turn|16
|
|t:|1706797041
|switch|p1a: Skarmory|Skarmory, M|100/100
|-damage|p1a: Skarmory|88/100|[from] Stealth Rock
|move|p2a: Darmanitan|Flare Blitz|p1a: Skarmory
|-supereffective|p1a: Skarmory
|-damage|p1a: Skarmory|0 fnt
|faint|p1a: Skarmory
|-damage|p2a: Darmanitan|73/100|[from] Recoil
|
|-weather|SunnyDay|[upkeep]
|upkeep
|
|t:|1706797050
|switch|p1a: Latios|Latios, M|100/100
|-damage|p1a: Latios|88/100|[from] Stealth Rock
|turn|17
|
|t:|1706797054
|switch|p2a: Porygon2|Porygon2, shiny|100/100
|-ability|p2a: Porygon2|Download|boost
|-boost|p2a: Porygon2|atk|1
|move|p1a: Latios|Surf|p2a: Porygon2
|-crit|p2a: Porygon2
|-damage|p2a: Porygon2|74/100
|
|-weather|SunnyDay|[upkeep]
|upkeep
|turn|18
|inactive|three bees has 120 seconds left.
|inactive|three bees has 90 seconds left.
|c|☆xuzhenye|game   over
|
|t:|1706797122
|switch|p1a: Rotom|Rotom-Wash|9/100
|-damage|p1a: Rotom|0 fnt|[from] Stealth Rock
|faint|p1a: Rotom
|move|p2a: Porygon2|Discharge|p1: Rotom|[notarget]
|-fail|p2a: Porygon2
|
|-weather|SunnyDay|[upkeep]
|upkeep
|
|t:|1706797129
|switch|p1a: Alakazam|Alakazam, F|1/100
|turn|19
|
|t:|1706797141
|move|p1a: Alakazam|Focus Blast|p2a: Porygon2|[miss]
|-miss|p1a: Alakazam|p2a: Porygon2
|move|p2a: Porygon2|Recover|p2a: Porygon2
|-heal|p2a: Porygon2|100/100
|
|-weather|SunnyDay|[upkeep]
|upkeep
|turn|20
|
|t:|1706797155
|move|p1a: Alakazam|Focus Blast|p2a: Porygon2
|-supereffective|p2a: Porygon2
|-damage|p2a: Porygon2|56/100
|move|p2a: Porygon2|Ice Beam|p1a: Alakazam
|-damage|p1a: Alakazam|0 fnt
|faint|p1a: Alakazam
|
|-weather|SunnyDay|[upkeep]
|upkeep
|c|☆xuzhenye|gg
|inactive|three bees has 60 seconds left.
|
|t:|1706797177
|switch|p1a: Latios|Latios, M|88/100
|-damage|p1a: Latios|76/100|[from] Stealth Rock
|turn|21
|inactive|three bees has 60 seconds left.
|
|t:|1706797191
|move|p1a: Latios|Draco Meteor|p2a: Porygon2
|-damage|p2a: Porygon2|0 fnt
|-unboost|p1a: Latios|spa|2
|faint|p2a: Porygon2
|
|-weather|SunnyDay|[upkeep]
|upkeep
|
|t:|1706797197
|switch|p2a: Darmanitan|Darmanitan, F, shiny|73/100
|turn|22
|
|t:|1706797199
|move|p2a: Darmanitan|U-turn|p1a: Latios
|-supereffective|p1a: Latios
|-damage|p1a: Latios|7/100
|move|p1a: Latios|Draco Meteor|p2a: Darmanitan
|-crit|p2a: Darmanitan
|-damage|p2a: Darmanitan|0 fnt
|-unboost|p1a: Latios|spa|2
|faint|p2a: Darmanitan
|
|win|three bees
|raw|three bees's rating: 1303 &rarr; <strong>1328</strong><br />(+25 for winning)
|raw|xuzhenye's rating: 1384 &rarr; <strong>1359</strong><br />(-25 for losing)
|l|☆xuzhenye
|player|p2|
