|j|☆Gabry96
|j|‽MegaStarUniverse
|t:|1726339423
|gametype|singles
|player|p1|Gabry96|169|1418
|player|p2|MegaStarUniverse|nate|1387
|teamsize|p1|6
|teamsize|p2|6
|gen|5
|tier|[Gen 5] OU
|rated|
|rule|Species Clause: Limit one of each Pokémon
|rule|OHKO Clause: OHKO moves are banned
|rule|Moody Clause: Moody is banned
|rule|Evasion Items Clause: Evasion items are banned
|rule|Evasion Moves Clause: Evasion moves are banned
|rule|Endless Battle Clause: Forcing endless battles is banned
|rule|HP Percentage Mod: HP is shown in percentages
|rule|Evasion Abilities Clause: Evasion abilities are banned
|rule|Sleep Moves Clause: Sleep-inducing moves are banned
|rule|Swagger Clause: Swagger is banned
|rule|Baton Pass Stat Clause: No Baton Passer may have a way to boost its stats
|clearpoke
|poke|p1|Kyurem-Black|item
|poke|p1|Keldeo-Resolute|item
|poke|p1|Landorus-Therian, M|item
|poke|p1|Heatran, M|item
|poke|p1|Latios, M|item
|poke|p1|Forretress, M|item
|poke|p2|Keldeo|item
|poke|p2|Landorus-Therian, M|item
|poke|p2|Tyranitar, M|item
|poke|p2|Rotom-Wash|item
|poke|p2|Ferrothorn, M|item
|poke|p2|Dragonite, M|item
|teampreview
|inactive|Battle timer is ON: inactive players will automatically lose when time's up. (requested by MegaStarUniverse)
|
|t:|1726339456
|start
|switch|p1a: Latios|Latios, M|100/100
|switch|p2a: Rotom|Rotom-Wash|100/100
|turn|1
|
|t:|1726339479
|move|p1a: Latios|Trick|p2a: Rotom
|-activate|p1a: Latios|move: Trick|[of] p2a: Rotom
|-item|p2a: Rotom|Choice Specs|[from] move: Trick
|-item|p1a: Latios|Leftovers|[from] move: Trick
|move|p2a: Rotom|Volt Switch|p1a: Latios
|-resisted|p1a: Latios
|-damage|p1a: Latios|81/100
|
|t:|1726339483
|switch|p2a: Tyranitar|Tyranitar, M|100/100|[from] Volt Switch
|-weather|Sandstorm|[from] ability: Sand Stream|[of] p2a: Tyranitar
|
|-weather|Sandstorm|[upkeep]
|-damage|p1a: Latios|75/100|[from] Sandstorm
|-heal|p1a: Latios|81/100|[from] item: Leftovers
|upkeep
|turn|2
|
|t:|1726339495
|move|p1a: Latios|Surf|p2a: Tyranitar
|-supereffective|p2a: Tyranitar
|-damage|p2a: Tyranitar|72/100
|move|p2a: Tyranitar|Pursuit|p1a: Latios
|-supereffective|p1a: Latios
|-crit|p1a: Latios
|-damage|p1a: Latios|0 fnt
|faint|p1a: Latios
|
|-weather|Sandstorm|[upkeep]
|upkeep
|
|t:|1726339503
|switch|p1a: Keldeo|Keldeo-Resolute|100/100
|turn|3
|
|t:|1726339510
|move|p1a: Keldeo|Substitute|p1a: Keldeo
|-start|p1a: Keldeo|Substitute
|-damage|p1a: Keldeo|75/100
|move|p2a: Tyranitar|Stealth Rock|p1a: Keldeo
|-sidestart|p1: Gabry96|move: Stealth Rock
|
|-weather|Sandstorm|[upkeep]
|-damage|p1a: Keldeo|69/100|[from] Sandstorm
|-heal|p1a: Keldeo|75/100|[from] item: Leftovers
|upkeep
|turn|4
|
|t:|1726339518
|switch|p2a: Dragonite|Dragonite, M|100/100
|move|p1a: Keldeo|Calm Mind|p1a: Keldeo
|-boost|p1a: Keldeo|spa|1
|-boost|p1a: Keldeo|spd|1
|
|-weather|Sandstorm|[upkeep]
|-damage|p1a: Keldeo|69/100|[from] Sandstorm
|-damage|p2a: Dragonite|94/100|[from] Sandstorm
|-heal|p1a: Keldeo|75/100|[from] item: Leftovers
|upkeep
|turn|5
|
|t:|1726339530
|move|p1a: Keldeo|Scald|p2a: Dragonite
|-resisted|p2a: Dragonite
|-damage|p2a: Dragonite|61/100
|move|p2a: Dragonite|Dragon Claw|p1a: Keldeo
|-end|p1a: Keldeo|Substitute
|
|-weather|Sandstorm|[upkeep]
|-damage|p1a: Keldeo|69/100|[from] Sandstorm
|-damage|p2a: Dragonite|55/100|[from] Sandstorm
|-heal|p1a: Keldeo|75/100|[from] item: Leftovers
|upkeep
|turn|6
|
|t:|1726339548
|switch|p1a: Forretress|Forretress, M|100/100
|-damage|p1a: Forretress|88/100|[from] Stealth Rock
|move|p2a: Dragonite|Dragon Claw|p1a: Forretress
|-resisted|p1a: Forretress
|-damage|p1a: Forretress|68/100
|
|-weather|Sandstorm|[upkeep]
|-damage|p2a: Dragonite|49/100|[from] Sandstorm
|-heal|p1a: Forretress|74/100|[from] item: Leftovers
|upkeep
|turn|7
|
|t:|1726339559
|switch|p2a: Tyranitar|Tyranitar, M|72/100
|move|p1a: Forretress|Rapid Spin|p2a: Tyranitar
|-resisted|p2a: Tyranitar
|-damage|p2a: Tyranitar|71/100
|-sideend|p1: Gabry96|Stealth Rock|[from] move: Rapid Spin|[of] p1a: Forretress
|
|-weather|Sandstorm|[upkeep]
|-heal|p1a: Forretress|80/100|[from] item: Leftovers
|upkeep
|turn|8
|inactive|Gabry96 has 120 seconds left.
|
|t:|1726339591
|move|p2a: Tyranitar|Stealth Rock|p1a: Forretress
|-sidestart|p1: Gabry96|move: Stealth Rock
|move|p1a: Forretress|Spikes|p2a: Tyranitar
|-sidestart|p2: MegaStarUniverse|Spikes
|
|-weather|Sandstorm|[upkeep]
|-heal|p1a: Forretress|87/100|[from] item: Leftovers
|upkeep
|turn|9
|inactive|Gabry96 has 120 seconds left.
|
|t:|1726339598
|move|p2a: Tyranitar|Fire Blast|p1a: Forretress
|-supereffective|p1a: Forretress
|-damage|p1a: Forretress|0 fnt
|faint|p1a: Forretress
|
|-weather|Sandstorm|[upkeep]
|upkeep
|inactive|Gabry96 has 120 seconds left.
|
|t:|1726339624
|switch|p1a: Landorus|Landorus-Therian, M|100/100
|-damage|p1a: Landorus|88/100|[from] Stealth Rock
|-ability|p1a: Landorus|Intimidate|boost
|-unboost|p2a: Tyranitar|atk|1
|turn|10
|
|t:|1726339629
|move|p1a: Landorus|U-turn|p2a: Tyranitar
|-supereffective|p2a: Tyranitar
|-damage|p2a: Tyranitar|21/100
|
|t:|1726339634
|switch|p1a: Heatran|Heatran, M|100/100|[from] U-turn
|-damage|p1a: Heatran|88/100|[from] Stealth Rock
|move|p2a: Tyranitar|Crunch|p1a: Heatran
|-resisted|p1a: Heatran
|-damage|p1a: Heatran|78/100
|
|-weather|Sandstorm|[upkeep]
|-heal|p1a: Heatran|84/100|[from] item: Leftovers
|upkeep
|turn|11
|
|t:|1726339648
|move|p1a: Heatran|Stealth Rock|p2a: Tyranitar
|-sidestart|p2: MegaStarUniverse|move: Stealth Rock
|move|p2a: Tyranitar|Crunch|p1a: Heatran
|-resisted|p1a: Heatran
|-crit|p1a: Heatran
|-damage|p1a: Heatran|52/100
|
|-weather|Sandstorm|[upkeep]
|-heal|p1a: Heatran|58/100|[from] item: Leftovers
|upkeep
|turn|12
|
|t:|1726339656
|move|p1a: Heatran|Protect|p1a: Heatran
|-singleturn|p1a: Heatran|Protect
|move|p2a: Tyranitar|Crunch|p1a: Heatran
|-activate|p1a: Heatran|move: Protect
|
|-weather|Sandstorm|[upkeep]
|-heal|p1a: Heatran|64/100|[from] item: Leftovers
|upkeep
|turn|13
|inactive|Gabry96 has 120 seconds left.
|
|t:|1726339667
|move|p1a: Heatran|Toxic|p2a: Tyranitar
|-status|p2a: Tyranitar|tox
|move|p2a: Tyranitar|Crunch|p1a: Heatran
|-resisted|p1a: Heatran
|-damage|p1a: Heatran|54/100
|
|-weather|Sandstorm|[upkeep]
|-heal|p1a: Heatran|60/100|[from] item: Leftovers
|-damage|p2a: Tyranitar|15/100 tox|[from] psn
|upkeep
|turn|14
|inactive|Gabry96 has 120 seconds left.
|
|t:|1726339676
|move|p1a: Heatran|Protect|p1a: Heatran
|-singleturn|p1a: Heatran|Protect
|move|p2a: Tyranitar|Crunch|p1a: Heatran
|-activate|p1a: Heatran|move: Protect
|
|-weather|Sandstorm|[upkeep]
|-heal|p1a: Heatran|66/100|[from] item: Leftovers
|-damage|p2a: Tyranitar|3/100 tox|[from] psn
|upkeep
|turn|15
|inactive|Gabry96 has 120 seconds left.
|
|t:|1726339689
|move|p1a: Heatran|Protect|p1a: Heatran
|-singleturn|p1a: Heatran|Protect
|move|p2a: Tyranitar|Crunch|p1a: Heatran
|-activate|p1a: Heatran|move: Protect
|
|-weather|Sandstorm|[upkeep]
|-heal|p1a: Heatran|73/100|[from] item: Leftovers
|-damage|p2a: Tyranitar|0 fnt|[from] psn
|faint|p2a: Tyranitar
|upkeep
|
|t:|1726339692
|switch|p2a: Keldeo|Keldeo|100/100
|-damage|p2a: Keldeo|88/100|[from] Spikes
|-damage|p2a: Keldeo|82/100|[from] Stealth Rock
|turn|16
|j| qq159951
|inactive|Gabry96 has 120 seconds left.
|
|t:|1726339708
|move|p2a: Keldeo|Secret Sword|p1a: Heatran
|-supereffective|p1a: Heatran
|-damage|p1a: Heatran|0 fnt
|faint|p1a: Heatran
|
|-weather|Sandstorm|[upkeep]
|-damage|p2a: Keldeo|76/100|[from] Sandstorm
|upkeep
|inactive|Gabry96 has 120 seconds left.
|
|t:|1726339715
|switch|p1a: Kyurem|Kyurem-Black|100/100
|-damage|p1a: Kyurem|75/100|[from] Stealth Rock
|-ability|p1a: Kyurem|Teravolt
|turn|17
|inactive|Gabry96 has 120 seconds left.
|
|t:|1726339725
|move|p1a: Kyurem|Fusion Bolt|p2a: Keldeo
|-supereffective|p2a: Keldeo
|-damage|p2a: Keldeo|0 fnt
|faint|p2a: Keldeo
|
|-weather|Sandstorm|[upkeep]
|-damage|p1a: Kyurem|69/100|[from] Sandstorm
|upkeep
|
|t:|1726339735
|switch|p2a: Ferrothorn|Ferrothorn, M|100/100
|-damage|p2a: Ferrothorn|88/100|[from] Spikes
|-damage|p2a: Ferrothorn|82/100|[from] Stealth Rock
|turn|18
|
|t:|1726339746
|switch|p1a: Landorus|Landorus-Therian, M|88/100
|-damage|p1a: Landorus|76/100|[from] Stealth Rock
|-ability|p1a: Landorus|Intimidate|boost
|-unboost|p2a: Ferrothorn|atk|1
|move|p2a: Ferrothorn|Power Whip|p1a: Landorus
|-damage|p1a: Landorus|47/100
|
|-weather|Sandstorm|[upkeep]
|upkeep
|turn|19
|inactive|Gabry96 has 120 seconds left.
|
|t:|1726339762
|move|p1a: Landorus|U-turn|p2a: Ferrothorn
|-damage|p2a: Ferrothorn|62/100
|-damage|p1a: Landorus|34/100|[from] ability: Iron Barbs|[of] p2a: Ferrothorn
|
|t:|1726339767
|switch|p1a: Kyurem|Kyurem-Black|69/100|[from] U-turn
|-damage|p1a: Kyurem|44/100|[from] Stealth Rock
|-ability|p1a: Kyurem|Teravolt
|move|p2a: Ferrothorn|Gyro Ball|p1a: Kyurem
|-supereffective|p1a: Kyurem
|-damage|p1a: Kyurem|0 fnt
|faint|p1a: Kyurem
|
|-weather|Sandstorm|[upkeep]
|upkeep
|inactive|Gabry96 has 120 seconds left.
|
|t:|1726339778
|switch|p1a: Keldeo|Keldeo-Resolute|75/100
|-damage|p1a: Keldeo|69/100|[from] Stealth Rock
|turn|20
|inactive|Gabry96 has 120 seconds left.
|
|t:|1726339802
|move|p1a: Keldeo|Secret Sword|p2a: Ferrothorn
|-supereffective|p2a: Ferrothorn
|-enditem|p2a: Ferrothorn|Chople Berry|[eat]
|-enditem|p2a: Ferrothorn|Chople Berry|[weaken]
|-damage|p2a: Ferrothorn|28/100
|move|p2a: Ferrothorn|Power Whip|p1a: Keldeo
|-supereffective|p1a: Keldeo
|-damage|p1a: Keldeo|11/100
|
|-weather|Sandstorm|[upkeep]
|-damage|p1a: Keldeo|5/100|[from] Sandstorm
|-heal|p1a: Keldeo|11/100|[from] item: Leftovers
|upkeep
|turn|21
|
|t:|1726339819
|move|p1a: Keldeo|Secret Sword|p2a: Ferrothorn
|-supereffective|p2a: Ferrothorn
|-damage|p2a: Ferrothorn|0 fnt
|faint|p2a: Ferrothorn
|
|-weather|Sandstorm|[upkeep]
|-damage|p1a: Keldeo|5/100|[from] Sandstorm
|-heal|p1a: Keldeo|11/100|[from] item: Leftovers
|upkeep
|
|t:|1726339827
|switch|p2a: Dragonite|Dragonite, M|49/100
|-damage|p2a: Dragonite|24/100|[from] Stealth Rock
|turn|22
|
|t:|1726339833
|move|p2a: Dragonite|Extreme Speed|p1a: Keldeo
|-damage|p1a: Keldeo|0 fnt
|faint|p1a: Keldeo
|
|-weather|Sandstorm|[upkeep]
|-damage|p2a: Dragonite|18/100|[from] Sandstorm
|upkeep
|-message|Gabry96 forfeited.
|
|win|MegaStarUniverse
|raw|Gabry96's rating: 1418 &rarr; <strong>1396</strong><br />(-22 for losing)
|raw|MegaStarUniverse's rating: 1387 &rarr; <strong>1409</strong><br />(+22 for winning)
|l|☆Gabry96
|player|p1|
