|j|☆easyball
|j|☆refsunpersons
|player|p1|easyball|167
|player|p2|refsunpersons|123
|teamsize|p1|6
|teamsize|p2|6
|gametype|singles
|gen|5
|tier|[Gen 5] OU
|rated|
|rule|Sleep Clause Mod: Limit one foe put to sleep
|rule|Species Clause: Limit one of each Pokémon
|rule|OHKO Clause: OHKO moves are banned
|rule|Moody Clause: Moody is banned
|rule|Evasion Moves Clause: Evasion moves are banned
|rule|Endless Battle Clause: Forcing endless battles is banned
|rule|HP Percentage Mod: HP is shown in percentages
|rule|Evasion Abilities Clause: Evasion abilities are banned
|rule|Baton Pass Clause: Limit one Baton Passer, can't pass Spe and other stats simultaneously
|rule|Swagger Clause: Swagger is banned
|clearpoke
|poke|p1|Keldeo-Resolute|item
|poke|p1|Tyranitar, M|item
|poke|p1|Garchomp, M|item
|poke|p1|Landorus-Therian, M|item
|poke|p1|Ferrothorn, M|item
|poke|p1|Hydreigon, M|item
|poke|p2|Landorus-Therian, M|item
|poke|p2|Ninetales, M|item
|poke|p2|Volcarona, M|item
|poke|p2|Latios, M|item
|poke|p2|Porygon2|item
|poke|p2|Excadrill, F|item
|teampreview
|c|☆refsunpersons|gl hf
|inactive|Battle timer is ON: inactive players will automatically lose when time's up. (requested by easyball)
|
|start
|switch|p1a: Landorus|Landorus-Therian, M, shiny|100/100
|switch|p2a: Landorus|Landorus-Therian, M|100/100
|-ability|p2a: Landorus|Intimidate|boost
|-unboost|p1a: Landorus|atk|1
|-ability|p1a: Landorus|Intimidate|boost
|-unboost|p2a: Landorus|atk|1
|turn|1
|
|switch|p2a: Porygon2|Porygon2|100/100
|-ability|p2a: Porygon2|Intimidate|[from] ability: Trace|[of] p1a: Landorus
|-ability|p2a: Porygon2|Intimidate|boost
|-unboost|p1a: Landorus|atk|1
|move|p1a: Landorus|Hidden Power|p2a: Porygon2
|-damage|p2a: Porygon2|91/100
|
|upkeep
|turn|2
|
|switch|p1a: Ferrothorn|Ferrothorn, M, shiny|100/100
|switch|p2a: Ninetales|Ninetales, M, shiny|100/100
|-weather|SunnyDay|[from] ability: Drought|[of] p2a: Ninetales
|
|-weather|SunnyDay|[upkeep]
|upkeep
|turn|3
|
|switch|p1a: Hydreigon|Hydreigon, M, shiny|100/100
|move|p2a: Ninetales|Will-O-Wisp|p1a: Hydreigon|[miss]
|-miss|p2a: Ninetales|p1a: Hydreigon
|
|-weather|SunnyDay|[upkeep]
|upkeep
|turn|4
|
|switch|p2a: Porygon2|Porygon2|91/100
|-ability|p2a: Porygon2|Levitate|[from] ability: Trace|[of] p1a: Hydreigon
|move|p1a: Hydreigon|Dark Pulse|p2a: Porygon2
|-damage|p2a: Porygon2|67/100
|-damage|p1a: Hydreigon|91/100|[from] item: Life Orb
|
|-weather|SunnyDay|[upkeep]
|upkeep
|turn|5
|inactive|easyball has 120 seconds left.
|
|switch|p1a: Ferrothorn|Ferrothorn, M, shiny|100/100
|move|p2a: Porygon2|Recover|p2a: Porygon2
|-heal|p2a: Porygon2|100/100
|
|-weather|SunnyDay|[upkeep]
|upkeep
|turn|6
|
|switch|p2a: Landorus|Landorus-Therian, M|100/100
|-ability|p2a: Landorus|Intimidate|boost
|-unboost|p1a: Ferrothorn|atk|1
|switch|p1a: Tyranitar|Tyranitar, M, shiny|100/100
|-weather|Sandstorm|[from] ability: Sand Stream|[of] p1a: Tyranitar
|
|-weather|Sandstorm|[upkeep]
|upkeep
|turn|7
|
|move|p2a: Landorus|Stealth Rock|p1a: Tyranitar
|-sidestart|p1: easyball|move: Stealth Rock
|move|p1a: Tyranitar|Stealth Rock|p2a: Landorus
|-sidestart|p2: refsunpersons|move: Stealth Rock
|
|-weather|Sandstorm|[upkeep]
|upkeep
|turn|8
|
|switch|p2a: Excadrill|Excadrill, F|100/100
|-damage|p2a: Excadrill|97/100|[from] Stealth Rock
|-ability|p2a: Excadrill|Mold Breaker
|switch|p1a: Landorus|Landorus-Therian, M, shiny|100/100
|-damage|p1a: Landorus|88/100|[from] Stealth Rock
|-ability|p1a: Landorus|Intimidate|boost
|-unboost|p2a: Excadrill|atk|1
|
|-weather|Sandstorm|[upkeep]
|-heal|p2a: Excadrill|100/100|[from] item: Leftovers
|upkeep
|turn|9
|
|move|p2a: Excadrill|Protect|p2a: Excadrill
|-singleturn|p2a: Excadrill|Protect
|move|p1a: Landorus|Earthquake|p2a: Excadrill
|-activate|p2a: Excadrill|move: Protect
|
|-weather|Sandstorm|[upkeep]
|upkeep
|turn|10
|
|switch|p1a: Keldeo|Keldeo-Resolute|100/100
|-damage|p1a: Keldeo|94/100|[from] Stealth Rock
|switch|p2a: Latios|Latios, M|100/100
|-damage|p2a: Latios|88/100|[from] Stealth Rock
|
|-weather|Sandstorm|[upkeep]
|-damage|p2a: Latios|82/100|[from] Sandstorm
|-damage|p1a: Keldeo|88/100|[from] Sandstorm
|upkeep
|turn|11
|
|switch|p1a: Tyranitar|Tyranitar, M, shiny|100/100
|-damage|p1a: Tyranitar|88/100|[from] Stealth Rock
|move|p2a: Latios|Draco Meteor|p1a: Tyranitar
|-damage|p1a: Tyranitar|34/100
|-unboost|p2a: Latios|spa|2
|-damage|p2a: Latios|72/100|[from] item: Life Orb
|
|-weather|Sandstorm|[upkeep]
|-damage|p2a: Latios|66/100|[from] Sandstorm
|upkeep
|turn|12
|
|move|p2a: Latios|Earthquake|p1a: Tyranitar
|-supereffective|p1a: Tyranitar
|-damage|p1a: Tyranitar|0 fnt
|-damage|p2a: Latios|56/100|[from] item: Life Orb
|faint|p1a: Tyranitar
|
|-weather|Sandstorm|[upkeep]
|-damage|p2a: Latios|50/100|[from] Sandstorm
|upkeep
|
|switch|p1a: Keldeo|Keldeo-Resolute|88/100
|-damage|p1a: Keldeo|82/100|[from] Stealth Rock
|turn|13
|
|switch|p2a: Ninetales|Ninetales, M, shiny|100/100
|-damage|p2a: Ninetales|76/100|[from] Stealth Rock
|-weather|SunnyDay|[from] ability: Drought|[of] p2a: Ninetales
|move|p1a: Keldeo|Secret Sword|p2a: Ninetales
|-damage|p2a: Ninetales|11/100
|
|-weather|SunnyDay|[upkeep]
|upkeep
|turn|14
|inactive|refsunpersons has 120 seconds left.
|
|move|p1a: Keldeo|Secret Sword|p2a: Ninetales
|-damage|p2a: Ninetales|0 fnt
|faint|p2a: Ninetales
|
|-weather|SunnyDay|[upkeep]
|upkeep
|
|switch|p2a: Landorus|Landorus-Therian, M|100/100
|-damage|p2a: Landorus|88/100|[from] Stealth Rock
|-ability|p2a: Landorus|Intimidate|boost
|-unboost|p1a: Keldeo|atk|1
|turn|15
|
|move|p2a: Landorus|U-turn|p1a: Keldeo
|-resisted|p1a: Keldeo
|-damage|p1a: Keldeo|68/100
|
|switch|p2a: Latios|Latios, M|50/100
|-damage|p2a: Latios|38/100|[from] Stealth Rock
|move|p1a: Keldeo|Icy Wind|p2a: Latios
|-supereffective|p2a: Latios
|-damage|p2a: Latios|0 fnt
|faint|p2a: Latios
|
|-weather|SunnyDay|[upkeep]
|upkeep
|
|switch|p2a: Landorus|Landorus-Therian, M|88/100
|-damage|p2a: Landorus|76/100|[from] Stealth Rock
|-ability|p2a: Landorus|Intimidate|boost
|-unboost|p1a: Keldeo|atk|1
|turn|16
|inactive|refsunpersons has 120 seconds left.
|
|switch|p1a: Landorus|Landorus-Therian, M, shiny|88/100
|-damage|p1a: Landorus|76/100|[from] Stealth Rock
|-ability|p1a: Landorus|Intimidate|boost
|-unboost|p2a: Landorus|atk|1
|move|p2a: Landorus|U-turn|p1a: Landorus
|-resisted|p1a: Landorus
|-damage|p1a: Landorus|67/100
|
|switch|p2a: Porygon2|Porygon2|100/100
|-damage|p2a: Porygon2|88/100|[from] Stealth Rock
|-ability|p2a: Porygon2|Intimidate|[from] ability: Trace|[of] p1a: Landorus
|-ability|p2a: Porygon2|Intimidate|boost
|-unboost|p1a: Landorus|atk|1
|
|-weather|SunnyDay|[upkeep]
|upkeep
|turn|17
|
|move|p1a: Landorus|U-turn|p2a: Porygon2
|-damage|p2a: Porygon2|76/100
|
|switch|p1a: Ferrothorn|Ferrothorn, M, shiny|100/100
|-damage|p1a: Ferrothorn|95/100|[from] Stealth Rock
|move|p2a: Porygon2|Recover|p2a: Porygon2
|-heal|p2a: Porygon2|100/100
|
|-weather|SunnyDay|[upkeep]
|-heal|p1a: Ferrothorn|100/100|[from] item: Leftovers
|upkeep
|turn|18
|
|switch|p2a: Excadrill|Excadrill, F|100/100
|-damage|p2a: Excadrill|97/100|[from] Stealth Rock
|-ability|p2a: Excadrill|Mold Breaker
|switch|p1a: Garchomp|Garchomp, M, shiny|100/100
|-damage|p1a: Garchomp|94/100|[from] Stealth Rock
|
|-weather|SunnyDay|[upkeep]
|-heal|p2a: Excadrill|100/100|[from] item: Leftovers
|upkeep
|turn|19
|
|switch|p2a: Porygon2|Porygon2|100/100
|-damage|p2a: Porygon2|88/100|[from] Stealth Rock
|-ability|p2a: Porygon2|Rough Skin|[from] ability: Trace|[of] p1a: Garchomp
|move|p1a: Garchomp|Swords Dance|p1a: Garchomp
|-boost|p1a: Garchomp|atk|2
|
|-weather|SunnyDay|[upkeep]
|upkeep
|turn|20
|
|move|p1a: Garchomp|Earthquake|p2a: Porygon2
|-crit|p2a: Porygon2
|-damage|p2a: Porygon2|0 fnt
|faint|p2a: Porygon2
|
|-weather|SunnyDay|[upkeep]
|upkeep
|
|switch|p2a: Landorus|Landorus-Therian, M|76/100
|-damage|p2a: Landorus|64/100|[from] Stealth Rock
|-ability|p2a: Landorus|Intimidate|boost
|-unboost|p1a: Garchomp|atk|1
|turn|21
|
|move|p2a: Landorus|Hidden Power|p1a: Garchomp
|-supereffective|p1a: Garchomp
|-enditem|p1a: Garchomp|Yache Berry|[eat]
|-enditem|p1a: Garchomp|Yache Berry|[weaken]
|-damage|p1a: Garchomp|60/100
|move|p1a: Garchomp|Dragon Claw|p2a: Landorus
|-damage|p2a: Landorus|0 fnt
|faint|p2a: Landorus
|
|-weather|SunnyDay|[upkeep]
|upkeep
|
|switch|p2a: Excadrill|Excadrill, F|100/100
|-damage|p2a: Excadrill|97/100|[from] Stealth Rock
|-ability|p2a: Excadrill|Mold Breaker
|turn|22
|
|move|p1a: Garchomp|Earthquake|p2a: Excadrill
|-supereffective|p2a: Excadrill
|-damage|p2a: Excadrill|0 fnt
|faint|p2a: Excadrill
|
|-weather|SunnyDay|[upkeep]
|upkeep
|
|switch|p2a: Volcarona|Volcarona, M|100/100
|-damage|p2a: Volcarona|51/100|[from] Stealth Rock
|turn|23
|c|☆refsunpersons|gg
|j| porrompompom
|
|move|p1a: Garchomp|Earthquake|p2a: Volcarona
|-damage|p2a: Volcarona|0 fnt
|faint|p2a: Volcarona
|
|win|easyball
|raw|easyball's rating: 1455 &rarr; <strong>1473</strong><br />(+18 for winning)
|raw|refsunpersons's rating: 1406 &rarr; <strong>1389</strong><br />(-17 for losing)
|l|☆easyball
