|j|☆cdrgcde
|j|☆Tangyz
|t:|1743740686
|gametype|singles
|player|p1|cdrgcde|dawn|1330
|player|p2|Tangyz|shadowtriad|1427
|teamsize|p1|6
|teamsize|p2|6
|gen|5
|tier|[Gen 5] OU
|rated|
|rule|Species Clause: Limit one of each Pokémon
|rule|OHKO Clause: OHKO moves are banned
|rule|Moody Clause: Moody is banned
|rule|Evasion Items Clause: Evasion items are banned
|rule|Evasion Moves Clause: Evasion moves are banned
|rule|Endless Battle Clause: Forcing endless battles is banned
|rule|HP Percentage Mod: HP is shown in percentages
|rule|Evasion Abilities Clause: Evasion abilities are banned
|rule|Sleep Moves Clause: Sleep-inducing moves are banned
|rule|Swagger Clause: Swagger is banned
|rule|Baton Pass Stat Clause: No Baton Passer may have a way to boost its stats
|clearpoke
|poke|p1|Politoed, M|item
|poke|p1|Jirachi|item
|poke|p1|Thundurus-Therian, M|item
|poke|p1|Starmie|item
|poke|p1|Ferrothorn, F|item
|poke|p1|Dragonite, M|item
|poke|p2|Politoed, M|item
|poke|p2|Latios, M|item
|poke|p2|Ferrothorn, F|item
|poke|p2|Keldeo|item
|poke|p2|Excadrill, M|item
|poke|p2|Thundurus-Therian, M|item
|teampreview
|inactive|Battle timer is ON: inactive players will automatically lose when time's up. (requested by Tangyz)
|inactive|cdrgcde also wants the timer to be on.
|j| tripleaxelblazefan
|inactive|Tangyz has 120 seconds left.
|
|t:|1743740726
|start
|switch|p1a: Ferrothorn|Ferrothorn, F|100/100
|switch|p2a: Thundurus|Thundurus-Therian, M, shiny|100/100
|turn|1
|
|t:|1743740733
|move|p2a: Thundurus|Nasty Plot|p2a: Thundurus
|-boost|p2a: Thundurus|spa|2
|move|p1a: Ferrothorn|Stealth Rock|p2a: Thundurus
|-sidestart|p2: Tangyz|move: Stealth Rock
|
|upkeep
|turn|2
|
|t:|1743740738
|move|p2a: Thundurus|Focus Blast|p1a: Ferrothorn
|-supereffective|p1a: Ferrothorn
|-crit|p1a: Ferrothorn
|-damage|p1a: Ferrothorn|0 fnt
|faint|p1a: Ferrothorn
|
|upkeep
|
|t:|1743740744
|switch|p1a: Starmie|Starmie|100/100
|-item|p1a: Starmie|Air Balloon
|turn|3
|j| jfme2006
|inactive|Tangyz has 120 seconds left.
|
|t:|1743740782
|switch|p2a: Politoed|Politoed, M, shiny|100/100
|-damage|p2a: Politoed|88/100|[from] Stealth Rock
|-weather|RainDance|[from] ability: Drizzle|[of] p2a: Politoed
|move|p1a: Starmie|Ice Beam|p2a: Politoed
|-resisted|p2a: Politoed
|-damage|p2a: Politoed|72/100
|
|-weather|RainDance|[upkeep]
|-heal|p2a: Politoed|78/100|[from] item: Leftovers
|upkeep
|turn|4
|inactive|Tangyz has 120 seconds left.
|l|☆cdrgcde
|inactive|cdrgcde disconnected and has a minute to reconnect!
|player|p1|
|j|☆cdrgcde
|inactive|cdrgcde reconnected and has 135 seconds left.
|player|p1|cdrgcde|dawn|
|
|t:|1743740806
|move|p2a: Politoed|Protect|p2a: Politoed
|-singleturn|p2a: Politoed|Protect
|move|p1a: Starmie|Thunder|p2a: Politoed
|-activate|p2a: Politoed|move: Protect
|
|-weather|RainDance|[upkeep]
|-heal|p2a: Politoed|84/100|[from] item: Leftovers
|upkeep
|turn|5
|inactive|Tangyz has 120 seconds left.
|
|t:|1743740822
|switch|p1a: Politoed|Politoed, M|100/100
|switch|p2a: Ferrothorn|Ferrothorn, F|100/100
|-damage|p2a: Ferrothorn|94/100|[from] Stealth Rock
|
|-weather|RainDance|[upkeep]
|upkeep
|turn|6
|inactive|Tangyz has 120 seconds left.
|inactive|cdrgcde has 120 seconds left.
|
|t:|1743740849
|switch|p1a: Dragonite|Dragonite, M|100/100
|move|p2a: Ferrothorn|Power Whip|p1a: Dragonite|[miss]
|-miss|p2a: Ferrothorn|p1a: Dragonite
|
|-weather|RainDance|[upkeep]
|upkeep
|turn|7
|inactive|Tangyz has 120 seconds left.
|inactive|Tangyz has 90 seconds left.
|
|t:|1743740890
|move|p1a: Dragonite|Dragon Dance|p1a: Dragonite
|-boost|p1a: Dragonite|atk|1
|-boost|p1a: Dragonite|spe|1
|move|p2a: Ferrothorn|Gyro Ball|p1a: Dragonite
|-damage|p1a: Dragonite|73/100
|
|-weather|RainDance|[upkeep]
|upkeep
|turn|8
|inactive|Tangyz has 90 seconds left.
|
|t:|1743740905
|move|p1a: Dragonite|Earthquake|p2a: Ferrothorn
|-damage|p2a: Ferrothorn|51/100
|move|p2a: Ferrothorn|Gyro Ball|p1a: Dragonite
|-damage|p1a: Dragonite|20/100
|
|-weather|RainDance|[upkeep]
|upkeep
|turn|9
|
|t:|1743740911
|move|p1a: Dragonite|Superpower|p2a: Ferrothorn
|-supereffective|p2a: Ferrothorn
|-damage|p2a: Ferrothorn|0 fnt
|-unboost|p1a: Dragonite|atk|1
|-unboost|p1a: Dragonite|def|1
|-damage|p1a: Dragonite|7/100|[from] ability: Iron Barbs|[of] p2a: Ferrothorn
|faint|p2a: Ferrothorn
|
|-weather|RainDance|[upkeep]
|upkeep
|
|t:|1743740913
|switch|p2a: Keldeo|Keldeo|100/100
|-damage|p2a: Keldeo|94/100|[from] Stealth Rock
|turn|10
|
|t:|1743740918
|switch|p1a: Politoed|Politoed, M|100/100
|move|p2a: Keldeo|Surf|p1a: Politoed
|-resisted|p1a: Politoed
|-damage|p1a: Politoed|76/100
|
|-weather|RainDance|[upkeep]
|-heal|p1a: Politoed|82/100|[from] item: Leftovers
|upkeep
|turn|11
|inactive|Tangyz has 120 seconds left.
|
|t:|1743740948
|switch|p2a: Thundurus|Thundurus-Therian, M, shiny|100/100
|-damage|p2a: Thundurus|76/100|[from] Stealth Rock
|move|p1a: Politoed|Toxic|p2a: Thundurus|[miss]
|-miss|p1a: Politoed|p2a: Thundurus
|
|-weather|RainDance|[upkeep]
|-heal|p2a: Thundurus|82/100|[from] item: Leftovers
|-heal|p1a: Politoed|88/100|[from] item: Leftovers
|upkeep
|turn|12
|
|t:|1743740961
|move|p2a: Thundurus|Nasty Plot|p2a: Thundurus
|-boost|p2a: Thundurus|spa|2
|move|p1a: Politoed|Scald|p2a: Thundurus
|-damage|p2a: Thundurus|32/100
|
|-weather|RainDance|[upkeep]
|-heal|p2a: Thundurus|38/100|[from] item: Leftovers
|-heal|p1a: Politoed|94/100|[from] item: Leftovers
|upkeep
|turn|13
|
|t:|1743740970
|switch|p1a: Thundurus|Thundurus-Therian, M|100/100
|move|p2a: Thundurus|Hidden Power|p1a: Thundurus
|-supereffective|p1a: Thundurus
|-damage|p1a: Thundurus|0 fnt
|faint|p1a: Thundurus
|
|-weather|RainDance|[upkeep]
|-heal|p2a: Thundurus|44/100|[from] item: Leftovers
|upkeep
|
|t:|1743740973
|switch|p1a: Jirachi|Jirachi|100/100
|turn|14
|inactive|Tangyz has 120 seconds left.
|
|t:|1743740983
|move|p1a: Jirachi|Ice Punch|p2a: Thundurus
|-supereffective|p2a: Thundurus
|-damage|p2a: Thundurus|0 fnt
|faint|p2a: Thundurus
|
|-weather|RainDance|[upkeep]
|upkeep
|inactive|Tangyz has 120 seconds left.
|
|t:|1743741012
|switch|p2a: Excadrill|Excadrill, M|100/100
|-damage|p2a: Excadrill|97/100|[from] Stealth Rock
|-ability|p2a: Excadrill|Mold Breaker
|turn|15
|
|t:|1743741026
|switch|p1a: Politoed|Politoed, M|94/100
|move|p2a: Excadrill|Iron Head|p1a: Politoed
|-resisted|p1a: Politoed
|-damage|p1a: Politoed|70/100
|
|-weather|RainDance|[upkeep]
|-heal|p1a: Politoed|76/100|[from] item: Leftovers
|upkeep
|turn|16
|
|t:|1743741037
|switch|p2a: Latios|Latios, M, shiny|100/100
|-damage|p2a: Latios|88/100|[from] Stealth Rock
|move|p1a: Politoed|Toxic|p2a: Latios
|-status|p2a: Latios|tox
|
|-weather|RainDance|[upkeep]
|-heal|p1a: Politoed|82/100|[from] item: Leftovers
|-damage|p2a: Latios|82/100 tox|[from] psn
|upkeep
|turn|17
|
|t:|1743741045
|switch|p1a: Jirachi|Jirachi|100/100
|move|p2a: Latios|Draco Meteor|p1a: Jirachi
|-resisted|p1a: Jirachi
|-damage|p1a: Jirachi|47/100
|-unboost|p2a: Latios|spa|2
|
|-weather|RainDance|[upkeep]
|-damage|p2a: Latios|70/100 tox|[from] psn
|upkeep
|turn|18
|
|t:|1743741052
|switch|p2a: Keldeo|Keldeo|94/100
|-damage|p2a: Keldeo|88/100|[from] Stealth Rock
|move|p1a: Jirachi|Healing Wish|p1a: Jirachi
|faint|p1a: Jirachi
|
|-weather|RainDance|[upkeep]
|upkeep
|
|t:|1743741054
|switch|p1a: Dragonite|Dragonite, M|7/100
|-heal|p1a: Dragonite|100/100|[from] move: Healing Wish
|turn|19
|
|t:|1743741061
|switch|p1a: Politoed|Politoed, M|82/100
|move|p2a: Keldeo|Hidden Power|p1a: Politoed
|-resisted|p1a: Politoed
|-damage|p1a: Politoed|74/100
|
|-weather|RainDance|[upkeep]
|-heal|p1a: Politoed|80/100|[from] item: Leftovers
|upkeep
|turn|20
|
|t:|1743741073
|switch|p2a: Latios|Latios, M, shiny|70/100 tox
|-damage|p2a: Latios|58/100 tox|[from] Stealth Rock
|switch|p1a: Starmie|Starmie|100/100
|-item|p1a: Starmie|Air Balloon
|
|-weather|RainDance|[upkeep]
|-damage|p2a: Latios|52/100 tox|[from] psn
|upkeep
|turn|21
|
|t:|1743741092
|switch|p2a: Politoed|Politoed, M, shiny|84/100
|-damage|p2a: Politoed|72/100|[from] Stealth Rock
|move|p1a: Starmie|Thunder|p2a: Politoed
|-supereffective|p2a: Politoed
|-damage|p2a: Politoed|0 fnt
|faint|p2a: Politoed
|
|-weather|RainDance|[upkeep]
|upkeep
|inactive|Tangyz has 120 seconds left.
|
|t:|1743741114
|switch|p2a: Excadrill|Excadrill, M|97/100
|-damage|p2a: Excadrill|94/100|[from] Stealth Rock
|-ability|p2a: Excadrill|Mold Breaker
|turn|22
|
|t:|1743741123
|move|p2a: Excadrill|Iron Head|p1a: Starmie
|-resisted|p1a: Starmie
|-damage|p1a: Starmie|66/100
|-enditem|p1a: Starmie|Air Balloon
|move|p1a: Starmie|Ice Beam|p2a: Excadrill
|-damage|p2a: Excadrill|48/100
|
|-weather|RainDance|[upkeep]
|upkeep
|turn|23
|inactive|Tangyz has 120 seconds left.
|
|t:|1743741138
|switch|p2a: Keldeo|Keldeo|88/100
|-damage|p2a: Keldeo|82/100|[from] Stealth Rock
|switch|p1a: Politoed|Politoed, M|80/100
|
|-weather|RainDance|[upkeep]
|-heal|p1a: Politoed|86/100|[from] item: Leftovers
|upkeep
|turn|24
|
|t:|1743741147
|switch|p2a: Latios|Latios, M, shiny|52/100 tox
|-damage|p2a: Latios|40/100 tox|[from] Stealth Rock
|move|p1a: Politoed|Scald|p2a: Latios
|-resisted|p2a: Latios
|-damage|p2a: Latios|22/100 tox
|
|-weather|RainDance|[upkeep]
|-heal|p1a: Politoed|92/100|[from] item: Leftovers
|-damage|p2a: Latios|16/100 tox|[from] psn
|upkeep
|turn|25
|
|t:|1743741160
|switch|p1a: Starmie|Starmie|66/100
|move|p2a: Latios|Draco Meteor|p1a: Starmie
|-damage|p1a: Starmie|0 fnt
|-unboost|p2a: Latios|spa|2
|faint|p1a: Starmie
|
|-weather|RainDance|[upkeep]
|-damage|p2a: Latios|4/100 tox|[from] psn
|upkeep
|
|t:|1743741162
|switch|p1a: Dragonite|Dragonite, M|100/100
|turn|26
|
|t:|1743741173
|switch|p1a: Politoed|Politoed, M|92/100
|move|p2a: Latios|Draco Meteor|p1a: Politoed
|-damage|p1a: Politoed|56/100
|-unboost|p2a: Latios|spa|2
|
|-weather|RainDance|[upkeep]
|-heal|p1a: Politoed|62/100|[from] item: Leftovers
|-damage|p2a: Latios|0 fnt|[from] psn
|faint|p2a: Latios
|upkeep
|
|t:|1743741183
|switch|p2a: Excadrill|Excadrill, M|48/100
|-damage|p2a: Excadrill|45/100|[from] Stealth Rock
|-ability|p2a: Excadrill|Mold Breaker
|turn|27
|
|t:|1743741191
|move|p1a: Politoed|Protect|p1a: Politoed
|-singleturn|p1a: Politoed|Protect
|move|p2a: Excadrill|Rock Slide|p1a: Politoed
|-activate|p1a: Politoed|move: Protect
|
|-weather|RainDance|[upkeep]
|-heal|p1a: Politoed|68/100|[from] item: Leftovers
|upkeep
|turn|28
|
|t:|1743741194
|move|p2a: Excadrill|Rock Slide|p1a: Politoed
|-damage|p1a: Politoed|42/100
|move|p1a: Politoed|Scald|p2a: Excadrill
|-supereffective|p2a: Excadrill
|-damage|p2a: Excadrill|0 fnt
|faint|p2a: Excadrill
|
|-weather|RainDance|[upkeep]
|-heal|p1a: Politoed|48/100|[from] item: Leftovers
|upkeep
|
|t:|1743741197
|switch|p2a: Keldeo|Keldeo|82/100
|-damage|p2a: Keldeo|76/100|[from] Stealth Rock
|turn|29
|
|t:|1743741199
|move|p1a: Politoed|Protect|p1a: Politoed
|-singleturn|p1a: Politoed|Protect
|move|p2a: Keldeo|Hidden Power|p1a: Politoed
|-activate|p1a: Politoed|move: Protect
|
|-weather|RainDance|[upkeep]
|-heal|p1a: Politoed|54/100|[from] item: Leftovers
|upkeep
|turn|30
|c|☆Tangyz|gg
|
|t:|1743741202
|move|p2a: Keldeo|Hidden Power|p1a: Politoed
|-resisted|p1a: Politoed
|-damage|p1a: Politoed|45/100
|move|p1a: Politoed|Scald|p2a: Keldeo
|-resisted|p2a: Keldeo
|-damage|p2a: Keldeo|54/100
|-status|p2a: Keldeo|brn
|
|-weather|RainDance|[upkeep]
|-heal|p1a: Politoed|51/100|[from] item: Leftovers
|-damage|p2a: Keldeo|42/100 brn|[from] brn
|upkeep
|turn|31
|
|t:|1743741204
|move|p1a: Politoed|Protect|p1a: Politoed
|-singleturn|p1a: Politoed|Protect
|move|p2a: Keldeo|Hidden Power|p1a: Politoed
|-activate|p1a: Politoed|move: Protect
|
|-weather|RainDance|[upkeep]
|-heal|p1a: Politoed|57/100|[from] item: Leftovers
|-damage|p2a: Keldeo|30/100 brn|[from] brn
|upkeep
|turn|32
|
|t:|1743741206
|move|p2a: Keldeo|Hidden Power|p1a: Politoed
|-resisted|p1a: Politoed
|-damage|p1a: Politoed|48/100
|move|p1a: Politoed|Toxic||[still]
|-fail|p1a: Politoed
|
|-weather|RainDance|[upkeep]
|-heal|p1a: Politoed|54/100|[from] item: Leftovers
|-damage|p2a: Keldeo|17/100 brn|[from] brn
|upkeep
|turn|33
|
|t:|1743741208
|move|p2a: Keldeo|Hidden Power|p1a: Politoed
|-resisted|p1a: Politoed
|-damage|p1a: Politoed|45/100
|move|p1a: Politoed|Toxic|p2a: Keldeo|[miss]
|-miss|p1a: Politoed|p2a: Keldeo
|
|-weather|RainDance|[upkeep]
|-heal|p1a: Politoed|51/100|[from] item: Leftovers
|-damage|p2a: Keldeo|5/100 brn|[from] brn
|upkeep
|turn|34
|inactive|cdrgcde has 120 seconds left.
|inactive|cdrgcde has 90 seconds left.
|
|t:|1743741280
|move|p2a: Keldeo|Hidden Power|p1a: Politoed
|-resisted|p1a: Politoed
|-damage|p1a: Politoed|44/100
|move|p1a: Politoed|Toxic||[still]
|-fail|p1a: Politoed
|
|-weather|RainDance|[upkeep]
|-heal|p1a: Politoed|50/100|[from] item: Leftovers
|-damage|p2a: Keldeo|0 fnt|[from] brn
|faint|p2a: Keldeo
|
|win|cdrgcde
|raw|cdrgcde's rating: 1330 &rarr; <strong>1355</strong><br />(+25 for winning)
|raw|Tangyz's rating: 1427 &rarr; <strong>1402</strong><br />(-25 for losing)
