|j|☆geathan2
|j|☆dnite10
|t:|1719255391
|gametype|singles
|player|p1|geathan2|galacticgruntf|1455
|player|p2|dnite10|lance|1324
|teamsize|p1|6
|teamsize|p2|6
|gen|5
|tier|[Gen 5] OU
|rated|
|rule|Species Clause: Limit one of each Pokémon
|rule|OHKO Clause: OHKO moves are banned
|rule|Moody Clause: Moody is banned
|rule|Evasion Items Clause: Evasion items are banned
|rule|Evasion Moves Clause: Evasion moves are banned
|rule|Endless Battle Clause: Forcing endless battles is banned
|rule|HP Percentage Mod: HP is shown in percentages
|rule|Evasion Abilities Clause: Evasion abilities are banned
|rule|Sleep Moves Clause: Sleep-inducing moves are banned
|rule|Swagger Clause: Swagger is banned
|rule|Baton Pass Stat Clause: No Baton Passer may have a way to boost its stats
|clearpoke
|poke|p1|Politoed, F|item
|poke|p1|Ferrothorn, M|item
|poke|p1|Alakazam, M|item
|poke|p1|Tentacruel, M|item
|poke|p1|Landorus-Therian, M|item
|poke|p1|Kyurem-Black|item
|poke|p2|Dragonite, M|item
|poke|p2|Latios, M|item
|poke|p2|Kyurem|item
|poke|p2|Abomasnow, M|item
|poke|p2|Alakazam, F|item
|poke|p2|Magnezone|item
|teampreview
|inactive|Battle timer is ON: inactive players will automatically lose when time's up. (requested by geathan2)
|
|t:|1719255404
|start
|switch|p1a: Landorus|Landorus-Therian, M|100/100
|switch|p2a: Dragonite|Dragonite, M|100/100
|-ability|p1a: Landorus|Intimidate|boost
|-unboost|p2a: Dragonite|atk|1
|turn|1
|
|t:|1719255412
|move|p1a: Landorus|Hidden Power|p2a: Dragonite
|-supereffective|p2a: Dragonite
|-damage|p2a: Dragonite|64/100
|move|p2a: Dragonite|Fire Punch|p1a: Landorus
|-damage|p1a: Landorus|70/100
|
|upkeep
|turn|2
|
|t:|1719255416
|switch|p2a: Magnezone|Magnezone|100/100
|move|p1a: Landorus|Hidden Power|p2a: Magnezone
|-resisted|p2a: Magnezone
|-damage|p2a: Magnezone|88/100
|
|upkeep
|turn|3
|
|t:|1719255436
|switch|p2a: Dragonite|Dragonite, M|64/100
|move|p1a: Landorus|Hidden Power|p2a: Dragonite
|-supereffective|p2a: Dragonite
|-damage|p2a: Dragonite|0 fnt
|faint|p2a: Dragonite
|
|upkeep
|
|t:|1719255444
|switch|p2a: Abomasnow|Abomasnow, M|100/100
|-weather|Hail|[from] ability: Snow Warning|[of] p2a: Abomasnow
|turn|4
|
|t:|1719255449
|switch|p1a: Ferrothorn|Ferrothorn, M|100/100
|move|p2a: Abomasnow|Ice Shard|p1a: Ferrothorn
|-damage|p1a: Ferrothorn|87/100
|
|-weather|Hail|[upkeep]
|-damage|p1a: Ferrothorn|81/100|[from] Hail
|-heal|p1a: Ferrothorn|87/100|[from] item: Leftovers
|upkeep
|turn|5
|
|t:|1719255452
|switch|p2a: Magnezone|Magnezone|88/100
|move|p1a: Ferrothorn|Stealth Rock|p2a: Magnezone
|-sidestart|p2: dnite10|move: Stealth Rock
|
|-weather|Hail|[upkeep]
|-damage|p2a: Magnezone|82/100|[from] Hail
|-damage|p1a: Ferrothorn|81/100|[from] Hail
|-heal|p1a: Ferrothorn|87/100|[from] item: Leftovers
|upkeep
|turn|6
|
|t:|1719255455
|move|p2a: Magnezone|Hidden Power|p1a: Ferrothorn
|-supereffective|p1a: Ferrothorn
|-damage|p1a: Ferrothorn|14/100
|move|p1a: Ferrothorn|Knock Off|p2a: Magnezone
|-resisted|p2a: Magnezone
|-damage|p2a: Magnezone|80/100
|-enditem|p2a: Magnezone|Choice Scarf|[from] move: Knock Off|[of] p1a: Ferrothorn
|
|-weather|Hail|[upkeep]
|-damage|p2a: Magnezone|74/100|[from] Hail
|-damage|p1a: Ferrothorn|8/100|[from] Hail
|-heal|p1a: Ferrothorn|14/100|[from] item: Leftovers
|upkeep
|turn|7
|
|t:|1719255461
|move|p2a: Magnezone|Hidden Power|p1a: Ferrothorn
|-supereffective|p1a: Ferrothorn
|-damage|p1a: Ferrothorn|0 fnt
|faint|p1a: Ferrothorn
|
|-weather|Hail|[upkeep]
|-damage|p2a: Magnezone|68/100|[from] Hail
|upkeep
|
|t:|1719255466
|switch|p1a: Landorus|Landorus-Therian, M|70/100
|-ability|p1a: Landorus|Intimidate|boost
|-unboost|p2a: Magnezone|atk|1
|turn|8
|
|t:|1719255482
|switch|p2a: Abomasnow|Abomasnow, M|100/100
|-damage|p2a: Abomasnow|75/100|[from] Stealth Rock
|move|p1a: Landorus|U-turn|p2a: Abomasnow
|-supereffective|p2a: Abomasnow
|-damage|p2a: Abomasnow|12/100
|
|t:|1719255501
|switch|p1a: Kyurem|Kyurem-Black|100/100|[from] U-turn
|-ability|p1a: Kyurem|Teravolt
|
|-weather|Hail|[upkeep]
|upkeep
|turn|9
|
|t:|1719255507
|switch|p2a: Magnezone|Magnezone|68/100
|-damage|p2a: Magnezone|62/100|[from] Stealth Rock
|move|p1a: Kyurem|Dragon Claw|p2a: Magnezone
|-resisted|p2a: Magnezone
|-damage|p2a: Magnezone|15/100
|
|-weather|Hail|[upkeep]
|-damage|p2a: Magnezone|9/100|[from] Hail
|upkeep
|turn|10
|
|t:|1719255511
|move|p1a: Kyurem|Dragon Claw|p2a: Magnezone
|-resisted|p2a: Magnezone
|-damage|p2a: Magnezone|0 fnt
|faint|p2a: Magnezone
|
|-weather|Hail|[upkeep]
|upkeep
|
|t:|1719255524
|switch|p2a: Latios|Latios, M|100/100
|-damage|p2a: Latios|88/100|[from] Stealth Rock
|turn|11
|
|t:|1719255527
|switch|p1a: Tentacruel|Tentacruel, M|100/100
|move|p2a: Latios|Draco Meteor|p1a: Tentacruel|[miss]
|-miss|p2a: Latios|p1a: Tentacruel
|
|-weather|Hail|[upkeep]
|-damage|p2a: Latios|82/100|[from] Hail
|-damage|p1a: Tentacruel|94/100|[from] Hail
|-heal|p1a: Tentacruel|100/100|[from] item: Black Sludge
|upkeep
|turn|12
|
|t:|1719255533
|move|p2a: Latios|Draco Meteor|p1a: Tentacruel
|-damage|p1a: Tentacruel|42/100
|-unboost|p2a: Latios|spa|2
|move|p1a: Tentacruel|Scald|p2a: Latios
|-resisted|p2a: Latios
|-damage|p2a: Latios|71/100
|-status|p2a: Latios|brn
|
|-weather|Hail|[upkeep]
|-damage|p2a: Latios|65/100 brn|[from] Hail
|-damage|p1a: Tentacruel|36/100|[from] Hail
|-heal|p1a: Tentacruel|42/100|[from] item: Black Sludge
|-damage|p2a: Latios|53/100 brn|[from] brn
|upkeep
|turn|13
|
|t:|1719255539
|switch|p2a: Kyurem|Kyurem|100/100
|-damage|p2a: Kyurem|76/100|[from] Stealth Rock
|-ability|p2a: Kyurem|Pressure
|move|p1a: Tentacruel|Protect||[still]
|-fail|p1a: Tentacruel
|
|-weather|Hail|[upkeep]
|-damage|p1a: Tentacruel|36/100|[from] Hail
|-heal|p1a: Tentacruel|42/100|[from] item: Black Sludge
|upkeep
|turn|14
|
|t:|1719255544
|move|p1a: Tentacruel|Toxic|p2a: Kyurem
|-status|p2a: Kyurem|tox
|move|p2a: Kyurem|Blizzard|p1a: Tentacruel
|-resisted|p1a: Tentacruel
|-damage|p1a: Tentacruel|2/100
|
|-weather|Hail|[upkeep]
|-damage|p1a: Tentacruel|0 fnt|[from] Hail
|faint|p1a: Tentacruel
|-damage|p2a: Kyurem|70/100 tox|[from] psn
|upkeep
|
|t:|1719255550
|switch|p1a: Politoed|Politoed, F|100/100
|-weather|RainDance|[from] ability: Drizzle|[of] p1a: Politoed
|turn|15
|
|t:|1719255553
|switch|p2a: Abomasnow|Abomasnow, M|12/100
|-damage|p2a: Abomasnow|0 fnt|[from] Stealth Rock
|faint|p2a: Abomasnow
|move|p1a: Politoed|Hydro Pump|p2: Abomasnow|[notarget]
|-fail|p1a: Politoed
|
|-weather|RainDance|[upkeep]
|upkeep
|
|t:|1719255563
|switch|p2a: Latios|Latios, M|53/100 brn
|-damage|p2a: Latios|41/100 brn|[from] Stealth Rock
|turn|16
|
|t:|1719255571
|switch|p1a: Kyurem|Kyurem-Black|100/100
|-ability|p1a: Kyurem|Teravolt
|move|p2a: Latios|Draco Meteor|p1a: Kyurem
|-supereffective|p1a: Kyurem
|-damage|p1a: Kyurem|0 fnt
|-unboost|p2a: Latios|spa|2
|faint|p1a: Kyurem
|
|-weather|RainDance|[upkeep]
|-damage|p2a: Latios|28/100 brn|[from] brn
|upkeep
|
|t:|1719255575
|switch|p1a: Landorus|Landorus-Therian, M|70/100
|-ability|p1a: Landorus|Intimidate|boost
|-unboost|p2a: Latios|atk|1
|turn|17
|
|t:|1719255582
|switch|p2a: Kyurem|Kyurem|70/100 tox
|-damage|p2a: Kyurem|45/100 tox|[from] Stealth Rock
|-ability|p2a: Kyurem|Pressure
|move|p1a: Landorus|U-turn|p2a: Kyurem
|-damage|p2a: Kyurem|17/100 tox
|
|t:|1719255586
|switch|p1a: Alakazam|Alakazam, M|100/100|[from] U-turn
|
|-weather|RainDance|[upkeep]
|-damage|p2a: Kyurem|11/100 tox|[from] psn
|upkeep
|turn|18
|
|t:|1719255599
|switch|p1a: Landorus|Landorus-Therian, M|70/100
|-ability|p1a: Landorus|Intimidate|boost
|-unboost|p2a: Kyurem|atk|1
|move|p2a: Kyurem|Dragon Pulse|p1a: Landorus
|-crit|p1a: Landorus
|-damage|p1a: Landorus|0 fnt
|faint|p1a: Landorus
|
|-weather|RainDance|[upkeep]
|-damage|p2a: Kyurem|0 fnt|[from] psn
|faint|p2a: Kyurem
|upkeep
|
|t:|1719255616
|switch|p2a: Latios|Latios, M|28/100 brn
|switch|p1a: Alakazam|Alakazam, M|100/100
|-damage|p2a: Latios|16/100 brn|[from] Stealth Rock
|turn|19
|
|t:|1719255623
|move|p2a: Latios|Draco Meteor|p1a: Alakazam
|-enditem|p1a: Alakazam|Focus Sash
|-damage|p1a: Alakazam|1/100
|-unboost|p2a: Latios|spa|2
|move|p1a: Alakazam|Shadow Ball|p2a: Latios
|-supereffective|p2a: Latios
|-damage|p2a: Latios|0 fnt
|faint|p2a: Latios
|
|-weather|RainDance|[upkeep]
|upkeep
|
|t:|1719255627
|switch|p2a: Alakazam|Alakazam, F, shiny|100/100
|turn|20
|
|t:|1719255633
|move|p2a: Alakazam|Energy Ball|p1a: Alakazam
|-damage|p1a: Alakazam|0 fnt
|faint|p1a: Alakazam
|
|-weather|RainDance|[upkeep]
|upkeep
|
|t:|1719255635
|switch|p1a: Politoed|Politoed, F|100/100
|turn|21
|
|t:|1719255636
|move|p2a: Alakazam|Energy Ball|p1a: Politoed
|-supereffective|p1a: Politoed
|-damage|p1a: Politoed|52/100
|move|p1a: Politoed|Surf|p2a: Alakazam
|-enditem|p2a: Alakazam|Focus Sash
|-damage|p2a: Alakazam|1/100
|
|-weather|RainDance|[upkeep]
|upkeep
|turn|22
|
|t:|1719255643
|move|p2a: Alakazam|Energy Ball|p1a: Politoed
|-supereffective|p1a: Politoed
|-damage|p1a: Politoed|3/100
|move|p1a: Politoed|Surf|p2a: Alakazam
|-damage|p2a: Alakazam|0 fnt
|faint|p2a: Alakazam
|
|win|geathan2
|raw|geathan2's rating: 1455 &rarr; <strong>1468</strong><br />(+13 for winning)
|raw|dnite10's rating: 1324 &rarr; <strong>1311</strong><br />(-13 for losing)
