|j|☆DanThaPan
|j|☆chadbro
|player|p1|DanThaPan|274
|player|p2|chadbro|170
|teamsize|p1|6
|teamsize|p2|6
|gametype|singles
|gen|5
|tier|[Gen 5] OU
|rated|
|rule|Sleep Clause Mod: Limit one foe put to sleep
|rule|Species Clause: Limit one of each Pokémon
|rule|OHKO Clause: OHKO moves are banned
|rule|Moody Clause: Moody is banned
|rule|Evasion Moves Clause: Evasion moves are banned
|rule|Endless Battle Clause: Forcing endless battles is banned
|rule|HP Percentage Mod: HP is shown in percentages
|rule|Evasion Abilities Clause: Evasion abilities are banned
|rule|Baton Pass Clause: Limit one Baton Passer, can't pass Spe and other stats simultaneously
|rule|Swagger Clause: Swagger is banned
|clearpoke
|poke|p1|Tentacruel, F|item
|poke|p1|Toxicroak, M|item
|poke|p1|Tornadus, M|item
|poke|p1|Ferrothorn, F|item
|poke|p1|Kabutops, F|item
|poke|p1|Kingdra, F|item
|poke|p2|Tyranitar, M|item
|poke|p2|Magnezone|item
|poke|p2|Terrakion|item
|poke|p2|Latios, M|item
|poke|p2|Scizor, M|item
|poke|p2|Landorus-Therian, M|item
|teampreview
|inactive|Battle timer is ON: inactive players will automatically lose when time's up. (requested by chadbro)
|
|start
|switch|p1a: Ferrothorn|Ferrothorn, F|100/100
|switch|p2a: Pat Riely|Tyranitar, M|100/100
|-weather|Sandstorm|[from] ability: Sand Stream|[of] p2a: Pat Riely
|turn|1
|
|switch|p2a: Ray Allen|Magnezone|100/100
|move|p1a: Ferrothorn|Gyro Ball|p2a: Ray Allen
|-resisted|p2a: Ray Allen
|-damage|p2a: Ray Allen|82/100
|
|-weather|Sandstorm|[upkeep]
|-heal|p2a: Ray Allen|88/100|[from] item: Leftovers
|upkeep
|turn|2
|
|move|p2a: Ray Allen|Substitute|p2a: Ray Allen
|-start|p2a: Ray Allen|Substitute
|-damage|p2a: Ray Allen|63/100
|move|p1a: Ferrothorn|Stealth Rock|p2a: Ray Allen
|-sidestart|p2: chadbro|move: Stealth Rock
|
|-weather|Sandstorm|[upkeep]
|-heal|p2a: Ray Allen|69/100|[from] item: Leftovers
|upkeep
|turn|3
|
|move|p2a: Ray Allen|Charge Beam|p1a: Ferrothorn
|-resisted|p1a: Ferrothorn
|-damage|p1a: Ferrothorn|90/100
|-boost|p2a: Ray Allen|spa|1
|move|p1a: Ferrothorn|Power Whip|p2a: Ray Allen
|-resisted|p2a: Ray Allen
|-end|p2a: Ray Allen|Substitute
|
|-weather|Sandstorm|[upkeep]
|-heal|p2a: Ray Allen|75/100|[from] item: Leftovers
|-heal|p1a: Ferrothorn|97/100|[from] item: Leftovers
|upkeep
|turn|4
|j| EigenValue42
|
|move|p2a: Ray Allen|Substitute|p2a: Ray Allen
|-start|p2a: Ray Allen|Substitute
|-damage|p2a: Ray Allen|51/100
|move|p1a: Ferrothorn|Power Whip|p2a: Ray Allen
|-resisted|p2a: Ray Allen
|-end|p2a: Ray Allen|Substitute
|
|-weather|Sandstorm|[upkeep]
|-heal|p2a: Ray Allen|57/100|[from] item: Leftovers
|-heal|p1a: Ferrothorn|100/100|[from] item: Leftovers
|upkeep
|turn|5
|l| EigenValue42
|
|move|p2a: Ray Allen|Substitute|p2a: Ray Allen
|-start|p2a: Ray Allen|Substitute
|-damage|p2a: Ray Allen|32/100
|move|p1a: Ferrothorn|Power Whip|p2a: Ray Allen
|-resisted|p2a: Ray Allen
|-end|p2a: Ray Allen|Substitute
|
|-weather|Sandstorm|[upkeep]
|-heal|p2a: Ray Allen|38/100|[from] item: Leftovers
|upkeep
|turn|6
|j|%Akir
|
|move|p2a: Ray Allen|Substitute|p2a: Ray Allen
|-start|p2a: Ray Allen|Substitute
|-damage|p2a: Ray Allen|13/100
|move|p1a: Ferrothorn|Power Whip|p2a: Ray Allen
|-resisted|p2a: Ray Allen
|-end|p2a: Ray Allen|Substitute
|
|-weather|Sandstorm|[upkeep]
|-heal|p2a: Ray Allen|19/100|[from] item: Leftovers
|upkeep
|turn|7
|
|move|p2a: Ray Allen|Hidden Power|p1a: Ferrothorn
|-supereffective|p1a: Ferrothorn
|-damage|p1a: Ferrothorn|0 fnt
|faint|p1a: Ferrothorn
|
|-weather|Sandstorm|[upkeep]
|-heal|p2a: Ray Allen|25/100|[from] item: Leftovers
|upkeep
|
|switch|p1a: Toxicroak|Toxicroak, M|100/100
|turn|8
|
|move|p1a: Toxicroak|Drain Punch|p2a: Ray Allen
|-supereffective|p2a: Ray Allen
|-damage|p2a: Ray Allen|0 fnt
|faint|p2a: Ray Allen
|
|-weather|Sandstorm|[upkeep]
|-damage|p1a: Toxicroak|94/100|[from] Sandstorm
|upkeep
|
|switch|p2a: Bosh|Latios, M, shiny|100/100
|-damage|p2a: Bosh|88/100|[from] Stealth Rock
|turn|9
|
|move|p1a: Toxicroak|Sucker Punch|p2a: Bosh
|-supereffective|p2a: Bosh
|-damage|p2a: Bosh|18/100
|move|p2a: Bosh|Psyshock|p1a: Toxicroak
|-supereffective|p1a: Toxicroak
|-damage|p1a: Toxicroak|0 fnt
|faint|p1a: Toxicroak
|
|-weather|Sandstorm|[upkeep]
|-damage|p2a: Bosh|12/100|[from] Sandstorm
|upkeep
|j| Idol Cindy
|
|switch|p1a: Tornadus|Tornadus, M|100/100
|turn|10
|c| Idol Cindy|Didn't know you were here
|
|move|p1a: Tornadus|Rain Dance|p1a: Tornadus
|-weather|RainDance
|move|p2a: Bosh|Surf|p1a: Tornadus
|-damage|p1a: Tornadus|27/100
|
|-weather|RainDance|[upkeep]
|upkeep
|turn|11
|c|☆DanThaPan|yeahh i usually only play gen 5 ou
|inactive|DanThaPan has 120 seconds left.
|
|switch|p1a: Tentacruel|Tentacruel, F|100/100
|move|p2a: Bosh|Psyshock|p1a: Tentacruel
|-supereffective|p1a: Tentacruel
|-damage|p1a: Tentacruel|0 fnt
|faint|p1a: Tentacruel
|
|-weather|RainDance|[upkeep]
|upkeep
|inactive|DanThaPan has 120 seconds left.
|
|switch|p1a: Kabutops|Kabutops, F|100/100
|turn|12
|inactive|DanThaPan has 120 seconds left.
|
|move|p1a: Kabutops|Waterfall|p2a: Bosh
|-resisted|p2a: Bosh
|-damage|p2a: Bosh|0 fnt
|faint|p2a: Bosh
|
|-weather|RainDance|[upkeep]
|upkeep
|
|switch|p2a: Pat Riely|Tyranitar, M|100/100
|-damage|p2a: Pat Riely|88/100|[from] Stealth Rock
|-weather|Sandstorm|[from] ability: Sand Stream|[of] p2a: Pat Riely
|turn|13
|
|move|p1a: Kabutops|Superpower|p2a: Pat Riely
|-supereffective|p2a: Pat Riely
|-damage|p2a: Pat Riely|0 fnt
|-unboost|p1a: Kabutops|atk|1
|-unboost|p1a: Kabutops|def|1
|faint|p2a: Pat Riely
|
|-weather|Sandstorm|[upkeep]
|upkeep
|
|switch|p2a: Miller|Scizor, M, shiny|100/100
|-damage|p2a: Miller|88/100|[from] Stealth Rock
|turn|14
|
|switch|p1a: Kingdra|Kingdra, F|100/100
|move|p2a: Miller|Bullet Punch|p1a: Kingdra
|-resisted|p1a: Kingdra
|-damage|p1a: Kingdra|72/100
|
|-weather|Sandstorm|[upkeep]
|-damage|p1a: Kingdra|65/100|[from] Sandstorm
|upkeep
|turn|15
|
|move|p2a: Miller|Bullet Punch|p1a: Kingdra
|-resisted|p1a: Kingdra
|-damage|p1a: Kingdra|36/100
|move|p1a: Kingdra|Hydro Pump|p2a: Miller
|-crit|p2a: Miller
|-damage|p2a: Miller|0 fnt
|-damage|p1a: Kingdra|26/100|[from] item: Life Orb
|faint|p2a: Miller
|
|-weather|Sandstorm|[upkeep]
|-damage|p1a: Kingdra|20/100|[from] Sandstorm
|upkeep
|
|switch|p2a: D.Wade|Terrakion|100/100
|-damage|p2a: D.Wade|94/100|[from] Stealth Rock
|turn|16
|
|move|p2a: D.Wade|Close Combat|p1a: Kingdra
|-damage|p1a: Kingdra|0 fnt
|-unboost|p2a: D.Wade|def|1
|-unboost|p2a: D.Wade|spd|1
|faint|p1a: Kingdra
|
|-weather|Sandstorm|[upkeep]
|upkeep
|
|switch|p1a: Tornadus|Tornadus, M|27/100
|turn|17
|
|move|p1a: Tornadus|Rain Dance|p1a: Tornadus
|-weather|RainDance
|move|p2a: D.Wade|Close Combat|p1a: Tornadus
|-resisted|p1a: Tornadus
|-damage|p1a: Tornadus|0 fnt
|-unboost|p2a: D.Wade|def|1
|-unboost|p2a: D.Wade|spd|1
|faint|p1a: Tornadus
|
|-weather|RainDance|[upkeep]
|upkeep
|
|switch|p1a: Kabutops|Kabutops, F|100/100
|turn|18
|c| Idol Cindy|gg for you, Dan
|
|switch|p2a: Bron Bron|Landorus-Therian, M|100/100
|-damage|p2a: Bron Bron|88/100|[from] Stealth Rock
|-ability|p2a: Bron Bron|Intimidate|boost
|-unboost|p1a: Kabutops|atk|1
|move|p1a: Kabutops|Waterfall|p2a: Bron Bron
|-supereffective|p2a: Bron Bron
|-damage|p2a: Bron Bron|0 fnt
|faint|p2a: Bron Bron
|
|-weather|RainDance|[upkeep]
|upkeep
|
|switch|p2a: D.Wade|Terrakion|94/100
|-damage|p2a: D.Wade|88/100|[from] Stealth Rock
|turn|19
|c|☆DanThaPan|hm
|
|move|p2a: D.Wade|Close Combat|p1a: Kabutops
|-supereffective|p1a: Kabutops
|-enditem|p1a: Kabutops|Focus Sash
|-damage|p1a: Kabutops|1/100
|-unboost|p2a: D.Wade|def|1
|-unboost|p2a: D.Wade|spd|1
|move|p1a: Kabutops|Waterfall|p2a: D.Wade
|-supereffective|p2a: D.Wade
|-crit|p2a: D.Wade
|-damage|p2a: D.Wade|0 fnt
|faint|p2a: D.Wade
|
|win|DanThaPan
|c| Idol Cindy|Oh!
|c|☆DanThaPan|gg
|l| Idol Cindy
|l|☆chadbro
|raw|DanThaPan's rating: 1283 &rarr; <strong>1314</strong><br />(+31 for winning)
|raw|chadbro's rating: 1373 &rarr; <strong>1348</strong><br />(-25 for losing)
