|j|☆DJ CRIB DEF
|j|☆Silexius
|t:|1716307795
|gametype|singles
|player|p1|DJ CRIB DEF|pryce-gen2|1329
|player|p2|Silexius|101|1321
|teamsize|p1|6
|teamsize|p2|6
|gen|5
|tier|[Gen 5] OU
|rated|
|rule|Species Clause: Limit one of each Pokémon
|rule|OHKO Clause: OHKO moves are banned
|rule|Moody Clause: Moody is banned
|rule|Evasion Items Clause: Evasion items are banned
|rule|Evasion Moves Clause: Evasion moves are banned
|rule|Endless Battle Clause: Forcing endless battles is banned
|rule|HP Percentage Mod: HP is shown in percentages
|rule|Evasion Abilities Clause: Evasion abilities are banned
|rule|Sleep Moves Clause: Sleep-inducing moves are banned
|rule|Swagger Clause: Swagger is banned
|rule|Baton Pass Stat Clause: No Baton Passer may have a way to boost its stats
|clearpoke
|poke|p1|Accelgor, M|item
|poke|p1|Dragonite, M|item
|poke|p1|Victini|item
|poke|p1|Staraptor, M|item
|poke|p1|Blissey, F|item
|poke|p1|Chansey, F|item
|poke|p2|Victini|item
|poke|p2|Froslass, F|item
|poke|p2|Latios, M|item
|poke|p2|Landorus-Therian, M|item
|poke|p2|Scizor, M|item
|poke|p2|Kyurem-Black|item
|teampreview
|inactive|Battle timer is ON: inactive players will automatically lose when time's up. (requested by DJ CRIB DEF)
|inactive|Silexius has 120 seconds left.
|inactive|Silexius has 90 seconds left.
|inactive|Silexius has 60 seconds left.
|
|t:|1716307890
|start
|switch|p1a: Chicken|Victini|100/100
|switch|p2a: Victini|Victini|100/100
|turn|1
|
|t:|1716307897
|switch|p2a: Froslass|Froslass, F|100/100
|move|p1a: Chicken|Final Gambit|p2a: Froslass
|-immune|p2a: Froslass
|
|upkeep
|turn|2
|
|t:|1716307906
|switch|p1a: Mushroom Rice|Blissey, F|100/100
|move|p2a: Froslass|Spikes|p1a: Mushroom Rice
|-sidestart|p1: DJ CRIB DEF|Spikes
|
|upkeep
|turn|3
|
|t:|1716307909
|move|p2a: Froslass|Taunt|p1a: Mushroom Rice
|-start|p1a: Mushroom Rice|move: Taunt
|cant|p1a: Mushroom Rice|move: Taunt|Copycat
|
|upkeep
|turn|4
|
|t:|1716307922
|switch|p1a: Chicken|Victini|100/100
|-damage|p1a: Chicken|88/100|[from] Spikes
|move|p2a: Froslass|Spikes|p1a: Chicken
|-sidestart|p1: DJ CRIB DEF|Spikes
|
|upkeep
|turn|5
|
|t:|1716307928
|move|p1a: Chicken|V-create|p2a: Froslass
|-supereffective|p2a: Froslass
|-enditem|p2a: Froslass|Focus Sash
|-damage|p2a: Froslass|1/100
|-unboost|p1a: Chicken|spe|1
|-unboost|p1a: Chicken|def|1
|-unboost|p1a: Chicken|spd|1
|move|p2a: Froslass|Spikes|p1a: Chicken
|-sidestart|p1: DJ CRIB DEF|Spikes
|
|upkeep
|turn|6
|
|t:|1716307940
|move|p2a: Froslass|Destiny Bond|p2a: Froslass
|-singlemove|p2a: Froslass|Destiny Bond
|move|p1a: Chicken|V-create|p2a: Froslass
|-supereffective|p2a: Froslass
|-damage|p2a: Froslass|0 fnt
|-unboost|p1a: Chicken|spe|1
|-unboost|p1a: Chicken|def|1
|-unboost|p1a: Chicken|spd|1
|faint|p2a: Froslass
|-activate|p2a: Froslass|move: Destiny Bond
|faint|p1a: Chicken
|
|upkeep
|
|t:|1716307951
|switch|p2a: Landorus|Landorus-Therian, M|100/100
|switch|p1a: Staraptor|Staraptor, M|100/100
|-ability|p1a: Staraptor|Intimidate|boost
|-unboost|p2a: Landorus|atk|1
|-ability|p2a: Landorus|Intimidate|boost
|-unboost|p1a: Staraptor|atk|1
|turn|7
|
|t:|1716307956
|move|p1a: Staraptor|Final Gambit|p2a: Landorus
|-damage|p2a: Landorus|0 fnt
|faint|p1a: Staraptor
|faint|p2a: Landorus
|
|upkeep
|
|t:|1716307961
|switch|p1a: Mushroom Rice|Blissey, F|100/100
|switch|p2a: Victini|Victini|100/100
|-damage|p1a: Mushroom Rice|76/100|[from] Spikes
|turn|8
|
|t:|1716307965
|move|p2a: Victini|V-create|p1a: Mushroom Rice
|-crit|p1a: Mushroom Rice
|-damage|p1a: Mushroom Rice|0 fnt
|-unboost|p2a: Victini|spe|1
|-unboost|p2a: Victini|def|1
|-unboost|p2a: Victini|spd|1
|faint|p1a: Mushroom Rice
|
|upkeep
|j| bellula
|
|t:|1716307973
|switch|p1a: Dragonite|Dragonite, M|100/100
|turn|9
|
|t:|1716307979
|switch|p2a: Scizor|Scizor, M|100/100
|move|p1a: Dragonite|Substitute|p1a: Dragonite
|-start|p1a: Dragonite|Substitute
|-damage|p1a: Dragonite|76/100
|
|-heal|p1a: Dragonite|82/100|[from] item: Leftovers
|upkeep
|turn|10
|
|t:|1716307982
|move|p2a: Scizor|Bullet Punch|p1a: Dragonite
|-end|p1a: Dragonite|Substitute
|-damage|p2a: Scizor|91/100|[from] item: Life Orb
|move|p1a: Dragonite|Dragon Dance|p1a: Dragonite
|-boost|p1a: Dragonite|atk|1
|-boost|p1a: Dragonite|spe|1
|
|-heal|p1a: Dragonite|88/100|[from] item: Leftovers
|upkeep
|turn|11
|
|t:|1716307988
|move|p2a: Scizor|Bullet Punch|p1a: Dragonite
|-damage|p1a: Dragonite|51/100
|-damage|p2a: Scizor|81/100|[from] item: Life Orb
|move|p1a: Dragonite|Substitute|p1a: Dragonite
|-start|p1a: Dragonite|Substitute
|-damage|p1a: Dragonite|26/100
|
|-heal|p1a: Dragonite|33/100|[from] item: Leftovers
|upkeep
|turn|12
|
|t:|1716307992
|move|p2a: Scizor|Bullet Punch|p1a: Dragonite
|-end|p1a: Dragonite|Substitute
|-damage|p2a: Scizor|71/100|[from] item: Life Orb
|move|p1a: Dragonite|Roost|p1a: Dragonite
|-heal|p1a: Dragonite|83/100
|-singleturn|p1a: Dragonite|move: Roost
|
|-heal|p1a: Dragonite|89/100|[from] item: Leftovers
|upkeep
|turn|13
|
|t:|1716307994
|move|p2a: Scizor|Bullet Punch|p1a: Dragonite
|-damage|p1a: Dragonite|48/100
|-damage|p2a: Scizor|61/100|[from] item: Life Orb
|move|p1a: Dragonite|Substitute|p1a: Dragonite
|-start|p1a: Dragonite|Substitute
|-damage|p1a: Dragonite|24/100
|
|-heal|p1a: Dragonite|30/100|[from] item: Leftovers
|upkeep
|turn|14
|
|t:|1716307997
|move|p2a: Scizor|Bullet Punch|p1a: Dragonite
|-end|p1a: Dragonite|Substitute
|-damage|p2a: Scizor|51/100|[from] item: Life Orb
|move|p1a: Dragonite|Roost|p1a: Dragonite
|-heal|p1a: Dragonite|80/100
|-singleturn|p1a: Dragonite|move: Roost
|
|-heal|p1a: Dragonite|86/100|[from] item: Leftovers
|upkeep
|turn|15
|
|t:|1716308005
|move|p1a: Dragonite|Roost|p1a: Dragonite
|-heal|p1a: Dragonite|100/100
|-singleturn|p1a: Dragonite|move: Roost
|move|p2a: Scizor|Swords Dance|p2a: Scizor
|-boost|p2a: Scizor|atk|2
|
|upkeep
|turn|16
|
|t:|1716308030
|move|p2a: Scizor|Bullet Punch|p1a: Dragonite
|-damage|p1a: Dragonite|61/100
|-damage|p2a: Scizor|41/100|[from] item: Life Orb
|move|p1a: Dragonite|Roost|p1a: Dragonite
|-heal|p1a: Dragonite|100/100
|-singleturn|p1a: Dragonite|move: Roost
|
|upkeep
|turn|17
|
|t:|1716308045
|switch|p2a: Kyurem|Kyurem-Black|100/100
|-ability|p2a: Kyurem|Teravolt
|move|p1a: Dragonite|Substitute|p1a: Dragonite
|-start|p1a: Dragonite|Substitute
|-damage|p1a: Dragonite|76/100
|
|-heal|p1a: Dragonite|82/100|[from] item: Leftovers
|upkeep
|turn|18
|
|t:|1716308051
|move|p1a: Dragonite|Dragon Dance|p1a: Dragonite
|-boost|p1a: Dragonite|atk|1
|-boost|p1a: Dragonite|spe|1
|move|p2a: Kyurem|Ice Beam|p1a: Dragonite
|-supereffective|p1a: Dragonite
|-end|p1a: Dragonite|Substitute
|
|-heal|p1a: Dragonite|88/100|[from] item: Leftovers
|upkeep
|turn|19
|
|t:|1716308061
|switch|p2a: Scizor|Scizor, M|41/100
|move|p1a: Dragonite|Dragon Claw|p2a: Scizor
|-resisted|p2a: Scizor
|-damage|p2a: Scizor|0 fnt
|faint|p2a: Scizor
|
|-heal|p1a: Dragonite|94/100|[from] item: Leftovers
|upkeep
|
|t:|1716308066
|switch|p2a: Victini|Victini|100/100
|turn|20
|
|t:|1716308086
|move|p1a: Dragonite|Substitute|p1a: Dragonite
|-start|p1a: Dragonite|Substitute
|-damage|p1a: Dragonite|69/100
|move|p2a: Victini|Bolt Strike|p1a: Dragonite
|-end|p1a: Dragonite|Substitute
|
|-heal|p1a: Dragonite|76/100|[from] item: Leftovers
|upkeep
|turn|21
|
|t:|1716308098
|move|p1a: Dragonite|Substitute|p1a: Dragonite
|-start|p1a: Dragonite|Substitute
|-damage|p1a: Dragonite|51/100
|move|p2a: Victini|Bolt Strike|p1a: Dragonite
|-activate|p1a: Dragonite|Substitute|[damage]
|
|-heal|p1a: Dragonite|57/100|[from] item: Leftovers
|upkeep
|turn|22
|inactive|Silexius has 120 seconds left.
|inactive|Silexius has 90 seconds left.
|c|☆DJ CRIB DEF|Gg
|inactive|Silexius has 60 seconds left.
|inactive|Silexius has 30 seconds left.
|inactive|Silexius has 20 seconds left.
|inactive|Silexius has 15 seconds left.
|inactive|Silexius has 10 seconds left.
|inactive|Silexius has 5 seconds left.
|-message|Silexius lost due to inactivity.
|
|win|DJ CRIB DEF
|raw|DJ CRIB DEF's rating: 1329 &rarr; <strong>1349</strong><br />(+20 for winning)
|raw|Silexius's rating: 1321 &rarr; <strong>1301</strong><br />(-20 for losing)
|l| bellula
|l|☆Silexius
|player|p2|
|j| sk8head
|l| sk8head
|j| sk8head
|l| sk8head
