|j|☆lsc29
|j|☆For 4LOM
|t:|1718567164
|gametype|singles
|player|p1|lsc29|lucas|1632
|player|p2|For 4LOM|unknownf|1503
|teamsize|p1|6
|teamsize|p2|6
|gen|5
|tier|[Gen 5] OU
|rated|
|rule|Species Clause: Limit one of each Pokémon
|rule|OHKO Clause: OHKO moves are banned
|rule|Moody Clause: Moody is banned
|rule|Evasion Items Clause: Evasion items are banned
|rule|Evasion Moves Clause: Evasion moves are banned
|rule|Endless Battle Clause: Forcing endless battles is banned
|rule|HP Percentage Mod: HP is shown in percentages
|rule|Evasion Abilities Clause: Evasion abilities are banned
|rule|Sleep Moves Clause: Sleep-inducing moves are banned
|rule|Swagger Clause: Swagger is banned
|rule|Baton Pass Stat Clause: No Baton Passer may have a way to boost its stats
|clearpoke
|poke|p1|Abomasnow, F|item
|poke|p1|Gliscor, F|item
|poke|p1|Mamoswine, M|item
|poke|p1|Starmie|item
|poke|p1|Jellicent, M|item
|poke|p1|Forretress, M|item
|poke|p2|Skarmory, M|item
|poke|p2|Jellicent, F|item
|poke|p2|Landorus-Therian, M|item
|poke|p2|Lucario, M|item
|poke|p2|Tyranitar, M|item
|poke|p2|Alakazam, M|item
|teampreview
|inactive|Battle timer is ON: inactive players will automatically lose when time's up. (requested by lsc29)
|
|t:|1718567194
|start
|switch|p1a: Forretress|Forretress, M|100/100
|switch|p2a: Skarmory|Skarmory, M|100/100
|turn|1
|
|t:|1718567200
|move|p2a: Skarmory|Taunt|p1a: Forretress
|-start|p1a: Forretress|move: Taunt
|cant|p1a: Forretress|move: Taunt|Spikes
|
|upkeep
|turn|2
|
|t:|1718567205
|switch|p2a: Jellicent|Jellicent, F|100/100
|-item|p2a: Jellicent|Air Balloon
|move|p1a: Forretress|Volt Switch|p2a: Jellicent
|-supereffective|p2a: Jellicent
|-damage|p2a: Jellicent|86/100
|-enditem|p2a: Jellicent|Air Balloon
|
|t:|1718567212
|switch|p1a: Abomasnow|Abomasnow, F|100/100|[from] Volt Switch
|-weather|Hail|[from] ability: Snow Warning|[of] p1a: Abomasnow
|
|-weather|Hail|[upkeep]
|-damage|p2a: Jellicent|79/100|[from] Hail
|upkeep
|turn|3
|
|t:|1718567219
|move|p2a: Jellicent|Will-O-Wisp|p1a: Abomasnow
|-status|p1a: Abomasnow|brn
|move|p1a: Abomasnow|Giga Drain|p2a: Jellicent
|-supereffective|p2a: Jellicent
|-damage|p2a: Jellicent|27/100
|
|-weather|Hail|[upkeep]
|-damage|p2a: Jellicent|21/100|[from] Hail
|-damage|p1a: Abomasnow|88/100 brn|[from] brn
|upkeep
|turn|4
|
|t:|1718567225
|switch|p2a: Skarmory|Skarmory, M|100/100
|move|p1a: Abomasnow|Giga Drain|p2a: Skarmory
|-resisted|p2a: Skarmory
|-damage|p2a: Skarmory|87/100
|-heal|p1a: Abomasnow|93/100 brn|[from] drain|[of] p2a: Skarmory
|
|-weather|Hail|[upkeep]
|-damage|p2a: Skarmory|80/100|[from] Hail
|-heal|p1a: Abomasnow|99/100 brn|[from] item: Leftovers
|-damage|p1a: Abomasnow|87/100 brn|[from] brn
|upkeep
|turn|5
|
|t:|1718567229
|move|p2a: Skarmory|Stealth Rock|p1a: Abomasnow
|-sidestart|p1: lsc29|move: Stealth Rock
|move|p1a: Abomasnow|Blizzard|p2a: Skarmory
|-damage|p2a: Skarmory|0 fnt
|faint|p2a: Skarmory
|
|-weather|Hail|[upkeep]
|-heal|p1a: Abomasnow|93/100 brn|[from] item: Leftovers
|-damage|p1a: Abomasnow|81/100 brn|[from] brn
|upkeep
|
|t:|1718567233
|switch|p2a: Tyranitar|Tyranitar, M|100/100
|-weather|Sandstorm|[from] ability: Sand Stream|[of] p2a: Tyranitar
|turn|6
|
|t:|1718567237
|switch|p1a: Forretress|Forretress, M|100/100
|-damage|p1a: Forretress|88/100|[from] Stealth Rock
|move|p2a: Tyranitar|Ice Beam|p1a: Forretress
|-resisted|p1a: Forretress
|-damage|p1a: Forretress|72/100
|
|-weather|Sandstorm|[upkeep]
|-heal|p1a: Forretress|78/100|[from] item: Leftovers
|upkeep
|turn|7
|
|t:|1718567242
|switch|p2a: Landorus|Landorus-Therian, M|100/100
|-ability|p2a: Landorus|Intimidate|boost
|-unboost|p1a: Forretress|atk|1
|switch|p1a: Gliscor|Gliscor, F|100/100
|-damage|p1a: Gliscor|88/100|[from] Stealth Rock
|
|-weather|Sandstorm|[upkeep]
|-status|p1a: Gliscor|tox|[from] item: Toxic Orb
|upkeep
|turn|8
|
|t:|1718567248
|switch|p2a: Jellicent|Jellicent, F|21/100
|move|p1a: Gliscor|Protect||[still]
|-fail|p1a: Gliscor
|
|-weather|Sandstorm|[upkeep]
|-damage|p2a: Jellicent|15/100|[from] Sandstorm
|-heal|p1a: Gliscor|100/100 tox|[from] ability: Poison Heal
|upkeep
|turn|9
|
|t:|1718567252
|move|p1a: Gliscor|Earthquake|p2a: Jellicent
|-damage|p2a: Jellicent|0 fnt
|faint|p2a: Jellicent
|
|-weather|Sandstorm|[upkeep]
|upkeep
|
|t:|1718567258
|switch|p2a: Alakazam|Alakazam, M|100/100
|turn|10
|
|t:|1718567262
|switch|p1a: Jellicent|Jellicent, M|100/100
|-damage|p1a: Jellicent|88/100|[from] Stealth Rock
|move|p2a: Alakazam|Hidden Power|p1a: Jellicent
|-resisted|p1a: Jellicent
|-damage|p1a: Jellicent|77/100
|
|-weather|Sandstorm|[upkeep]
|-damage|p1a: Jellicent|71/100|[from] Sandstorm
|-heal|p1a: Jellicent|77/100|[from] item: Leftovers
|upkeep
|turn|11
|
|t:|1718567269
|switch|p2a: Landorus|Landorus-Therian, M|100/100
|-ability|p2a: Landorus|Intimidate|boost
|-unboost|p1a: Jellicent|atk|1
|move|p1a: Jellicent|Recover|p1a: Jellicent
|-heal|p1a: Jellicent|100/100
|
|-weather|Sandstorm|[upkeep]
|-damage|p1a: Jellicent|94/100|[from] Sandstorm
|-heal|p1a: Jellicent|100/100|[from] item: Leftovers
|upkeep
|turn|12
|
|t:|1718567276
|move|p2a: Landorus|Earthquake|p1a: Jellicent
|-crit|p1a: Jellicent
|-damage|p1a: Jellicent|13/100
|move|p1a: Jellicent|Giga Drain|p2a: Landorus
|-damage|p2a: Landorus|80/100
|-heal|p1a: Jellicent|22/100|[from] drain|[of] p2a: Landorus
|
|-weather|Sandstorm|[upkeep]
|-damage|p1a: Jellicent|15/100|[from] Sandstorm
|-heal|p1a: Jellicent|22/100|[from] item: Leftovers
|upkeep
|turn|13
|
|t:|1718567283
|switch|p2a: Alakazam|Alakazam, M|100/100
|switch|p1a: Gliscor|Gliscor, F|100/100 tox
|-damage|p1a: Gliscor|88/100 tox|[from] Stealth Rock
|
|-weather|Sandstorm|[upkeep]
|-heal|p1a: Gliscor|100/100 tox|[from] ability: Poison Heal
|upkeep
|turn|14
|inactive|lsc29 has 120 seconds left.
|
|t:|1718567330
|switch|p1a: Jellicent|Jellicent, M|22/100
|-damage|p1a: Jellicent|9/100|[from] Stealth Rock
|move|p2a: Alakazam|Hidden Power|p1a: Jellicent
|-resisted|p1a: Jellicent
|-damage|p1a: Jellicent|0 fnt
|faint|p1a: Jellicent
|
|-weather|Sandstorm|[upkeep]
|upkeep
|
|t:|1718567338
|switch|p1a: Forretress|Forretress, M|78/100
|-damage|p1a: Forretress|66/100|[from] Stealth Rock
|turn|15
|
|t:|1718567366
|switch|p2a: Landorus|Landorus-Therian, M|80/100
|-ability|p2a: Landorus|Intimidate|boost
|-unboost|p1a: Forretress|atk|1
|move|p1a: Forretress|Earthquake|p2a: Landorus
|-immune|p2a: Landorus
|
|-weather|Sandstorm|[upkeep]
|-heal|p1a: Forretress|72/100|[from] item: Leftovers
|upkeep
|turn|16
|
|t:|1718567369
|switch|p1a: Abomasnow|Abomasnow, F|81/100 brn
|-damage|p1a: Abomasnow|56/100 brn|[from] Stealth Rock
|-weather|Hail|[from] ability: Snow Warning|[of] p1a: Abomasnow
|move|p2a: Landorus|U-turn|p1a: Abomasnow
|-supereffective|p1a: Abomasnow
|-damage|p1a: Abomasnow|2/100 brn
|c|☆lsc29|Fucking
|
|t:|1718567376
|switch|p2a: Tyranitar|Tyranitar, M|100/100|[from] U-turn
|-weather|Sandstorm|[from] ability: Sand Stream|[of] p2a: Tyranitar
|
|-weather|Sandstorm|[upkeep]
|-damage|p1a: Abomasnow|0 fnt|[from] Sandstorm
|faint|p1a: Abomasnow
|upkeep
|c|☆lsc29|Phone
|
|t:|1718567383
|switch|p1a: Gliscor|Gliscor, F|100/100 tox
|-damage|p1a: Gliscor|88/100 tox|[from] Stealth Rock
|turn|17
|
|t:|1718567388
|move|p2a: Tyranitar|Ice Beam|p1a: Gliscor
|-supereffective|p1a: Gliscor
|-damage|p1a: Gliscor|11/100 tox
|move|p1a: Gliscor|U-turn|p2a: Tyranitar
|-supereffective|p2a: Tyranitar
|-damage|p2a: Tyranitar|67/100
|
|t:|1718567391
|switch|p1a: Forretress|Forretress, M|72/100|[from] U-turn
|-damage|p1a: Forretress|60/100|[from] Stealth Rock
|
|-weather|Sandstorm|[upkeep]
|-heal|p1a: Forretress|66/100|[from] item: Leftovers
|upkeep
|turn|18
|
|t:|1718567406
|switch|p2a: Landorus|Landorus-Therian, M|80/100
|-ability|p2a: Landorus|Intimidate|boost
|-unboost|p1a: Forretress|atk|1
|move|p1a: Forretress|Spikes|p2a: Landorus
|-sidestart|p2: For 4LOM|Spikes
|
|-weather|Sandstorm|[upkeep]
|-heal|p1a: Forretress|72/100|[from] item: Leftovers
|upkeep
|turn|19
|
|t:|1718567409
|move|p2a: Landorus|U-turn|p1a: Forretress
|-resisted|p1a: Forretress
|-damage|p1a: Forretress|65/100
|
|t:|1718567417
|switch|p2a: Lucario|Lucario, M|100/100|[from] U-turn
|-damage|p2a: Lucario|88/100|[from] Spikes
|move|p1a: Forretress|Spikes|p2a: Lucario
|-sidestart|p2: For 4LOM|Spikes
|
|-weather|Sandstorm|[upkeep]
|-heal|p1a: Forretress|71/100|[from] item: Leftovers
|upkeep
|turn|20
|
|t:|1718567422
|move|p2a: Lucario|Swords Dance|p2a: Lucario
|-boost|p2a: Lucario|atk|2
|move|p1a: Forretress|Earthquake|p2a: Lucario
|-supereffective|p2a: Lucario
|-damage|p2a: Lucario|40/100
|
|-weather|Sandstorm|[upkeep]
|-heal|p1a: Forretress|77/100|[from] item: Leftovers
|upkeep
|turn|21
|
|t:|1718567446
|move|p2a: Lucario|Close Combat|p1a: Forretress
|-damage|p1a: Forretress|0 fnt
|-unboost|p2a: Lucario|def|1
|-unboost|p2a: Lucario|spd|1
|faint|p1a: Forretress
|-damage|p2a: Lucario|30/100|[from] item: Life Orb
|
|-weather|Sandstorm|[upkeep]
|upkeep
|inactive|lsc29 has 120 seconds left.
|c|☆lsc29|Gg
|c|☆For 4LOM|gg
|c|☆lsc29|Fucking showdown deletes my rapid spin
|c|☆lsc29|Then phone
|c|☆lsc29|Clicms random insfa abomasnow
|c|☆lsc29|Sad times
|-message|lsc29 forfeited.
|
|win|For 4LOM
|raw|lsc29's rating: 1632 &rarr; <strong>1605</strong><br />(-27 for losing)
|raw|For 4LOM's rating: 1503 &rarr; <strong>1530</strong><br />(+27 for winning)
|l|☆lsc29
|player|p1|
||Ladder isn't responding, score probably updated but might not have (getaddrinfo EAI_AGAIN play.pokemonshowdown.com).
