|j|Usatoday
|j|Crimson-flaire
|player|p1|Usatoday|169
|player|p2|Crimson-flaire|90
|gametype|singles
|gen|5
|tier|[Gen 5] OU
|rated
|seed|
|rule|Evasion Abilities Clause: Evasion abilities are banned
|rule|Baton Pass Clause: Limit one Baton Passer, can't pass Spe and other stats simultaneously
|clearpoke
|poke|p1|Politoed, M|item
|poke|p1|Donphan, M|item
|poke|p1|Tornadus, M|item
|poke|p1|Keldeo-Resolute|item
|poke|p1|Froslass, F|item
|poke|p1|Scizor, F|item
|poke|p2|Infernape, M|item
|poke|p2|Tyranitar, M|item
|poke|p2|Keldeo|item
|poke|p2|Garchomp, M|item
|poke|p2|Scizor, M|item
|poke|p2|Reuniclus, M|item
|rule|Sleep Clause Mod: Limit one foe put to sleep
|rule|Species Clause: Limit one of each Pokémon
|rule|OHKO Clause: OHKO moves are banned
|rule|Moody Clause: Moody is banned
|rule|Evasion Moves Clause: Evasion moves are banned
|rule|Endless Battle Clause: Forcing endless battles is banned
|rule|HP Percentage Mod: HP is shown in percentages
|teampreview
|j|NoobsFaDays
|choice||
|
|start
|switch|p1a: Froslass|Froslass, F|100/100
|switch|p2a: Infernape|Infernape, M|100/100
|turn|1
|choice||
|
|move|p1a: Froslass|Spikes|p2a: Infernape
|-sidestart|p2: Crimson-flaire|Spikes
|move|p2a: Infernape|Fire Blast|p1a: Froslass
|-supereffective|p1a: Froslass
|-damage|p1a: Froslass|0 fnt
|faint|p1a: Froslass
|
|choice||
|
|switch|p1a: Politoed|Politoed, M|100/100
|-weather|RainDance|[from] ability: Drizzle|[of] p1a: Politoed
|turn|2
|choice||
|
|move|p2a: Infernape|Stealth Rock|p1a: Politoed
|-sidestart|p1: Usatoday|move: Stealth Rock
|move|p1a: Politoed|Scald|p2a: Infernape
|-supereffective|p2a: Infernape
|-damage|p2a: Infernape|11/100
|
|-weather|RainDance|[upkeep]
|turn|3
|choice||
|
|move|p1a: Politoed|Protect|p1a: Politoed
|-singleturn|p1a: Politoed|Protect
|move|p2a: Infernape|Endeavor|p1a: Politoed
|-activate|p1a: Politoed|Protect
|
|-weather|RainDance|[upkeep]
|turn|4
|choice||
|
|switch|p1a: Tornadus|Tornadus, M|100/100
|-damage|p1a: Tornadus|76/100|[from] Stealth Rock
|move|p2a: Infernape|Endeavor|p1a: Tornadus
|-damage|p1a: Tornadus|13/100
|
|-weather|RainDance|[upkeep]
|turn|5
|choice||
|
|switch|p2a: Tyranitar|Tyranitar, M|100/100
|-damage|p2a: Tyranitar|88/100|[from] Spikes
|-weather|Sandstorm|[from] ability: Sand Stream|[of] p2a: Tyranitar
|move|p1a: Tornadus|Hurricane|p2a: Tyranitar
|-resisted|p2a: Tyranitar
|-damage|p2a: Tyranitar|62/100
|
|-weather|Sandstorm|[upkeep]
|-damage|p1a: Tornadus|7/100|[from] sandstorm
|turn|6
|choice||
|
|move|p2a: Tyranitar|Pursuit|p1a: Tornadus
|-damage|p1a: Tornadus|0 fnt
|faint|p1a: Tornadus
|
|-weather|Sandstorm|[upkeep]
|choice||
|
|switch|p1a: Donphan|Donphan, M|100/100
|-damage|p1a: Donphan|94/100|[from] Stealth Rock
|turn|7
|choice||
|
|switch|p2a: Keldeo|Keldeo|100/100
|-damage|p2a: Keldeo|88/100|[from] Spikes
|move|p1a: Donphan|Rapid Spin|p2a: Keldeo
|-damage|p2a: Keldeo|81/100
|-sideend|p1: Usatoday|Stealth Rock|[from] move: Rapid Spin|[of] p1a: Donphan
|
|-weather|Sandstorm|[upkeep]
|-damage|p2a: Keldeo|75/100|[from] sandstorm
|-heal|p1a: Donphan|100/100|[from] item: Leftovers
|turn|8
|choice||
|
|switch|p2a: Infernape|Infernape, M|11/100
|-damage|p2a: Infernape|0 fnt|[from] Spikes
|faint|p2a: Infernape
|switch|p1a: Politoed|Politoed, M|100/100
|-weather|RainDance|[from] ability: Drizzle|[of] p1a: Politoed
|
|-weather|RainDance|[upkeep]
|choice||
|
|switch|p2a: Reuniclus|Reuniclus, M|100/100
|turn|9
|choice||
|
|switch|p1a: Scizor|Scizor, F|100/100
|move|p2a: Reuniclus|Calm Mind|p2a: Reuniclus
|-boost|p2a: Reuniclus|spa|1
|-boost|p2a: Reuniclus|spd|1
|
|-weather|RainDance|[upkeep]
|turn|10
|choice||
|
|move|p1a: Scizor|U-turn|p2a: Reuniclus
|-supereffective|p2a: Reuniclus
|-damage|p2a: Reuniclus|20/100
|choice||
|
|switch|p1a: Politoed|Politoed, M|100/100
|move|p2a: Reuniclus|Recover|p2a: Reuniclus
|-heal|p2a: Reuniclus|70/100
|
|-weather|RainDance|[upkeep]
|-heal|p2a: Reuniclus|76/100|[from] item: Leftovers
|turn|11
|choice||
|
|switch|p1a: Scizor|Scizor, F|100/100
|move|p2a: Reuniclus|Focus Blast|p1a: Scizor
|-damage|p1a: Scizor|38/100
|
|-weather|RainDance|[upkeep]
|-heal|p2a: Reuniclus|82/100|[from] item: Leftovers
|turn|12
|choice||
|
|-activate|p2a: Reuniclus|move: Pursuit
|move|p1a: Scizor|Pursuit|p2a: Reuniclus|[from]Pursuit
|-supereffective|p2a: Reuniclus
|-damage|p2a: Reuniclus|24/100
|switch|p2a: Garchomp|Garchomp, M|100/100
|-damage|p2a: Garchomp|88/100|[from] Spikes
|
|-weather|RainDance|[upkeep]
|turn|13
|choice||
|
|switch|p1a: Donphan|Donphan, M|100/100
|move|p2a: Garchomp|Earthquake|p1a: Donphan
|-damage|p1a: Donphan|73/100
|
|-weather|RainDance|[upkeep]
|-heal|p1a: Donphan|79/100|[from] item: Leftovers
|turn|14
|choice||
|
|move|p2a: Garchomp|Earthquake|p1a: Donphan
|-damage|p1a: Donphan|49/100
|move|p1a: Donphan|Earthquake|p2a: Garchomp
|-damage|p2a: Garchomp|48/100
|
|-weather|RainDance|[upkeep]
|-heal|p1a: Donphan|55/100|[from] item: Leftovers
|turn|15
|choice||
|
|move|p1a: Donphan|Ice Shard|p2a: Garchomp
|-supereffective|p2a: Garchomp
|-damage|p2a: Garchomp|6/100
|move|p2a: Garchomp|Earthquake|p1a: Donphan
|-crit|p1a: Donphan
|-damage|p1a: Donphan|0 fnt
|faint|p1a: Donphan
|
|-weather|RainDance|[upkeep]
|choice||
|
|switch|p1a: Keldeo|Keldeo-Resolute|100/100
|turn|16
|choice||
|
|move|p1a: Keldeo|Surf|p2a: Garchomp
|-damage|p2a: Garchomp|0 fnt
|faint|p2a: Garchomp
|
|-weather|RainDance|[upkeep]
|choice||
|
|switch|p2a: Keldeo|Keldeo|75/100
|-damage|p2a: Keldeo|62/100|[from] Spikes
|turn|17
|choice||
|
|move|p1a: Keldeo|Surf|p2a: Keldeo
|-resisted|p2a: Keldeo
|-damage|p2a: Keldeo|19/100
|move|p2a: Keldeo|Secret Sword|p1a: Keldeo
|-damage|p1a: Keldeo|49/100
|
|-weather|RainDance|[upkeep]
|turn|18
|choice||
|
|move|p2a: Keldeo|Secret Sword|p1a: Keldeo
|-damage|p1a: Keldeo|0 fnt
|faint|p1a: Keldeo
|
|-weather|RainDance|[upkeep]
|choice||
|
|switch|p1a: Scizor|Scizor, F|38/100
|turn|19
|choice||
|
|move|p1a: Scizor|Bullet Punch|p2a: Keldeo
|-resisted|p2a: Keldeo
|-damage|p2a: Keldeo|0 fnt
|faint|p2a: Keldeo
|
|-weather|RainDance|[upkeep]
|choice||
|
|switch|p2a: Scizor|Scizor, M|100/100
|-damage|p2a: Scizor|88/100|[from] Spikes
|turn|20
|choice||
|
|move|p1a: Scizor|Bullet Punch|p2a: Scizor
|-resisted|p2a: Scizor
|-damage|p2a: Scizor|60/100
|move|p2a: Scizor|Superpower|p1a: Scizor
|-damage|p1a: Scizor|0 fnt
|-unboost|p2a: Scizor|atk|1
|-unboost|p2a: Scizor|def|1
|-damage|p2a: Scizor|50/100|[from] item: Life Orb
|faint|p1a: Scizor
|
|-weather|RainDance|[upkeep]
|choice||
|
|switch|p1a: Politoed|Politoed, M|100/100
|turn|21
|choice||
|
|switch|p2a: Reuniclus|Reuniclus, M|24/100
|move|p1a: Politoed|Scald|p2a: Reuniclus
|-damage|p2a: Reuniclus|0 fnt
|faint|p2a: Reuniclus
|
|-weather|RainDance|[upkeep]
|choice||
|
|switch|p2a: Tyranitar|Tyranitar, M|62/100
|-damage|p2a: Tyranitar|50/100|[from] Spikes
|-weather|Sandstorm|[from] ability: Sand Stream|[of] p2a: Tyranitar
|turn|22
|choice||
|
|move|p2a: Tyranitar|Crunch|p1a: Politoed
|-damage|p1a: Politoed|69/100
|move|p1a: Politoed|Scald|p2a: Tyranitar
|-supereffective|p2a: Tyranitar
|-damage|p2a: Tyranitar|18/100
|
|-weather|Sandstorm|[upkeep]
|-damage|p1a: Politoed|63/100|[from] sandstorm
|-heal|p1a: Politoed|69/100|[from] item: Leftovers
|turn|23
|choice||
|
|move|p2a: Tyranitar|Crunch|p1a: Politoed
|-damage|p1a: Politoed|38/100
|move|p1a: Politoed|Scald|p2a: Tyranitar
|-supereffective|p2a: Tyranitar
|-damage|p2a: Tyranitar|0 fnt
|faint|p2a: Tyranitar
|
|-weather|Sandstorm|[upkeep]
|-damage|p1a: Politoed|32/100|[from] sandstorm
|-heal|p1a: Politoed|38/100|[from] item: Leftovers
|choice||
|
|switch|p2a: Scizor|Scizor, M|50/100
|-damage|p2a: Scizor|38/100|[from] Spikes
|turn|24
|choice||
|
|move|p1a: Politoed|Scald|p2a: Scizor
|-damage|p2a: Scizor|6/100
|move|p2a: Scizor|Superpower|p1a: Politoed
|-damage|p1a: Politoed|0 fnt
|-unboost|p2a: Scizor|atk|1
|-unboost|p2a: Scizor|def|1
|-damage|p2a: Scizor|0 fnt|[from] item: Life Orb
|faint|p1a: Politoed
|faint|p2a: Scizor
|
|win|Crimson-flaire
|player|p1
|player|p2
|raw|Usatoday's rating: 1365 &rarr; <strong>1340</strong><br />(-25 for losing)
|raw|Crimson-flaire's rating: 1290 &rarr; <strong>1321</strong><br />(+31 for winning)
|c|★Crimson-flaire|gg