|j|☆Toast02
|j|☆JoeJoe's Bizarre
|t:|1598750343
|player|p1|Toast02|guitarist|1397
|player|p2|JoeJoe's Bizarre|170|1266
|teamsize|p1|6
|teamsize|p2|6
|gametype|singles
|gen|5
|tier|[Gen 5] OU
|rated|
|clearpoke
|poke|p1|Ferrothorn, M|item
|poke|p1|Starmie|item
|poke|p1|Scizor, F|item
|poke|p1|Politoed, M|item
|poke|p1|Thundurus-Therian, M|item
|poke|p1|Toxicroak, M|item
|poke|p2|Mamoswine, M|item
|poke|p2|Magnezone|item
|poke|p2|Latios, M|item
|poke|p2|Garchomp, F|item
|poke|p2|Scizor, M|item
|poke|p2|Dragonite, F|item
|rule|Species Clause: Limit one of each Pokémon
|rule|OHKO Clause: OHKO moves are banned
|rule|Moody Clause: Moody is banned
|rule|Evasion Moves Clause: Evasion moves are banned
|rule|Endless Battle Clause: Forcing endless battles is banned
|rule|HP Percentage Mod: HP is shown in percentages
|rule|Evasion Abilities Clause: Evasion abilities are banned
|rule|Baton Pass Clause: Limit one Baton Passer, can't pass Spe and other stats simultaneously
|rule|Sleep Clause: Sleep-inducing moves are banned
|rule|Swagger Clause: Swagger is banned
|teampreview
|
|t:|1598750362
|start
|switch|p1a: Thundurus|Thundurus-Therian, M|100/100
|switch|p2a: Magnezone|Magnezone|100/100
|-item|p2a: Magnezone|Air Balloon
|turn|1
|inactive|Battle timer is ON: inactive players will automatically lose when time's up. (requested by JoeJoe's Bizarre)
|
|t:|1598750371
|move|p1a: Thundurus|Focus Blast|p2a: Magnezone
|-supereffective|p2a: Magnezone
|-damage|p2a: Magnezone|0 fnt
|-enditem|p2a: Magnezone|Air Balloon
|-damage|p1a: Thundurus|91/100|[from] item: Life Orb
|faint|p2a: Magnezone
|
|upkeep
|c|☆Toast02|oh thank god
|c|☆Toast02|Mag wrecks my team so hard
|
|t:|1598750384
|switch|p2a: Dragonite|Dragonite, F|100/100
|turn|2
|j| sandwichaufromage
|c|☆JoeJoe's Bizarre|lmao
|
|t:|1598750398
|move|p1a: Thundurus|Hidden Power|p2a: Dragonite
|-supereffective|p2a: Dragonite
|-damage|p2a: Dragonite|16/100
|-damage|p1a: Thundurus|81/100|[from] item: Life Orb
|move|p2a: Dragonite|Dragon Dance|p2a: Dragonite
|-boost|p2a: Dragonite|atk|1
|-boost|p2a: Dragonite|spe|1
|
|upkeep
|turn|3
|
|t:|1598750410
|switch|p1a: Ferrothorn|Ferrothorn, M|100/100
|move|p2a: Dragonite|Roost|p2a: Dragonite
|-heal|p2a: Dragonite|66/100
|-singleturn|p2a: Dragonite|move: Roost
|
|upkeep
|turn|4
|l| sandwichaufromage
|
|t:|1598750424
|move|p2a: Dragonite|Roost|p2a: Dragonite
|-heal|p2a: Dragonite|100/100
|-singleturn|p2a: Dragonite|move: Roost
|move|p1a: Ferrothorn|Stealth Rock|p2a: Dragonite
|-sidestart|p2: JoeJoe's Bizarre|move: Stealth Rock
|
|upkeep
|turn|5
|
|t:|1598750433
|move|p2a: Dragonite|Dragon Dance|p2a: Dragonite
|-boost|p2a: Dragonite|atk|1
|-boost|p2a: Dragonite|spe|1
|move|p1a: Ferrothorn|Leech Seed|p2a: Dragonite
|-start|p2a: Dragonite|move: Leech Seed
|
|-damage|p2a: Dragonite|88/100|[from] Leech Seed|[of] p1a: Ferrothorn
|upkeep
|turn|6
|
|t:|1598750440
|move|p2a: Dragonite|Dragon Dance|p2a: Dragonite
|-boost|p2a: Dragonite|atk|1
|-boost|p2a: Dragonite|spe|1
|move|p1a: Ferrothorn|Spikes|p2a: Dragonite
|-sidestart|p2: JoeJoe's Bizarre|Spikes
|
|-damage|p2a: Dragonite|76/100|[from] Leech Seed|[of] p1a: Ferrothorn
|upkeep
|turn|7
|
|t:|1598750447
|move|p2a: Dragonite|Dragon Dance|p2a: Dragonite
|-boost|p2a: Dragonite|atk|1
|-boost|p2a: Dragonite|spe|1
|move|p1a: Ferrothorn|Spikes|p2a: Dragonite
|-sidestart|p2: JoeJoe's Bizarre|Spikes
|
|-damage|p2a: Dragonite|63/100|[from] Leech Seed|[of] p1a: Ferrothorn
|upkeep
|turn|8
|
|t:|1598750461
|switch|p1a: Scizor|Scizor, F|100/100
|move|p2a: Dragonite|Earthquake|p1a: Scizor
|-crit|p1a: Scizor
|-damage|p1a: Scizor|0 fnt
|faint|p1a: Scizor
|
|upkeep
|
|t:|1598750472
|switch|p1a: Toxicroak|Toxicroak, M|100/100
|turn|9
|
|t:|1598750477
|move|p1a: Toxicroak|Sucker Punch||[still]
|-fail|p1a: Toxicroak
|move|p2a: Dragonite|Roost|p2a: Dragonite
|-heal|p2a: Dragonite|100/100
|-singleturn|p2a: Dragonite|move: Roost
|
|-damage|p2a: Dragonite|88/100|[from] Leech Seed|[of] p1a: Toxicroak
|upkeep
|turn|10
|
|t:|1598750485
|move|p1a: Toxicroak|Sucker Punch|p2a: Dragonite
|-damage|p2a: Dragonite|47/100
|-damage|p1a: Toxicroak|91/100|[from] item: Life Orb
|move|p2a: Dragonite|Earthquake|p1a: Toxicroak
|-supereffective|p1a: Toxicroak
|-damage|p1a: Toxicroak|0 fnt
|faint|p1a: Toxicroak
|
|upkeep
|c|☆Toast02|damn, i'm just dead lol
|
|t:|1598750496
|switch|p1a: Politoed|Politoed, M, shiny|100/100
|-weather|RainDance|[from] ability: Drizzle|[of] p1a: Politoed
|turn|11
|
|t:|1598750504
|switch|p1a: Ferrothorn|Ferrothorn, M|100/100
|move|p2a: Dragonite|Earthquake|p1a: Ferrothorn
|-damage|p1a: Ferrothorn|17/100
|
|-weather|RainDance|[upkeep]
|-heal|p1a: Ferrothorn|24/100|[from] item: Leftovers
|-damage|p2a: Dragonite|34/100|[from] Leech Seed|[of] p1a: Ferrothorn
|-heal|p1a: Ferrothorn|35/100|[silent]
|upkeep
|turn|12
|
|t:|1598750513
|switch|p1a: Thundurus|Thundurus-Therian, M|81/100
|move|p2a: Dragonite|Roost|p2a: Dragonite
|-heal|p2a: Dragonite|84/100
|-singleturn|p2a: Dragonite|move: Roost
|
|-weather|RainDance|[upkeep]
|-damage|p2a: Dragonite|72/100|[from] Leech Seed|[of] p1a: Thundurus
|-heal|p1a: Thundurus|94/100|[silent]
|upkeep
|turn|13
|
|t:|1598750524
|move|p2a: Dragonite|Outrage|p1a: Thundurus
|-damage|p1a: Thundurus|0 fnt
|faint|p1a: Thundurus
|
|-weather|RainDance|[upkeep]
|upkeep
|
|t:|1598750530
|switch|p1a: Ferrothorn|Ferrothorn, M|35/100
|turn|14
|
|t:|1598750535
|move|p2a: Dragonite|Outrage|p1a: Ferrothorn|[from]lockedmove
|-resisted|p1a: Ferrothorn
|-damage|p1a: Ferrothorn|0 fnt
|-damage|p2a: Dragonite|60/100|[from] ability: Iron Barbs|[of] p1a: Ferrothorn
|-start|p2a: Dragonite|confusion|[fatigue]
|faint|p1a: Ferrothorn
|-enditem|p2a: Dragonite|Lum Berry|[eat]
|-end|p2a: Dragonite|confusion
|
|-weather|RainDance|[upkeep]
|upkeep
|
|t:|1598750546
|switch|p1a: Starmie|Starmie, shiny|100/100
|turn|15
|
|t:|1598750552
|move|p2a: Dragonite|Outrage|p1a: Starmie
|-damage|p1a: Starmie|0 fnt
|faint|p1a: Starmie
|
|-weather|RainDance|[upkeep]
|upkeep
|c|☆JoeJoe's Bizarre|gg
|c|☆Toast02|gg
|
|t:|1598750558
|switch|p1a: Politoed|Politoed, M, shiny|100/100
|turn|16
|
|t:|1598750563
|move|p2a: Dragonite|Outrage|p1a: Politoed|[from]lockedmove
|-damage|p1a: Politoed|0 fnt
|-start|p2a: Dragonite|confusion|[fatigue]
|faint|p1a: Politoed
|
|win|JoeJoe's Bizarre
|raw|Toast02's rating: 1397 &rarr; <strong>1370</strong><br />(-27 for losing)
|raw|JoeJoe&apos;s Bizarre's rating: 1266 &rarr; <strong>1300</strong><br />(+34 for winning)
|l|☆Toast02
