|j|☆vaipeixe
|j|☆elodin
|player|p1|vaipeixe|teammagmagruntf-gen3|1533
|player|p2|elodin|113|1362
|teamsize|p1|6
|teamsize|p2|6
|gametype|singles
|gen|5
|tier|[Gen 5] OU
|rated|
|clearpoke
|poke|p1|Jirachi|item
|poke|p1|Kyurem-Black|item
|poke|p1|Latios, M|item
|poke|p1|Magnezone|item
|poke|p1|Dragonite, M|item
|poke|p1|Garchomp, F|item
|poke|p2|Politoed, M|item
|poke|p2|Dragonite, M|item
|poke|p2|Starmie|item
|poke|p2|Gyarados, F|item
|poke|p2|Ferrothorn, M|item
|poke|p2|Excadrill, M|item
|rule|Species Clause: Limit one of each Pokémon
|rule|OHKO Clause: OHKO moves are banned
|rule|Moody Clause: Moody is banned
|rule|Evasion Moves Clause: Evasion moves are banned
|rule|Endless Battle Clause: Forcing endless battles is banned
|rule|HP Percentage Mod: HP is shown in percentages
|rule|Evasion Abilities Clause: Evasion abilities are banned
|rule|Baton Pass Clause: Limit one Baton Passer, can't pass Spe and other stats simultaneously
|rule|Sleep Clause: Sleep-inducing moves are banned
|rule|Swagger Clause: Swagger is banned
|teampreview
|inactive|Battle timer is ON: inactive players will automatically lose when time's up. (requested by elodin)
|
|start
|switch|p1a: Kyurem|Kyurem-Black|100/100
|switch|p2a: Starmie|Starmie|100/100
|-ability|p1a: Kyurem|Teravolt
|turn|1
|
|move|p2a: Starmie|Trick|p1a: Kyurem
|-activate|p2a: Starmie|move: Trick|[of] p1a: Kyurem
|-item|p1a: Kyurem|Flame Orb|[from] move: Trick
|-item|p2a: Starmie|Choice Band|[from] move: Trick
|move|p1a: Kyurem|Outrage|p2a: Starmie
|-damage|p2a: Starmie|0 fnt
|faint|p2a: Starmie
|
|-status|p1a: Kyurem|brn|[from] item: Flame Orb
|upkeep
|
|switch|p2a: Ferrothorn|Ferrothorn, M|100/100
|turn|2
|
|move|p1a: Kyurem|Outrage|p2a: Ferrothorn|[from]lockedmove
|-resisted|p2a: Ferrothorn
|-damage|p2a: Ferrothorn|84/100
|-damage|p1a: Kyurem|88/100 brn|[from] ability: Iron Barbs|[of] p2a: Ferrothorn
|-start|p1a: Kyurem|confusion|[fatigue]
|move|p2a: Ferrothorn|Stealth Rock|p1a: Kyurem
|-sidestart|p1: vaipeixe|move: Stealth Rock
|
|-heal|p2a: Ferrothorn|91/100|[from] item: Leftovers
|-damage|p1a: Kyurem|76/100 brn|[from] brn
|upkeep
|turn|3
|
|switch|p2a: Dragonite|Dragonite, M|100/100
|-activate|p1a: Kyurem|confusion
|-damage|p1a: Kyurem|68/100 brn|[from] confusion
|
|-damage|p1a: Kyurem|56/100 brn|[from] brn
|upkeep
|turn|4
|
|-activate|p1a: Kyurem|confusion
|move|p1a: Kyurem|Ice Beam|p2a: Dragonite
|-supereffective|p2a: Dragonite
|-damage|p2a: Dragonite|0 fnt
|faint|p2a: Dragonite
|
|-damage|p1a: Kyurem|43/100 brn|[from] brn
|upkeep
|
|switch|p2a: Excadrill|Excadrill, M|100/100
|-ability|p2a: Excadrill|Mold Breaker
|turn|5
|
|move|p2a: Excadrill|Iron Head|p1a: Kyurem
|-supereffective|p1a: Kyurem
|-damage|p1a: Kyurem|0 fnt
|faint|p1a: Kyurem
|
|upkeep
|
|switch|p1a: Magnezone|Magnezone|100/100
|-damage|p1a: Magnezone|94/100|[from] Stealth Rock
|-item|p1a: Magnezone|Air Balloon
|turn|6
|
|move|p2a: Excadrill|Iron Head|p1a: Magnezone
|-resisted|p1a: Magnezone
|-damage|p1a: Magnezone|82/100
|-enditem|p1a: Magnezone|Air Balloon
|move|p1a: Magnezone|Magnet Rise|p1a: Magnezone
|-start|p1a: Magnezone|Magnet Rise
|
|upkeep
|turn|7
|
|move|p2a: Excadrill|Iron Head|p1a: Magnezone
|-resisted|p1a: Magnezone
|-damage|p1a: Magnezone|72/100
|move|p1a: Magnezone|Sunny Day|p1a: Magnezone
|-weather|SunnyDay
|
|-weather|SunnyDay|[upkeep]
|upkeep
|turn|8
|
|move|p2a: Excadrill|Iron Head|p1a: Magnezone
|-resisted|p1a: Magnezone
|-damage|p1a: Magnezone|61/100
|cant|p1a: Magnezone|flinch
|
|-weather|SunnyDay|[upkeep]
|upkeep
|turn|9
|
|move|p2a: Excadrill|Iron Head|p1a: Magnezone
|-resisted|p1a: Magnezone
|-damage|p1a: Magnezone|50/100
|cant|p1a: Magnezone|flinch
|
|-weather|SunnyDay|[upkeep]
|upkeep
|turn|10
|
|move|p2a: Excadrill|Iron Head|p1a: Magnezone
|-resisted|p1a: Magnezone
|-damage|p1a: Magnezone|39/100
|cant|p1a: Magnezone|flinch
|
|-weather|SunnyDay|[upkeep]
|-end|p1a: Magnezone|Magnet Rise
|upkeep
|turn|11
|
|move|p2a: Excadrill|Iron Head|p1a: Magnezone
|-resisted|p1a: Magnezone
|-damage|p1a: Magnezone|28/100
|cant|p1a: Magnezone|flinch
|
|-weather|none
|upkeep
|turn|12
|c|☆vaipeixe|huh
|
|move|p2a: Excadrill|Iron Head|p1a: Magnezone
|-resisted|p1a: Magnezone
|-damage|p1a: Magnezone|18/100
|cant|p1a: Magnezone|flinch
|
|upkeep
|turn|13
|
|move|p2a: Excadrill|Iron Head|p1a: Magnezone
|-resisted|p1a: Magnezone
|-damage|p1a: Magnezone|6/100
|move|p1a: Magnezone|Hidden Power|p2a: Excadrill
|-supereffective|p2a: Excadrill
|-damage|p2a: Excadrill|33/100
|
|upkeep
|turn|14
|
|move|p2a: Excadrill|Iron Head|p1a: Magnezone
|-resisted|p1a: Magnezone
|-damage|p1a: Magnezone|0 fnt
|faint|p1a: Magnezone
|
|upkeep
|
|switch|p1a: Jirachi|Jirachi|100/100
|-damage|p1a: Jirachi|94/100|[from] Stealth Rock
|turn|15
|
|switch|p2a: Ferrothorn|Ferrothorn, M|91/100
|move|p1a: Jirachi|U-turn|p2a: Ferrothorn
|-damage|p2a: Ferrothorn|80/100
|-damage|p1a: Jirachi|82/100|[from] ability: Iron Barbs|[of] p2a: Ferrothorn
|
|switch|p1a: Dragonite|Dragonite, M|100/100|[from]move: U-turn
|-damage|p1a: Dragonite|76/100|[from] Stealth Rock
|
|-heal|p2a: Ferrothorn|86/100|[from] item: Leftovers
|upkeep
|turn|16
|
|switch|p2a: Politoed|Politoed, M|100/100
|-weather|RainDance|[from] ability: Drizzle|[of] p2a: Politoed
|move|p1a: Dragonite|Dragon Dance|p1a: Dragonite
|-boost|p1a: Dragonite|atk|1
|-boost|p1a: Dragonite|spe|1
|
|-weather|RainDance|[upkeep]
|upkeep
|turn|17
|
|move|p1a: Dragonite|Outrage|p2a: Politoed
|-enditem|p1a: Dragonite|Dragon Gem|[from] gem
|-damage|p2a: Politoed|0 fnt
|faint|p2a: Politoed
|
|-weather|RainDance|[upkeep]
|upkeep
|
|switch|p2a: Ferrothorn|Ferrothorn, M|86/100
|turn|18
|
|move|p1a: Dragonite|Outrage|p2a: Ferrothorn|[from]lockedmove
|-resisted|p2a: Ferrothorn
|-damage|p2a: Ferrothorn|47/100
|-damage|p1a: Dragonite|63/100|[from] ability: Iron Barbs|[of] p2a: Ferrothorn
|move|p2a: Ferrothorn|Spikes|p1a: Dragonite
|-sidestart|p1: vaipeixe|Spikes
|
|-weather|RainDance|[upkeep]
|-heal|p2a: Ferrothorn|53/100|[from] item: Leftovers
|upkeep
|turn|19
|
|move|p1a: Dragonite|Outrage|p2a: Ferrothorn|[from]lockedmove
|-resisted|p2a: Ferrothorn
|-damage|p2a: Ferrothorn|14/100
|-damage|p1a: Dragonite|51/100|[from] ability: Iron Barbs|[of] p2a: Ferrothorn
|-start|p1a: Dragonite|confusion|[fatigue]
|move|p2a: Ferrothorn|Spikes|p1a: Dragonite
|-sidestart|p1: vaipeixe|Spikes
|
|-weather|RainDance|[upkeep]
|-heal|p2a: Ferrothorn|20/100|[from] item: Leftovers
|upkeep
|turn|20
|
|switch|p2a: Excadrill|Excadrill, M|33/100
|-ability|p2a: Excadrill|Mold Breaker
|-activate|p1a: Dragonite|confusion
|-damage|p1a: Dragonite|27/100|[from] confusion
|
|-weather|RainDance|[upkeep]
|upkeep
|turn|21
|
|-activate|p1a: Dragonite|confusion
|move|p1a: Dragonite|Extreme Speed|p2a: Excadrill
|-resisted|p2a: Excadrill
|-damage|p2a: Excadrill|1/100
|move|p2a: Excadrill|Iron Head|p1a: Dragonite
|-crit|p1a: Dragonite
|-damage|p1a: Dragonite|0 fnt
|faint|p1a: Dragonite
|
|-weather|RainDance|[upkeep]
|upkeep
|
|switch|p1a: Jirachi|Jirachi|82/100
|-damage|p1a: Jirachi|76/100|[from] Stealth Rock
|-damage|p1a: Jirachi|59/100|[from] Spikes
|turn|22
|
|switch|p2a: Ferrothorn|Ferrothorn, M|20/100
|move|p1a: Jirachi|U-turn|p2a: Ferrothorn
|-damage|p2a: Ferrothorn|9/100
|-damage|p1a: Jirachi|47/100|[from] ability: Iron Barbs|[of] p2a: Ferrothorn
|
|switch|p1a: Latios|Latios, M|100/100|[from]move: U-turn
|-damage|p1a: Latios|88/100|[from] Stealth Rock
|
|-weather|RainDance|[upkeep]
|-heal|p2a: Ferrothorn|16/100|[from] item: Leftovers
|upkeep
|turn|23
|
|move|p1a: Latios|Dragon Pulse|p2a: Ferrothorn
|-resisted|p2a: Ferrothorn
|-damage|p2a: Ferrothorn|0 fnt
|faint|p2a: Ferrothorn
|
|-weather|RainDance|[upkeep]
|upkeep
|
|switch|p2a: Gyarados|Gyarados, F|100/100
|-ability|p2a: Gyarados|Intimidate|boost
|-unboost|p1a: Latios|atk|1
|turn|24
|
|move|p1a: Latios|Dragon Pulse|p2a: Gyarados
|-damage|p2a: Gyarados|30/100
|move|p2a: Gyarados|Dragon Dance|p2a: Gyarados
|-boost|p2a: Gyarados|atk|1
|-boost|p2a: Gyarados|spe|1
|
|-weather|RainDance|[upkeep]
|-heal|p2a: Gyarados|36/100|[from] item: Leftovers
|upkeep
|turn|25
|
|move|p2a: Gyarados|Bounce||[still]
|-prepare|p2a: Gyarados|Bounce|p1a: Latios
|move|p1a: Latios|Dragon Pulse|p2a: Gyarados|[miss]
|-miss|p1a: Latios|p2a: Gyarados
|
|-weather|RainDance|[upkeep]
|-heal|p2a: Gyarados|42/100|[from] item: Leftovers
|upkeep
|turn|26
|
|move|p2a: Gyarados|Bounce|p1a: Latios|[from]lockedmove
|-damage|p1a: Latios|0 fnt
|faint|p1a: Latios
|
|-weather|RainDance|[upkeep]
|-heal|p2a: Gyarados|48/100|[from] item: Leftovers
|upkeep
|
|switch|p1a: Garchomp|Garchomp, F|100/100
|-damage|p1a: Garchomp|84/100|[from] Spikes
|-damage|p1a: Garchomp|78/100|[from] Stealth Rock
|turn|27
|
|switch|p2a: Excadrill|Excadrill, M|1/100
|-ability|p2a: Excadrill|Mold Breaker
|move|p1a: Garchomp|Outrage|p2a: Excadrill
|-resisted|p2a: Excadrill
|-damage|p2a: Excadrill|0 fnt
|faint|p2a: Excadrill
|
|-weather|RainDance|[upkeep]
|upkeep
|
|switch|p2a: Gyarados|Gyarados, F|48/100
|-ability|p2a: Gyarados|Intimidate|boost
|-unboost|p1a: Garchomp|atk|1
|turn|28
|
|move|p1a: Garchomp|Outrage|p2a: Gyarados|[from]lockedmove
|-damage|p2a: Gyarados|0 fnt
|-start|p1a: Garchomp|confusion|[fatigue]
|faint|p2a: Gyarados
|
|win|vaipeixe
|l|☆elodin
|raw|vaipeixe's rating: 1534 &rarr; <strong>1545</strong><br />(+11 for winning)
|raw|elodin's rating: 1363 &rarr; <strong>1352</strong><br />(-11 for losing)
