|j|kjashda
|j|banishedloneliness
|player|p1|kjashda|266
|player|p2|banishedloneliness|1
|gametype|singles
|gen|5
|tier|[Gen 5] OU
|rated
|seed|
|rule|Evasion Abilities Clause: Evasion abilities are banned
|rule|Baton Pass Clause: Limit one Baton Passer, can't pass Spe and other stats simultaneously
|rule|Swagger Clause: Swagger is banned
|clearpoke
|poke|p1|Tyranitar, M|item
|poke|p1|Heatran, F|item
|poke|p1|Starmie|item
|poke|p1|Scizor, M|item
|poke|p1|Landorus-Therian, M|item
|poke|p1|Breloom, F|item
|poke|p2|Keldeo|item
|poke|p2|Garchomp, M|item
|poke|p2|Starmie|item
|poke|p2|Latios, M|item
|poke|p2|Metagross|item
|poke|p2|Thundurus-Therian, M|item
|rule|Sleep Clause Mod: Limit one foe put to sleep
|rule|Species Clause: Limit one of each Pokémon
|rule|OHKO Clause: OHKO moves are banned
|rule|Moody Clause: Moody is banned
|rule|Evasion Moves Clause: Evasion moves are banned
|rule|Endless Battle Clause: Forcing endless battles is banned
|rule|HP Percentage Mod: HP is shown in percentages
|teampreview
|c|★banishedloneliness|hf
|c|★kjashda|u2
|c|★banishedloneliness|shoutouts hugo
|c|★kjashda|ya
|c|★banishedloneliness|xD
|c|★kjashda|who r u
|c|★banishedloneliness|<-
|j|red golden
|c|★kjashda|looks like a cosine alt
|c|★banishedloneliness|BLURI?
|c|★kjashda|no
|choice||
|
|start
|switch|p1a: Landorus|Landorus-Therian, M|100/100
|switch|p2a: Garchomp|Garchomp, M|100/100
|-ability|p1a: Landorus|Intimidate|boost
|-unboost|p2a: Garchomp|atk|1
|turn|1
|c|★kjashda|ill tell u who i am if u tell me who u r
|c|★banishedloneliness|lets play 1st
|choice||
|
|move|p1a: Landorus|Hidden Power|p2a: Garchomp
|-supereffective|p2a: Garchomp
|-damage|p2a: Garchomp|23/100
|move|p2a: Garchomp|Stealth Rock|p1a: Landorus
|-sidestart|p1: kjashda|move: Stealth Rock
|
|turn|2
|choice||
|
|switch|p1a: Starmie|Starmie|100/100
|-damage|p1a: Starmie|88/100|[from] Stealth Rock
|switch|p2a: Keldeo|Keldeo|100/100
|
|-heal|p1a: Starmie|94/100|[from] item: Leftovers
|turn|3
|choice||
|
|move|p1a: Starmie|Rapid Spin|p2a: Keldeo
|-damage|p2a: Keldeo|97/100
|-sideend|p1: kjashda|Stealth Rock|[from] move: Rapid Spin|[of] p1a: Starmie
|move|p2a: Keldeo|Hidden Power|p1a: Starmie
|-supereffective|p1a: Starmie
|-damage|p1a: Starmie|18/100
|
|-heal|p1a: Starmie|24/100|[from] item: Leftovers
|turn|4
|choice||
|
|move|p1a: Starmie|Psyshock|p2a: Keldeo
|-supereffective|p2a: Keldeo
|-damage|p2a: Keldeo|37/100
|move|p2a: Keldeo|Hidden Power|p1a: Starmie
|-supereffective|p1a: Starmie
|-damage|p1a: Starmie|0 fnt
|faint|p1a: Starmie
|
|choice||
|
|switch|p1a: Breloom|Breloom, F|100/100
|turn|5
|choice||
|
|switch|p2a: Metagross|Metagross|100/100
|move|p1a: Breloom|Spore|p2a: Metagross
|-status|p2a: Metagross|slp
|
|-status|p1a: Breloom|tox|[from] item: Toxic Orb
|turn|6
|choice||
|
|switch|p2a: Thundurus|Thundurus-Therian, M|100/100
|move|p1a: Breloom|Bulk Up|p1a: Breloom
|-boost|p1a: Breloom|atk|1
|-boost|p1a: Breloom|def|1
|
|turn|7
|choice||
|
|switch|p1a: Tyranitar|Tyranitar, M|100/100
|-weather|Sandstorm|[from] ability: Sand Stream|[of] p1a: Tyranitar
|move|p2a: Thundurus|Hidden Power|p1a: Tyranitar
|-damage|p1a: Tyranitar|85/100
|
|-weather|Sandstorm|[upkeep]
|-damage|p2a: Thundurus|94/100|[from] sandstorm
|-heal|p2a: Thundurus|100/100|[from] item: Leftovers
|turn|8
|choice||
|
|switch|p2a: Garchomp|Garchomp, M|23/100
|switch|p1a: Landorus|Landorus-Therian, M|100/100
|-ability|p1a: Landorus|Intimidate|boost
|-unboost|p2a: Garchomp|atk|1
|
|-weather|Sandstorm|[upkeep]
|turn|9
|choice||
|
|switch|p2a: Metagross|Metagross|100/100 slp
|move|p1a: Landorus|U-turn|p2a: Metagross
|-damage|p2a: Metagross|79/100 slp
|choice||
|
|switch|p1a: Heatran|Heatran, F|100/100
|
|-weather|Sandstorm|[upkeep]
|turn|10
|choice||
|
|switch|p1a: Landorus|Landorus-Therian, M|100/100
|-ability|p1a: Landorus|Intimidate|boost
|-fail|p2a: Metagross|unboost|[from] ability: Clear Body|[of] p2a: Metagross
|switch|p2a: Starmie|Starmie|100/100
|
|-weather|Sandstorm|[upkeep]
|-damage|p2a: Starmie|94/100|[from] sandstorm
|turn|11
|choice||
|
|switch|p2a: Metagross|Metagross|79/100 slp
|move|p1a: Landorus|U-turn|p2a: Metagross
|-damage|p2a: Metagross|56/100 slp
|choice||
|
|switch|p1a: Heatran|Heatran, F|100/100
|
|-weather|Sandstorm|[upkeep]
|turn|12
|choice||
|
|switch|p1a: Landorus|Landorus-Therian, M|100/100
|-ability|p1a: Landorus|Intimidate|boost
|-fail|p2a: Metagross|unboost|[from] ability: Clear Body|[of] p2a: Metagross
|switch|p2a: Starmie|Starmie|94/100
|
|-weather|Sandstorm|[upkeep]
|-damage|p2a: Starmie|88/100|[from] sandstorm
|turn|13
|choice||
|
|switch|p2a: Thundurus|Thundurus-Therian, M|100/100
|move|p1a: Landorus|U-turn|p2a: Thundurus
|-resisted|p2a: Thundurus
|-damage|p2a: Thundurus|79/100
|choice||
|
|switch|p1a: Tyranitar|Tyranitar, M|85/100
|
|-weather|Sandstorm|[upkeep]
|-damage|p2a: Thundurus|73/100|[from] sandstorm
|-heal|p2a: Thundurus|79/100|[from] item: Leftovers
|turn|14
|choice||
|
|move|p2a: Thundurus|Focus Blast|p1a: Tyranitar|[miss]
|-miss|p2a: Thundurus|p1a: Tyranitar
|move|p1a: Tyranitar|Ice Beam|p2a: Thundurus
|-supereffective|p2a: Thundurus
|-damage|p2a: Thundurus|20/100
|
|-weather|Sandstorm|[upkeep]
|-damage|p2a: Thundurus|14/100|[from] sandstorm
|-heal|p2a: Thundurus|20/100|[from] item: Leftovers
|turn|15
|choice||
|
|switch|p1a: Scizor|Scizor, M|100/100
|move|p2a: Thundurus|Hidden Power|p1a: Scizor
|-resisted|p1a: Scizor
|-damage|p1a: Scizor|87/100
|
|-weather|Sandstorm|[upkeep]
|-damage|p2a: Thundurus|14/100|[from] sandstorm
|-heal|p2a: Thundurus|20/100|[from] item: Leftovers
|-heal|p1a: Scizor|93/100|[from] item: Leftovers
|turn|16
|choice||
|
|move|p1a: Scizor|Bullet Punch|p2a: Thundurus
|-resisted|p2a: Thundurus
|-crit|p2a: Thundurus
|-damage|p2a: Thundurus|0 fnt
|faint|p2a: Thundurus
|
|-weather|Sandstorm|[upkeep]
|-heal|p1a: Scizor|99/100|[from] item: Leftovers
|choice||
|
|switch|p2a: Garchomp|Garchomp, M|23/100
|turn|17
|c|★banishedloneliness|missclick
|c|★kjashda|switch to what u meant to
|c|★kjashda|ill roost
|choice||
|
|switch|p2a: Starmie|Starmie|88/100
|move|p1a: Scizor|Roost|p1a: Scizor
|-heal|p1a: Scizor|100/100
|
|-weather|Sandstorm|[upkeep]
|-damage|p2a: Starmie|82/100|[from] sandstorm
|turn|18
|c| red golden|what a lad
|c|★banishedloneliness|i aint winning
|c|★banishedloneliness|i needed the focus blast
|c|★kjashda|ye
|c|★banishedloneliness|you are shuca right
|c|★kjashda|ye
|choice||
|
|switch|p1a: Breloom|Breloom, F|100/100 tox
|move|p2a: Starmie|Hydro Pump|p1a: Breloom
|-resisted|p1a: Breloom
|-damage|p1a: Breloom|50/100 tox
|-damage|p2a: Starmie|72/100|[from] item: Life Orb
|
|-weather|Sandstorm|[upkeep]
|-damage|p2a: Starmie|66/100|[from] sandstorm
|-damage|p1a: Breloom|44/100 tox|[from] sandstorm
|-heal|p1a: Breloom|56/100 tox|[from] ability: Poison Heal
|turn|19
|choice||
|
|switch|p1a: Heatran|Heatran, F|100/100
|move|p2a: Starmie|Ice Beam|p1a: Heatran
|-resisted|p1a: Heatran
|-damage|p1a: Heatran|90/100
|-damage|p2a: Starmie|56/100|[from] item: Life Orb
|
|-weather|Sandstorm|[upkeep]
|-damage|p2a: Starmie|50/100|[from] sandstorm
|-heal|p1a: Heatran|96/100|[from] item: Leftovers
|turn|20
|choice||
|
|move|p2a: Starmie|Hydro Pump|p1a: Heatran
|-supereffective|p1a: Heatran
|-damage|p1a: Heatran|0 fnt
|-damage|p2a: Starmie|40/100|[from] item: Life Orb
|faint|p1a: Heatran
|
|-weather|Sandstorm|[upkeep]
|-damage|p2a: Starmie|34/100|[from] sandstorm
|choice||
|
|switch|p1a: Landorus|Landorus-Therian, M|100/100
|-ability|p1a: Landorus|Intimidate|boost
|-unboost|p2a: Starmie|atk|1
|turn|21
|choice||
|
|switch|p2a: Garchomp|Garchomp, M|23/100
|move|p1a: Landorus|U-turn|p2a: Garchomp
|-damage|p2a: Garchomp|0 fnt
|-damage|p1a: Landorus|88/100|[from] ability: Rough Skin|[of] p2a: Garchomp
|faint|p2a: Garchomp
|choice||
|
|switch|p1a: Scizor|Scizor, M|100/100
|
|-weather|Sandstorm|[upkeep]
|choice||
|
|switch|p2a: Keldeo|Keldeo|37/100
|turn|22
|choice||
|
|move|p2a: Keldeo|Hydro Pump|p1a: Scizor
|-damage|p1a: Scizor|42/100
|move|p1a: Scizor|Roost|p1a: Scizor
|-heal|p1a: Scizor|93/100
|
|-weather|Sandstorm|[upkeep]
|-damage|p2a: Keldeo|31/100|[from] sandstorm
|-heal|p1a: Scizor|99/100|[from] item: Leftovers
|turn|23
|choice||
|
|move|p2a: Keldeo|Hydro Pump|p1a: Scizor
|-damage|p1a: Scizor|45/100
|move|p1a: Scizor|Roost|p1a: Scizor
|-heal|p1a: Scizor|95/100
|
|-weather|Sandstorm|[upkeep]
|-damage|p2a: Keldeo|24/100|[from] sandstorm
|-heal|p1a: Scizor|100/100|[from] item: Leftovers
|turn|24
|choice||
|
|move|p2a: Keldeo|Hydro Pump|p1a: Scizor
|-damage|p1a: Scizor|37/100
|move|p1a: Scizor|Swords Dance|p1a: Scizor
|-boost|p1a: Scizor|atk|2
|
|-weather|Sandstorm|[upkeep]
|-damage|p2a: Keldeo|18/100|[from] sandstorm
|-heal|p1a: Scizor|43/100|[from] item: Leftovers
|turn|25
|choice||
|
|move|p1a: Scizor|Bullet Punch|p2a: Keldeo
|-resisted|p2a: Keldeo
|-damage|p2a: Keldeo|0 fnt
|faint|p2a: Keldeo
|
|-weather|Sandstorm|[upkeep]
|-heal|p1a: Scizor|49/100|[from] item: Leftovers
|c|★banishedloneliness|ye
|c|★banishedloneliness|gg
|c|★kjashda|gg
|-message|banishedloneliness forfeited.
|
|win|kjashda
|player|p1
|player|p2
|c|★kjashda|r we revealin now
|c|★kjashda|or wat
|raw|kjashda's rating: 1272 &rarr; <strong>1306</strong><br />(+34 for winning)
|raw|banishedloneliness's rating: 1406 &rarr; <strong>1379</strong><br />(-27 for losing)
|l|banishedloneliness
|l|kjashda