|j|☆Vanteline
|j|☆bad big bratt
|player|p1|Vanteline|251
|player|p2|bad big bratt|171
|teamsize|p1|6
|teamsize|p2|6
|gametype|singles
|gen|5
|tier|[Gen 5] OU
|rated|
|rule|Sleep Clause Mod: Limit one foe put to sleep
|rule|Species Clause: Limit one of each Pokémon
|rule|OHKO Clause: OHKO moves are banned
|rule|Moody Clause: Moody is banned
|rule|Evasion Moves Clause: Evasion moves are banned
|rule|Endless Battle Clause: Forcing endless battles is banned
|rule|HP Percentage Mod: HP is shown in percentages
|rule|Evasion Abilities Clause: Evasion abilities are banned
|rule|Baton Pass Clause: Limit one Baton Passer, can't pass Spe and other stats simultaneously
|rule|Swagger Clause: Swagger is banned
|clearpoke
|poke|p1|Ferrothorn, F|item
|poke|p1|Gyarados, M|item
|poke|p1|Thundurus-Therian, M|item
|poke|p1|Heatran, M|item
|poke|p1|Latios, M|item
|poke|p1|Conkeldurr, M|item
|poke|p2|Amoonguss, M|item
|poke|p2|Landorus-Therian, M|item
|poke|p2|Terrakion|item
|poke|p2|Rotom-Wash|item
|poke|p2|Scizor, F|item
|poke|p2|Tyranitar, M|item
|teampreview
|inactive|Battle timer is ON: inactive players will automatically lose when time's up. (requested by bad big bratt)
|
|start
|switch|p1a: Ferrothorn|Ferrothorn, F|100/100
|switch|p2a: Landorus|Landorus-Therian, M|100/100
|-ability|p2a: Landorus|Intimidate|boost
|-unboost|p1a: Ferrothorn|atk|1
|turn|1
|
|move|p2a: Landorus|U-turn|p1a: Ferrothorn
|-damage|p1a: Ferrothorn|81/100
|-damage|p2a: Landorus|88/100|[from] ability: Iron Barbs|[of] p1a: Ferrothorn
|
|switch|p2a: Tyranitar|Tyranitar, M, shiny|100/100
|-weather|Sandstorm|[from] ability: Sand Stream|[of] p2a: Tyranitar
|move|p1a: Ferrothorn|Stealth Rock|p2a: Tyranitar
|-sidestart|p2: bad big bratt|move: Stealth Rock
|
|-weather|Sandstorm|[upkeep]
|-heal|p1a: Ferrothorn|88/100|[from] item: Leftovers
|upkeep
|turn|2
|
|switch|p1a: Gyarados|Gyarados, M|100/100
|-ability|p1a: Gyarados|Intimidate|boost
|-unboost|p2a: Tyranitar|atk|1
|move|p2a: Tyranitar|Stealth Rock|p1a: Gyarados
|-sidestart|p1: Vanteline|move: Stealth Rock
|
|-weather|Sandstorm|[upkeep]
|-damage|p1a: Gyarados|94/100|[from] Sandstorm
|upkeep
|turn|3
|
|switch|p2a: Rotom|Rotom-Wash|100/100
|-damage|p2a: Rotom|88/100|[from] Stealth Rock
|move|p1a: Gyarados|Dragon Dance|p1a: Gyarados
|-boost|p1a: Gyarados|atk|1
|-boost|p1a: Gyarados|spe|1
|
|-weather|Sandstorm|[upkeep]
|-damage|p1a: Gyarados|88/100|[from] Sandstorm
|-damage|p2a: Rotom|82/100|[from] Sandstorm
|-heal|p2a: Rotom|88/100|[from] item: Leftovers
|upkeep
|turn|4
|j| Weekend Wars
|
|move|p1a: Gyarados|Stone Edge|p2a: Rotom|[miss]
|-miss|p1a: Gyarados|p2a: Rotom
|move|p2a: Rotom|Will-O-Wisp|p1a: Gyarados|[miss]
|-miss|p2a: Rotom|p1a: Gyarados
|
|-weather|Sandstorm|[upkeep]
|-damage|p1a: Gyarados|82/100|[from] Sandstorm
|-damage|p2a: Rotom|82/100|[from] Sandstorm
|-heal|p2a: Rotom|88/100|[from] item: Leftovers
|upkeep
|turn|5
|
|move|p1a: Gyarados|Stone Edge|p2a: Rotom
|-damage|p2a: Rotom|38/100
|move|p2a: Rotom|Volt Switch|p1a: Gyarados
|-supereffective|p1a: Gyarados
|-damage|p1a: Gyarados|0
|faint|p1a: Gyarados
|
|switch|p2a: Terrakion|Terrakion|100/100
|-damage|p2a: Terrakion|94/100|[from] Stealth Rock
|
|-weather|Sandstorm|[upkeep]
|upkeep
|
|switch|p1a: Conkeldurr|Conkeldurr, M|100/100
|-damage|p1a: Conkeldurr|94/100|[from] Stealth Rock
|turn|6
|
|switch|p2a: Landorus|Landorus-Therian, M|88/100
|-damage|p2a: Landorus|76/100|[from] Stealth Rock
|-ability|p2a: Landorus|Intimidate|boost
|-unboost|p1a: Conkeldurr|atk|1
|move|p1a: Conkeldurr|Ice Punch|p2a: Landorus
|-supereffective|p2a: Landorus
|-damage|p2a: Landorus|0
|faint|p2a: Landorus
|
|-weather|Sandstorm|[upkeep]
|-damage|p1a: Conkeldurr|88/100|[from] Sandstorm
|upkeep
|inactive|bad big bratt has 120 seconds left.
|
|switch|p2a: Rotom|Rotom-Wash|38/100
|-damage|p2a: Rotom|26/100|[from] Stealth Rock
|turn|7
|
|move|p1a: Conkeldurr|Mach Punch|p2a: Rotom
|-damage|p2a: Rotom|10/100
|-damage|p1a: Conkeldurr|78/100|[from] item: Life Orb
|move|p2a: Rotom|Pain Split|p1a: Conkeldurr
|-sethp|p1a: Conkeldurr|43/100|p2a: Rotom|58/100|[from] move: Pain Split
|
|-weather|Sandstorm|[upkeep]
|-damage|p2a: Rotom|52/100|[from] Sandstorm
|-damage|p1a: Conkeldurr|37/100|[from] Sandstorm
|-heal|p2a: Rotom|58/100|[from] item: Leftovers
|upkeep
|turn|8
|
|switch|p1a: Thundurus|Thundurus-Therian, M|100/100
|-damage|p1a: Thundurus|76/100|[from] Stealth Rock
|move|p2a: Rotom|Will-O-Wisp|p1a: Thundurus|[miss]
|-miss|p2a: Rotom|p1a: Thundurus
|
|-weather|Sandstorm|[upkeep]
|-damage|p1a: Thundurus|70/100|[from] Sandstorm
|-damage|p2a: Rotom|52/100|[from] Sandstorm
|-heal|p2a: Rotom|58/100|[from] item: Leftovers
|upkeep
|turn|9
|
|switch|p2a: Amoonguss|Amoonguss, M|100/100
|-damage|p2a: Amoonguss|88/100|[from] Stealth Rock
|move|p1a: Thundurus|Thunderbolt|p2a: Amoonguss
|-resisted|p2a: Amoonguss
|-damage|p2a: Amoonguss|59/100
|
|-weather|Sandstorm|[upkeep]
|-damage|p1a: Thundurus|64/100|[from] Sandstorm
|-damage|p2a: Amoonguss|53/100|[from] Sandstorm
|-heal|p2a: Amoonguss|59/100|[from] item: Black Sludge
|upkeep
|turn|10
|
|switch|p1a: Heatran|Heatran, M|100/100
|-damage|p1a: Heatran|88/100|[from] Stealth Rock
|-item|p1a: Heatran|Air Balloon
|move|p2a: Amoonguss|Spore|p1a: Heatran
|-status|p1a: Heatran|slp
|
|-weather|Sandstorm|[upkeep]
|-damage|p2a: Amoonguss|53/100|[from] Sandstorm
|-heal|p2a: Amoonguss|59/100|[from] item: Black Sludge
|upkeep
|turn|11
|
|switch|p1a: Ferrothorn|Ferrothorn, F|88/100
|-damage|p1a: Ferrothorn|81/100|[from] Stealth Rock
|switch|p2a: Terrakion|Terrakion|94/100
|-damage|p2a: Terrakion|88/100|[from] Stealth Rock
|
|-weather|Sandstorm|[upkeep]
|-heal|p1a: Ferrothorn|88/100|[from] item: Leftovers
|upkeep
|turn|12
|
|move|p2a: Terrakion|Close Combat|p1a: Ferrothorn
|-supereffective|p1a: Ferrothorn
|-damage|p1a: Ferrothorn|0
|-damage|p2a: Terrakion|76/100|[from] ability: Iron Barbs|[of] p1a: Ferrothorn
|-unboost|p2a: Terrakion|def|1
|-unboost|p2a: Terrakion|spd|1
|faint|p1a: Ferrothorn
|
|-weather|Sandstorm|[upkeep]
|upkeep
|j| top kekekkek
|
|switch|p1a: Latios|Latios, M|100/100
|-damage|p1a: Latios|88/100|[from] Stealth Rock
|turn|13
|
|switch|p2a: Rotom|Rotom-Wash|58/100
|-damage|p2a: Rotom|46/100|[from] Stealth Rock
|move|p1a: Latios|Draco Meteor|p2a: Rotom
|-damage|p2a: Rotom|0
|-unboost|p1a: Latios|spa|2
|faint|p2a: Rotom
|
|-weather|Sandstorm|[upkeep]
|-damage|p1a: Latios|82/100|[from] Sandstorm
|upkeep
|
|switch|p2a: Tyranitar|Tyranitar, M, shiny|100/100
|-damage|p2a: Tyranitar|88/100|[from] Stealth Rock
|turn|14
|
|move|p1a: Latios|Draco Meteor|p2a: Tyranitar|[miss]
|-miss|p1a: Latios|p2a: Tyranitar
|move|p2a: Tyranitar|Pursuit|p1a: Latios
|-supereffective|p1a: Latios
|-damage|p1a: Latios|28/100
|
|-weather|Sandstorm|[upkeep]
|-damage|p1a: Latios|22/100|[from] Sandstorm
|upkeep
|turn|15
|
|move|p1a: Latios|Draco Meteor|p2a: Tyranitar
|-damage|p2a: Tyranitar|62/100
|-unboost|p1a: Latios|spa|2
|move|p2a: Tyranitar|Pursuit|p1a: Latios
|-supereffective|p1a: Latios
|-damage|p1a: Latios|0
|faint|p1a: Latios
|
|-weather|Sandstorm|[upkeep]
|upkeep
|
|switch|p1a: Conkeldurr|Conkeldurr, M|37/100
|-damage|p1a: Conkeldurr|31/100|[from] Stealth Rock
|turn|16
|
|switch|p2a: Amoonguss|Amoonguss, M|93/100
|-damage|p2a: Amoonguss|80/100|[from] Stealth Rock
|move|p1a: Conkeldurr|Ice Punch|p2a: Amoonguss
|-supereffective|p2a: Amoonguss
|-damage|p2a: Amoonguss|0
|faint|p2a: Amoonguss
|
|-weather|Sandstorm|[upkeep]
|-damage|p1a: Conkeldurr|25/100|[from] Sandstorm
|upkeep
|
|switch|p2a: Scizor|Scizor, F|100/100
|-damage|p2a: Scizor|88/100|[from] Stealth Rock
|turn|17
|
|move|p2a: Scizor|Bullet Punch|p1a: Conkeldurr
|-damage|p1a: Conkeldurr|0
|-damage|p2a: Scizor|78/100|[from] item: Life Orb
|faint|p1a: Conkeldurr
|
|-weather|Sandstorm|[upkeep]
|upkeep
|
|switch|p1a: Thundurus|Thundurus-Therian, M|64/100
|-damage|p1a: Thundurus|39/100|[from] Stealth Rock
|turn|18
|
|move|p2a: Scizor|Bullet Punch|p1a: Thundurus
|-resisted|p1a: Thundurus
|-damage|p1a: Thundurus|6/100
|-damage|p2a: Scizor|68/100|[from] item: Life Orb
|move|p1a: Thundurus|Hidden Power|p2a: Scizor
|-damage|p2a: Scizor|0
|faint|p2a: Scizor
|
|-weather|Sandstorm|[upkeep]
|-damage|p1a: Thundurus|0|[from] Sandstorm
|upkeep
|faint|p1a: Thundurus
|
|switch|p1a: Heatran|Heatran, M|88/100 slp
|switch|p2a: Terrakion|Terrakion|76/100
|-damage|p2a: Terrakion|70/100|[from] Stealth Rock
|-damage|p1a: Heatran|76/100 slp|[from] Stealth Rock
|-item|p1a: Heatran|Air Balloon
|turn|19
|
|move|p2a: Terrakion|Close Combat|p1a: Heatran
|-supereffective|p1a: Heatran
|-damage|p1a: Heatran|0 slp
|-enditem|p1a: Heatran|Air Balloon
|-unboost|p2a: Terrakion|def|1
|-unboost|p2a: Terrakion|spd|1
|faint|p1a: Heatran
|
|win|bad big bratt
|raw|Vanteline's rating: 1397 &rarr; <strong>1379</strong><br />(-18 for losing)
|raw|bad big bratt's rating: 1437 &rarr; <strong>1455</strong><br />(+18 for winning)
|l|☆bad big bratt
