|j|☆chomp29
|j|☆Esurient
|t:|1735107081
|gametype|singles
|player|p1|chomp29|lucas|1379
|player|p2|Esurient|1|1358
|teamsize|p1|6
|teamsize|p2|6
|gen|5
|tier|[Gen 5] OU
|rated|
|rule|Species Clause: Limit one of each Pokémon
|rule|OHKO Clause: OHKO moves are banned
|rule|Moody Clause: Moody is banned
|rule|Evasion Items Clause: Evasion items are banned
|rule|Evasion Moves Clause: Evasion moves are banned
|rule|Endless Battle Clause: Forcing endless battles is banned
|rule|HP Percentage Mod: HP is shown in percentages
|rule|Evasion Abilities Clause: Evasion abilities are banned
|rule|Sleep Moves Clause: Sleep-inducing moves are banned
|rule|Swagger Clause: Swagger is banned
|rule|Baton Pass Stat Clause: No Baton Passer may have a way to boost its stats
|clearpoke
|poke|p1|Ferrothorn, M|item
|poke|p1|Politoed, M|item
|poke|p1|Thundurus-Therian, M|item
|poke|p1|Tornadus, M|item
|poke|p1|Breloom, M|item
|poke|p1|Starmie|item
|poke|p2|Alakazam, F|item
|poke|p2|Reuniclus, F|item
|poke|p2|Skarmory, M|item
|poke|p2|Landorus-Therian, M|item
|poke|p2|Rotom-Wash|item
|poke|p2|Tyranitar, M|item
|teampreview
|inactive|Battle timer is ON: inactive players will automatically lose when time's up. (requested by chomp29)
|
|t:|1735107107
|start
|switch|p1a: Thundurus|Thundurus-Therian, M|100/100
|switch|p2a: Rotom|Rotom-Wash|100/100
|turn|1
|
|t:|1735107110
|move|p1a: Thundurus|Thunder|p2a: Rotom
|-damage|p2a: Rotom|0 fnt
|faint|p2a: Rotom
|
|upkeep
|
|t:|1735107117
|switch|p2a: Landorus|Landorus-Therian, M|100/100
|-ability|p2a: Landorus|Intimidate|boost
|-unboost|p1a: Thundurus|atk|1
|turn|2
|
|t:|1735107123
|switch|p1a: Breloom|Breloom, M|100/100
|move|p2a: Landorus|Stealth Rock|p1a: Breloom
|-sidestart|p1: chomp29|move: Stealth Rock
|
|-status|p1a: Breloom|tox|[from] item: Toxic Orb
|upkeep
|turn|3
|
|t:|1735107131
|move|p2a: Landorus|U-turn|p1a: Breloom
|-damage|p1a: Breloom|65/100 tox
|
|t:|1735107135
|switch|p2a: Skarmory|Skarmory, M|100/100|[from] U-turn
|move|p1a: Breloom|Facade|p2a: Skarmory
|-resisted|p2a: Skarmory
|-damage|p2a: Skarmory|87/100
|-damage|p1a: Breloom|49/100 tox|[from] item: Rocky Helmet|[of] p2a: Skarmory
|
|-heal|p1a: Breloom|61/100 tox|[from] ability: Poison Heal
|upkeep
|turn|4
|
|t:|1735107152
|switch|p2a: Tyranitar|Tyranitar, M|100/100
|-weather|Sandstorm|[from] ability: Sand Stream|[of] p2a: Tyranitar
|move|p1a: Breloom|Swords Dance|p1a: Breloom
|-boost|p1a: Breloom|atk|2
|
|-weather|Sandstorm|[upkeep]
|-damage|p1a: Breloom|55/100 tox|[from] Sandstorm
|-heal|p1a: Breloom|67/100 tox|[from] ability: Poison Heal
|upkeep
|turn|5
|
|t:|1735107158
|switch|p2a: Skarmory|Skarmory, M|87/100
|move|p1a: Breloom|Superpower|p2a: Skarmory
|-damage|p2a: Skarmory|8/100
|-unboost|p1a: Breloom|atk|1
|-unboost|p1a: Breloom|def|1
|-damage|p1a: Breloom|50/100 tox|[from] item: Rocky Helmet|[of] p2a: Skarmory
|
|-weather|Sandstorm|[upkeep]
|-damage|p1a: Breloom|44/100 tox|[from] Sandstorm
|-heal|p1a: Breloom|57/100 tox|[from] ability: Poison Heal
|upkeep
|turn|6
|-message|Esurient forfeited.
|
|win|chomp29
|raw|chomp29's rating: 1379 &rarr; <strong>1398</strong><br />(+19 for winning)
|raw|Esurient's rating: 1358 &rarr; <strong>1339</strong><br />(-19 for losing)
|l|☆Esurient
|player|p2|
