|join|No Nice Names Left
|join|shadowist
|player|p1|No Nice Names Left|121
|player|p2|shadowist|269
|gametype|singles
|gen|5
|tier|[Gen 5] OU
|rated
|rule|Evasion Abilities Clause: Evasion abilities are banned
|clearpoke
|poke|p1|Tyranitar, F
|poke|p1|Jellicent, F
|poke|p1|Forretress, F
|poke|p1|Jirachi
|poke|p1|Tangrowth, F
|poke|p1|Zapdos
|poke|p2|Politoed, F
|poke|p2|Volcarona, M
|poke|p2|Gastrodon, M
|poke|p2|Toxicroak, M
|poke|p2|Starmie
|poke|p2|Ferrothorn, M
|rule|Sleep Clause Mod: Limit one foe put to sleep
|rule|Species Clause: Limit one of each Pokemon
|rule|OHKO Clause: OHKO moves are banned
|rule|Moody Clause: Moody is banned
|rule|Evasion Moves Clause: Evasion moves are banned
|rule|Endless Battle Clause: Forcing endless battles is banned.
|rule|HP Percentage Mod: HP is reported as percentages
|teampreview
|
|start
|switch|p1a: Tyranitar|Tyranitar, F|404/404
|switch|p2a: Ferrothorn|Ferrothorn, M|352/352
|-weather|Sandstorm|[from] ability: Sand Stream|[of] p1a: Tyranitar
|turn|1
|chat|No Nice Names Left|oh lolz
|
|move|p1a: Tyranitar|Superpower|p2a: Ferrothorn
|-supereffective|p2a: Ferrothorn
|-damage|p2a: Ferrothorn|196/352
|-damage|p1a: Tyranitar|354/404|[from] ability: Iron Barbs|[of] p2a: Ferrothorn
|-unboost|p1a: Tyranitar|atk|1
|-unboost|p1a: Tyranitar|def|1
|move|p2a: Ferrothorn|Stealth Rock|p1a: Tyranitar
|-sidestart|p1: No Nice Names Left|move: Stealth Rock
|
|-weather|Sandstorm|[upkeep]
|-heal|p1a: Tyranitar|379/404|[from] item: Leftovers
|-heal|p2a: Ferrothorn|218/352|[from] item: Leftovers
|turn|2
|chat|No Nice Names Left|I have looked for a match for years
|
|move|p1a: Tyranitar|Stealth Rock|p2a: Ferrothorn
|-sidestart|p2: shadowist|move: Stealth Rock
|move|p2a: Ferrothorn|Leech Seed|p1a: Tyranitar
|-start|p1a: Tyranitar|move: Leech Seed
|
|-weather|Sandstorm|[upkeep]
|-heal|p1a: Tyranitar|404/404|[from] item: Leftovers
|-heal|p2a: Ferrothorn|240/352|[from] item: Leftovers
|-damage|p1a: Tyranitar|354/404|[from] Leech Seed|[of] p2a: Ferrothorn
|-heal|p2a: Ferrothorn|290/352|[silent]
|turn|3
|
|switch|p1a: Forretress|Forretress, F|353/353
|-damage|p1a: Forretress|309/353|[from] Stealth Rock
|move|p2a: Ferrothorn|Power Whip|p1a: Forretress
|-resisted|p1a: Forretress
|-damage|p1a: Forretress|291/353
|
|-weather|Sandstorm|[upkeep]
|-heal|p2a: Ferrothorn|312/352|[from] item: Leftovers
|-heal|p1a: Forretress|313/353|[from] item: Leftovers
|turn|4
|
|switch|p2a: Starmie|Starmie|261/261
|-damage|p2a: Starmie|229/261|[from] Stealth Rock
|move|p1a: Forretress|Rapid Spin|p2a: Starmie
|-damage|p2a: Starmie|212/261
|-sideend|p1: No Nice Names Left|Stealth Rock|[from] move: Rapid Spin|[of] p1a: Forretress
|
|-weather|Sandstorm|[upkeep]
|-damage|p2a: Starmie|196/261|[from] sandstorm
|-heal|p2a: Starmie|212/261|[from] item: Leftovers
|-heal|p1a: Forretress|335/353|[from] item: Leftovers
|turn|5
|
|switch|p1a: Tyranitar|Tyranitar, F|354/404
|move|p2a: Starmie|Rapid Spin|p1a: Tyranitar
|-resisted|p1a: Tyranitar
|-damage|p1a: Tyranitar|349/404
|-sideend|p2: shadowist|Stealth Rock|[from] move: Rapid Spin|[of] p2a: Starmie
|
|-weather|Sandstorm|[upkeep]
|-damage|p2a: Starmie|196/261|[from] sandstorm
|-heal|p2a: Starmie|212/261|[from] item: Leftovers
|-heal|p1a: Tyranitar|374/404|[from] item: Leftovers
|turn|6
|
|move|p1a: Tyranitar|Pursuit|p2a: Starmie|[from]Pursuit
|-supereffective|p2a: Starmie
|-damage|p2a: Starmie|0 fnt
|faint|p2a: Starmie
|
|-weather|Sandstorm|[upkeep]
|-heal|p1a: Tyranitar|399/404|[from] item: Leftovers
|
|switch|p2a: Politoed|Politoed, F|384/384
|-weather|RainDance|[from] ability: Drizzle|[of] p2a: Politoed
|turn|7
|
|switch|p2a: Ferrothorn|Ferrothorn, M|312/352
|switch|p1a: Forretress|Forretress, F|335/353
|
|-weather|RainDance|[upkeep]
|-heal|p2a: Ferrothorn|334/352|[from] item: Leftovers
|-heal|p1a: Forretress|353/353|[from] item: Leftovers
|turn|8
|
|switch|p2a: Volcarona|Volcarona, M|311/311
|move|p1a: Forretress|Volt Switch|p2a: Volcarona
|-damage|p2a: Volcarona|275/311
|
|switch|p1a: Tyranitar|Tyranitar, F|399/404
|-weather|Sandstorm|[from] ability: Sand Stream|[of] p1a: Tyranitar
|
|-weather|Sandstorm|[upkeep]
|-damage|p2a: Volcarona|256/311|[from] sandstorm
|-heal|p2a: Volcarona|275/311|[from] item: Leftovers
|-heal|p1a: Tyranitar|404/404|[from] item: Leftovers
|turn|9
|chat|No Nice Names Left|boring
|
|switch|p2a: Ferrothorn|Ferrothorn, M|334/352
|move|p1a: Tyranitar|Stone Edge|p2a: Ferrothorn
|-resisted|p2a: Ferrothorn
|-damage|p2a: Ferrothorn|277/352
|
|-weather|Sandstorm|[upkeep]
|-heal|p2a: Ferrothorn|299/352|[from] item: Leftovers
|turn|10
|
|move|p1a: Tyranitar|Stealth Rock|p2a: Ferrothorn
|-sidestart|p2: shadowist|move: Stealth Rock
|move|p2a: Ferrothorn|Stealth Rock|p1a: Tyranitar
|-sidestart|p1: No Nice Names Left|move: Stealth Rock
|
|-weather|Sandstorm|[upkeep]
|-heal|p2a: Ferrothorn|321/352|[from] item: Leftovers
|turn|11
|
|switch|p1a: Forretress|Forretress, F|353/353
|-damage|p1a: Forretress|309/353|[from] Stealth Rock
|move|p2a: Ferrothorn|Power Whip|p1a: Forretress
|-resisted|p1a: Forretress
|-damage|p1a: Forretress|291/353
|
|-weather|Sandstorm|[upkeep]
|-heal|p1a: Forretress|313/353|[from] item: Leftovers
|-heal|p2a: Ferrothorn|343/352|[from] item: Leftovers
|turn|12
|
|switch|p2a: Volcarona|Volcarona, M|275/311
|-damage|p2a: Volcarona|120/311|[from] Stealth Rock
|move|p1a: Forretress|Volt Switch|p2a: Volcarona
|-damage|p2a: Volcarona|83/311
|
|switch|p1a: Tyranitar|Tyranitar, F|404/404
|-damage|p1a: Tyranitar|354/404|[from] Stealth Rock
|
|-weather|Sandstorm|[upkeep]
|-damage|p2a: Volcarona|64/311|[from] sandstorm
|-heal|p2a: Volcarona|83/311|[from] item: Leftovers
|-heal|p1a: Tyranitar|379/404|[from] item: Leftovers
|turn|13
|
|move|p2a: Volcarona|Bug Buzz|p1a: Tyranitar
|-supereffective|p1a: Tyranitar
|-damage|p1a: Tyranitar|209/404
|move|p1a: Tyranitar|Stone Edge|p2a: Volcarona
|-supereffective|p2a: Volcarona
|-damage|p2a: Volcarona|0 fnt
|faint|p2a: Volcarona
|
|-weather|Sandstorm|[upkeep]
|-heal|p1a: Tyranitar|234/404|[from] item: Leftovers
|
|switch|p2a: Politoed|Politoed, F|384/384
|-damage|p2a: Politoed|336/384|[from] Stealth Rock
|-weather|RainDance|[from] ability: Drizzle|[of] p2a: Politoed
|turn|14
|
|switch|p1a: Jellicent|Jellicent, F|403/403
|-damage|p1a: Jellicent|353/403|[from] Stealth Rock
|move|p2a: Politoed|Hidden Power|p1a: Jellicent
|-supereffective|p1a: Jellicent
|-damage|p1a: Jellicent|187/403
|
|-weather|RainDance|[upkeep]
|-heal|p1a: Jellicent|212/403|[from] item: Leftovers
|turn|15
|
|move|p1a: Jellicent|Recover|p1a: Jellicent
|-heal|p1a: Jellicent|403/403
|move|p2a: Politoed|Hidden Power|p1a: Jellicent
|-supereffective|p1a: Jellicent
|-damage|p1a: Jellicent|223/403
|
|-weather|RainDance|[upkeep]
|-heal|p1a: Jellicent|248/403|[from] item: Leftovers
|turn|16
|
|switch|p2a: Gastrodon|Gastrodon, M|426/426
|-damage|p2a: Gastrodon|400/426|[from] Stealth Rock
|move|p1a: Jellicent|Will-O-Wisp|p2a: Gastrodon
|-status|p2a: Gastrodon|brn
|
|-weather|RainDance|[upkeep]
|-heal|p1a: Jellicent|273/403|[from] item: Leftovers
|-heal|p2a: Gastrodon|426/426 brn|[from] item: Leftovers
|-damage|p2a: Gastrodon|373/426 brn|[from] brn
|turn|17
|
|move|p1a: Jellicent|Taunt|p2a: Gastrodon
|-start|p2a: Gastrodon|move: Taunt
|cant|p2a: Gastrodon|move: Taunt|Toxic
|
|-weather|RainDance|[upkeep]
|-heal|p1a: Jellicent|298/403|[from] item: Leftovers
|-heal|p2a: Gastrodon|399/426 brn|[from] item: Leftovers
|-damage|p2a: Gastrodon|346/426 brn|[from] brn
|turn|18
|
|move|p1a: Jellicent|Will-O-Wisp|p2a: Gastrodon
|-fail|p2a: Gastrodon|brn
|move|p2a: Gastrodon|Earth Power|p1a: Jellicent
|-damage|p1a: Jellicent|213/403
|
|-weather|RainDance|[upkeep]
|-heal|p1a: Jellicent|238/403|[from] item: Leftovers
|-heal|p2a: Gastrodon|372/426 brn|[from] item: Leftovers
|-damage|p2a: Gastrodon|319/426 brn|[from] brn
|turn|19
|
|move|p1a: Jellicent|Recover|p1a: Jellicent
|-heal|p1a: Jellicent|403/403
|move|p2a: Gastrodon|Earth Power|p1a: Jellicent
|-damage|p1a: Jellicent|321/403
|-unboost|p1a: Jellicent|spd|1
|
|-weather|RainDance|[upkeep]
|-heal|p1a: Jellicent|346/403|[from] item: Leftovers
|-heal|p2a: Gastrodon|345/426 brn|[from] item: Leftovers
|-damage|p2a: Gastrodon|292/426 brn|[from] brn
|-end|p2a: Gastrodon|move: Taunt
|turn|20
|
|move|p1a: Jellicent|Taunt|p2a: Gastrodon
|-start|p2a: Gastrodon|move: Taunt
|move|p2a: Gastrodon|Earth Power|p1a: Jellicent
|-damage|p1a: Jellicent|229/403
|
|-weather|RainDance|[upkeep]
|-heal|p1a: Jellicent|254/403|[from] item: Leftovers
|-heal|p2a: Gastrodon|318/426 brn|[from] item: Leftovers
|-damage|p2a: Gastrodon|265/426 brn|[from] brn
|turn|21
|
|move|p1a: Jellicent|Recover|p1a: Jellicent
|-heal|p1a: Jellicent|403/403
|move|p2a: Gastrodon|Earth Power|p1a: Jellicent
|-damage|p1a: Jellicent|283/403
|
|-weather|RainDance|[upkeep]
|-heal|p1a: Jellicent|308/403|[from] item: Leftovers
|-heal|p2a: Gastrodon|291/426 brn|[from] item: Leftovers
|-damage|p2a: Gastrodon|238/426 brn|[from] brn
|turn|22
|
|move|p1a: Jellicent|Will-O-Wisp|p2a: Gastrodon
|-fail|p2a: Gastrodon|brn
|move|p2a: Gastrodon|Earth Power|p1a: Jellicent
|-damage|p1a: Jellicent|190/403
|
|-weather|RainDance|[upkeep]
|-heal|p1a: Jellicent|215/403|[from] item: Leftovers
|-heal|p2a: Gastrodon|264/426 brn|[from] item: Leftovers
|-damage|p2a: Gastrodon|211/426 brn|[from] brn
|-end|p2a: Gastrodon|move: Taunt
|turn|23
|
|move|p1a: Jellicent|Taunt|p2a: Gastrodon
|-start|p2a: Gastrodon|move: Taunt
|move|p2a: Gastrodon|Earth Power|p1a: Jellicent
|-damage|p1a: Jellicent|91/403
|
|-weather|RainDance|[upkeep]
|-heal|p1a: Jellicent|116/403|[from] item: Leftovers
|-heal|p2a: Gastrodon|237/426 brn|[from] item: Leftovers
|-damage|p2a: Gastrodon|184/426 brn|[from] brn
|turn|24
|
|move|p1a: Jellicent|Recover|p1a: Jellicent
|-heal|p1a: Jellicent|318/403
|move|p2a: Gastrodon|Earth Power|p1a: Jellicent
|-damage|p1a: Jellicent|201/403
|
|-weather|RainDance|[upkeep]
|-heal|p1a: Jellicent|226/403|[from] item: Leftovers
|-heal|p2a: Gastrodon|210/426 brn|[from] item: Leftovers
|-damage|p2a: Gastrodon|157/426 brn|[from] brn
|turn|25
|
|move|p1a: Jellicent|Recover|p1a: Jellicent
|-heal|p1a: Jellicent|403/403
|move|p2a: Gastrodon|Earth Power|p1a: Jellicent
|-damage|p1a: Jellicent|268/403
|
|-weather|RainDance|[upkeep]
|-heal|p1a: Jellicent|293/403|[from] item: Leftovers
|-heal|p2a: Gastrodon|183/426 brn|[from] item: Leftovers
|-damage|p2a: Gastrodon|130/426 brn|[from] brn
|-end|p2a: Gastrodon|move: Taunt
|turn|26
|
|switch|p2a: Politoed|Politoed, F|336/384
|-damage|p2a: Politoed|288/384|[from] Stealth Rock
|move|p1a: Jellicent|Taunt|p2a: Politoed
|-start|p2a: Politoed|move: Taunt
|
|-weather|RainDance|[upkeep]
|-heal|p1a: Jellicent|318/403|[from] item: Leftovers
|turn|27
|
|switch|p1a: Jirachi|Jirachi|377/377
|-damage|p1a: Jirachi|354/377|[from] Stealth Rock
|move|p2a: Politoed|Hidden Power|p1a: Jirachi
|-resisted|p1a: Jirachi
|-damage|p1a: Jirachi|302/377
|
|-weather|RainDance|[upkeep]
|turn|28
|
|switch|p2a: Gastrodon|Gastrodon, M|130/426 brn
|-damage|p2a: Gastrodon|104/426 brn|[from] Stealth Rock
|move|p1a: Jirachi|Trick|p2a: Gastrodon
|-activate|p1a: Jirachi|move: Trick|[of] p2a: Gastrodon
|-item|p2a: Gastrodon|Choice Scarf|[from] move: Trick
|-item|p1a: Jirachi|Leftovers|[from] move: Trick
|
|-weather|RainDance|[upkeep]
|-heal|p1a: Jirachi|325/377|[from] item: Leftovers
|-damage|p2a: Gastrodon|51/426 brn|[from] brn
|turn|29
|
|switch|p1a: Zapdos|Zapdos|383/383
|-damage|p1a: Zapdos|288/383|[from] Stealth Rock
|-ability|p1a: Zapdos|Pressure
|move|p2a: Gastrodon|Recover|p2a: Gastrodon
|-heal|p2a: Gastrodon|264/426 brn
|
|-weather|RainDance|[upkeep]
|-heal|p1a: Zapdos|311/383|[from] item: Leftovers
|-damage|p2a: Gastrodon|211/426 brn|[from] brn
|turn|30
|
|switch|p1a: Tyranitar|Tyranitar, F|234/404
|-damage|p1a: Tyranitar|184/404|[from] Stealth Rock
|-weather|Sandstorm|[from] ability: Sand Stream|[of] p1a: Tyranitar
|move|p2a: Gastrodon|Recover|p2a: Gastrodon
|-heal|p2a: Gastrodon|424/426 brn
|
|-weather|Sandstorm|[upkeep]
|-heal|p1a: Tyranitar|209/404|[from] item: Leftovers
|-damage|p2a: Gastrodon|371/426 brn|[from] brn
|turn|31
|
|move|p1a: Tyranitar|Pursuit|p2a: Gastrodon|[from]Pursuit
|-damage|p2a: Gastrodon|251/426 brn
|switch|p2a: Politoed|Politoed, F|288/384
|-damage|p2a: Politoed|240/384|[from] Stealth Rock
|-weather|RainDance|[from] ability: Drizzle|[of] p2a: Politoed
|
|-weather|RainDance|[upkeep]
|-heal|p1a: Tyranitar|234/404|[from] item: Leftovers
|turn|32
|
|switch|p1a: Jellicent|Jellicent, F|318/403
|-damage|p1a: Jellicent|268/403|[from] Stealth Rock
|move|p2a: Politoed|Hydro Pump|p1a: Jellicent
|-heal|p1a: Jellicent|368/403|[from] ability: Water Absorb|[of] p2a: Politoed
|
|-weather|RainDance|[upkeep]
|-heal|p1a: Jellicent|393/403|[from] item: Leftovers
|turn|33
|
|switch|p2a: Ferrothorn|Ferrothorn, M|343/352
|-damage|p2a: Ferrothorn|321/352|[from] Stealth Rock
|move|p1a: Jellicent|Will-O-Wisp|p2a: Ferrothorn
|-status|p2a: Ferrothorn|brn
|
|-weather|RainDance|[upkeep]
|-heal|p1a: Jellicent|403/403|[from] item: Leftovers
|-heal|p2a: Ferrothorn|343/352 brn|[from] item: Leftovers
|-damage|p2a: Ferrothorn|299/352 brn|[from] brn
|turn|34
|
|move|p1a: Jellicent|Taunt|p2a: Ferrothorn
|-start|p2a: Ferrothorn|move: Taunt
|cant|p2a: Ferrothorn|move: Taunt|Leech Seed
|
|-weather|RainDance|[upkeep]
|-heal|p2a: Ferrothorn|321/352 brn|[from] item: Leftovers
|-damage|p2a: Ferrothorn|277/352 brn|[from] brn
|turn|35
|
|switch|p1a: Forretress|Forretress, F|313/353
|-damage|p1a: Forretress|269/353|[from] Stealth Rock
|move|p2a: Ferrothorn|Power Whip|p1a: Forretress
|-resisted|p1a: Forretress
|-damage|p1a: Forretress|260/353
|
|-weather|RainDance|[upkeep]
|-heal|p1a: Forretress|282/353|[from] item: Leftovers
|-heal|p2a: Ferrothorn|299/352 brn|[from] item: Leftovers
|-damage|p2a: Ferrothorn|255/352 brn|[from] brn
|turn|36
|
|switch|p2a: Toxicroak|Toxicroak, M|314/314
|-damage|p2a: Toxicroak|295/314|[from] Stealth Rock
|move|p1a: Forretress|Rapid Spin|p2a: Toxicroak
|-damage|p2a: Toxicroak|272/314
|-sideend|p1: No Nice Names Left|Stealth Rock|[from] move: Rapid Spin|[of] p1a: Forretress
|
|-weather|RainDance|[upkeep]
|-heal|p2a: Toxicroak|311/314|[from] ability: Dry Skin
|-heal|p1a: Forretress|304/353|[from] item: Leftovers
|turn|37
|
|switch|p1a: Jellicent|Jellicent, F|403/403
|move|p2a: Toxicroak|Swords Dance|p2a: Toxicroak
|-boost|p2a: Toxicroak|atk|2
|
|-weather|RainDance|[upkeep]
|-heal|p2a: Toxicroak|314/314|[from] ability: Dry Skin
|turn|38
|
|move|p2a: Toxicroak|Swords Dance|p2a: Toxicroak
|-boost|p2a: Toxicroak|atk|2
|move|p1a: Jellicent|Will-O-Wisp|p2a: Toxicroak
|-status|p2a: Toxicroak|brn
|
|-weather|RainDance|[upkeep]
|-damage|p2a: Toxicroak|275/314 brn|[from] brn
|turn|39
|
|switch|p1a: Tyranitar|Tyranitar, F|234/404
|-weather|Sandstorm|[from] ability: Sand Stream|[of] p1a: Tyranitar
|move|p2a: Toxicroak|Swords Dance|p2a: Toxicroak
|-boost|p2a: Toxicroak|atk|2
|
|-weather|Sandstorm|[upkeep]
|-damage|p2a: Toxicroak|256/314 brn|[from] sandstorm
|-heal|p1a: Tyranitar|259/404|[from] item: Leftovers
|-damage|p2a: Toxicroak|217/314 brn|[from] brn
|turn|40
|
|switch|p1a: Jellicent|Jellicent, F|403/403
|move|p2a: Toxicroak|Drain Punch|p1a: Jellicent
|-immune|p1a: Jellicent|[msg]
|
|-weather|Sandstorm|[upkeep]
|-damage|p2a: Toxicroak|198/314 brn|[from] sandstorm
|-damage|p1a: Jellicent|378/403|[from] sandstorm
|-heal|p1a: Jellicent|403/403|[from] item: Leftovers
|-damage|p2a: Toxicroak|159/314 brn|[from] brn
|turn|41
|
|switch|p1a: Forretress|Forretress, F|304/353
|move|p2a: Toxicroak|Ice Punch|p1a: Forretress
|-resisted|p1a: Forretress
|-damage|p1a: Forretress|242/353
|-damage|p2a: Toxicroak|128/314 brn|[from] item: Life Orb
|
|-weather|Sandstorm|[upkeep]
|-damage|p2a: Toxicroak|109/314 brn|[from] sandstorm
|-heal|p1a: Forretress|264/353|[from] item: Leftovers
|-damage|p2a: Toxicroak|70/314 brn|[from] brn
|turn|42
|
|switch|p1a: Jellicent|Jellicent, F|403/403
|move|p2a: Toxicroak|Drain Punch|p1a: Jellicent
|-immune|p1a: Jellicent|[msg]
|
|-weather|Sandstorm|[upkeep]
|-damage|p2a: Toxicroak|51/314 brn|[from] sandstorm
|-damage|p1a: Jellicent|378/403|[from] sandstorm
|-heal|p1a: Jellicent|403/403|[from] item: Leftovers
|-damage|p2a: Toxicroak|12/314 brn|[from] brn
|turn|43
|
|move|p2a: Toxicroak|Drain Punch|p1a: Jellicent
|-immune|p1a: Jellicent|[msg]
|move|p1a: Jellicent|Recover|p1a: Jellicent
|-fail|p1a: Jellicent
|
|-weather|Sandstorm|[upkeep]
|-damage|p2a: Toxicroak|0 fnt|[from] sandstorm
|-damage|p1a: Jellicent|378/403|[from] sandstorm
|-heal|p1a: Jellicent|403/403|[from] item: Leftovers
|faint|p2a: Toxicroak
|
|switch|p2a: Politoed|Politoed, F|240/384
|-damage|p2a: Politoed|192/384|[from] Stealth Rock
|-weather|RainDance|[from] ability: Drizzle|[of] p2a: Politoed
|turn|44
|
|move|p1a: Jellicent|Will-O-Wisp|p2a: Politoed
|-status|p2a: Politoed|brn
|move|p2a: Politoed|Hydro Pump|p1a: Jellicent
|-immune|p1a: Jellicent|[msg]
|
|-weather|RainDance|[upkeep]
|-damage|p2a: Politoed|144/384 brn|[from] brn
|turn|45
|
|switch|p2a: Gastrodon|Gastrodon, M|251/426 brn
|-damage|p2a: Gastrodon|225/426 brn|[from] Stealth Rock
|move|p1a: Jellicent|Taunt|p2a: Gastrodon
|-start|p2a: Gastrodon|move: Taunt
|
|-weather|RainDance|[upkeep]
|-damage|p2a: Gastrodon|172/426 brn|[from] brn
|turn|46
|
|switch|p1a: Zapdos|Zapdos|311/383
|-ability|p1a: Zapdos|Pressure
|switch|p2a: Ferrothorn|Ferrothorn, M|255/352 brn
|-damage|p2a: Ferrothorn|233/352 brn|[from] Stealth Rock
|
|-weather|RainDance|[upkeep]
|-heal|p1a: Zapdos|334/383|[from] item: Leftovers
|-heal|p2a: Ferrothorn|255/352 brn|[from] item: Leftovers
|-damage|p2a: Ferrothorn|211/352 brn|[from] brn
|turn|47
|
|move|p1a: Zapdos|Heat Wave|p2a: Ferrothorn
|-supereffective|p2a: Ferrothorn
|-damage|p2a: Ferrothorn|79/352 brn
|move|p2a: Ferrothorn|Leech Seed|p1a: Zapdos
|-start|p1a: Zapdos|move: Leech Seed
|
|-weather|RainDance|[upkeep]
|-heal|p1a: Zapdos|357/383|[from] item: Leftovers
|-heal|p2a: Ferrothorn|101/352 brn|[from] item: Leftovers
|-damage|p1a: Zapdos|310/383|[from] Leech Seed|[of] p2a: Ferrothorn
|-heal|p2a: Ferrothorn|148/352 brn|[silent]
|-damage|p2a: Ferrothorn|104/352 brn|[from] brn
|turn|48
|
|switch|p1a: Tyranitar|Tyranitar, F|259/404
|-weather|Sandstorm|[from] ability: Sand Stream|[of] p1a: Tyranitar
|move|p2a: Ferrothorn|Stealth Rock|p1a: Tyranitar
|-sidestart|p1: No Nice Names Left|move: Stealth Rock
|
|-weather|Sandstorm|[upkeep]
|-heal|p1a: Tyranitar|284/404|[from] item: Leftovers
|-heal|p2a: Ferrothorn|126/352 brn|[from] item: Leftovers
|-damage|p2a: Ferrothorn|82/352 brn|[from] brn
|turn|49
|
|switch|p1a: Tangrowth|Tangrowth, F|403/403
|-damage|p1a: Tangrowth|353/403|[from] Stealth Rock
|move|p2a: Ferrothorn|Leech Seed|p1a: Tangrowth
|-immune|p1a: Tangrowth|[msg]
|
|-weather|Sandstorm|[upkeep]
|-damage|p1a: Tangrowth|328/403|[from] sandstorm
|-heal|p1a: Tangrowth|353/403|[from] item: Leftovers
|-heal|p2a: Ferrothorn|104/352 brn|[from] item: Leftovers
|-damage|p2a: Ferrothorn|60/352 brn|[from] brn
|turn|50
|
|move|p2a: Ferrothorn|Protect|p2a: Ferrothorn
|-singleturn|p2a: Ferrothorn|Protect
|move|p1a: Tangrowth|Hidden Power|p2a: Ferrothorn
|-activate|p2a: Ferrothorn|Protect
|
|-weather|Sandstorm|[upkeep]
|-damage|p1a: Tangrowth|328/403|[from] sandstorm
|-heal|p1a: Tangrowth|353/403|[from] item: Leftovers
|-heal|p2a: Ferrothorn|82/352 brn|[from] item: Leftovers
|-damage|p2a: Ferrothorn|38/352 brn|[from] brn
|turn|51
|chat|No Nice Names Left|thanks for the match
|
|switch|p2a: Politoed|Politoed, F|144/384 brn
|-damage|p2a: Politoed|96/384 brn|[from] Stealth Rock
|-weather|RainDance|[from] ability: Drizzle|[of] p2a: Politoed
|move|p1a: Tangrowth|Hidden Power|p2a: Politoed
|-resisted|p2a: Politoed
|-damage|p2a: Politoed|66/384 brn
|
|-weather|RainDance|[upkeep]
|-heal|p1a: Tangrowth|378/403|[from] item: Leftovers
|-damage|p2a: Politoed|18/384 brn|[from] brn
|turn|52
|
|switch|p1a: Tyranitar|Tyranitar, F|284/404
|-damage|p1a: Tyranitar|234/404|[from] Stealth Rock
|-weather|Sandstorm|[from] ability: Sand Stream|[of] p1a: Tyranitar
|move|p2a: Politoed|Ice Beam|p1a: Tyranitar
|-damage|p1a: Tyranitar|165/404
|-status|p1a: Tyranitar|frz
|
|-weather|Sandstorm|[upkeep]
|-damage|p2a: Politoed|0 fnt|[from] sandstorm
|-heal|p1a: Tyranitar|190/404 frz|[from] item: Leftovers
|faint|p2a: Politoed
|
|switch|p2a: Gastrodon|Gastrodon, M|172/426 brn
|-damage|p2a: Gastrodon|146/426 brn|[from] Stealth Rock
|turn|53
|chat|No Nice Names Left|that's a right timeing :P
|
|switch|p1a: Forretress|Forretress, F|264/353
|-damage|p1a: Forretress|220/353|[from] Stealth Rock
|move|p2a: Gastrodon|Recover|p2a: Gastrodon
|-heal|p2a: Gastrodon|359/426 brn
|
|-weather|Sandstorm|[upkeep]
|-heal|p1a: Forretress|242/353|[from] item: Leftovers
|-damage|p2a: Gastrodon|306/426 brn|[from] brn
|turn|54
|
|switch|p2a: Ferrothorn|Ferrothorn, M|38/352 brn
|-damage|p2a: Ferrothorn|16/352 brn|[from] Stealth Rock
|move|p1a: Forretress|Spikes|p2a: Ferrothorn
|-sidestart|p2: shadowist|Spikes
|
|-weather|Sandstorm|[upkeep]
|-heal|p2a: Ferrothorn|38/352 brn|[from] item: Leftovers
|-heal|p1a: Forretress|264/353|[from] item: Leftovers
|-damage|p2a: Ferrothorn|0 fnt|[from] brn
|faint|p2a: Ferrothorn
|
|switch|p2a: Gastrodon|Gastrodon, M|306/426 brn
|-damage|p2a: Gastrodon|253/426 brn|[from] Spikes
|-damage|p2a: Gastrodon|227/426 brn|[from] Stealth Rock
|turn|55
|
|move|p2a: Gastrodon|Scald|p1a: Forretress
|-damage|p1a: Forretress|132/353
|-status|p1a: Forretress|brn
|move|p1a: Forretress|Rapid Spin|p2a: Gastrodon
|-crit|p2a: Gastrodon
|-damage|p2a: Gastrodon|212/426 brn
|-sideend|p1: No Nice Names Left|Stealth Rock|[from] move: Rapid Spin|[of] p1a: Forretress
|
|-weather|Sandstorm|[upkeep]
|-heal|p1a: Forretress|154/353 brn|[from] item: Leftovers
|-damage|p2a: Gastrodon|159/426 brn|[from] brn
|-damage|p1a: Forretress|110/353 brn|[from] brn
|turn|56
|
|switch|p1a: Jellicent|Jellicent, F|403/403
|move|p2a: Gastrodon|Scald|p1a: Jellicent
|-immune|p1a: Jellicent|[msg]
|
|-weather|Sandstorm|[upkeep]
|-damage|p1a: Jellicent|378/403|[from] sandstorm
|-heal|p1a: Jellicent|403/403|[from] item: Leftovers
|-damage|p2a: Gastrodon|106/426 brn|[from] brn
|turn|57
|
|move|p1a: Jellicent|Taunt|p2a: Gastrodon
|-start|p2a: Gastrodon|move: Taunt
|move|p2a: Gastrodon|Scald|p1a: Jellicent
|-immune|p1a: Jellicent|[msg]
|
|-weather|Sandstorm|[upkeep]
|-damage|p1a: Jellicent|378/403|[from] sandstorm
|-heal|p1a: Jellicent|403/403|[from] item: Leftovers
|-damage|p2a: Gastrodon|53/426 brn|[from] brn
|turn|58
|
|move|p1a: Jellicent|Taunt|p2a: Gastrodon
|-fail|p2a: Gastrodon
|move|p2a: Gastrodon|Scald|p1a: Jellicent
|-immune|p1a: Jellicent|[msg]
|
|-weather|Sandstorm|[upkeep]
|-damage|p1a: Jellicent|378/403|[from] sandstorm
|-heal|p1a: Jellicent|403/403|[from] item: Leftovers
|-damage|p2a: Gastrodon|0 fnt|[from] brn
|faint|p2a: Gastrodon
|
|win|No Nice Names Left
|raw|Ladder updating...
|raw|No Nice Names Left's rating: 1398 &rarr; <strong>1418</strong><br />(+20 for winning)
|raw|shadowist's rating: 1395 &rarr; <strong>1375</strong><br />(-20 for losing)