|j|☆BWVC BookofConke
|j|☆LukeTheWave
|t:|1717148275
|gametype|singles
|player|p1|BWVC BookofConke|silver-masters|1436
|player|p2|LukeTheWave|swimmer|1386
|teamsize|p1|6
|teamsize|p2|6
|gen|5
|tier|[Gen 5] OU
|rated|
|rule|Species Clause: Limit one of each Pokémon
|rule|OHKO Clause: OHKO moves are banned
|rule|Moody Clause: Moody is banned
|rule|Evasion Items Clause: Evasion items are banned
|rule|Evasion Moves Clause: Evasion moves are banned
|rule|Endless Battle Clause: Forcing endless battles is banned
|rule|HP Percentage Mod: HP is shown in percentages
|rule|Evasion Abilities Clause: Evasion abilities are banned
|rule|Sleep Moves Clause: Sleep-inducing moves are banned
|rule|Swagger Clause: Swagger is banned
|rule|Baton Pass Stat Clause: No Baton Passer may have a way to boost its stats
|clearpoke
|poke|p1|Abomasnow, M|item
|poke|p1|Kyurem-Black|item
|poke|p1|Latios, M|item
|poke|p1|Garchomp, M|item
|poke|p1|Starmie|item
|poke|p1|Jirachi|item
|poke|p2|Feraligatr, M|item
|poke|p2|Houndoom, M|item
|poke|p2|Scizor, M|item
|poke|p2|Gastrodon-East, M|item
|poke|p2|Gengar, M|item
|poke|p2|Garchomp, M|item
|teampreview
|inactive|Battle timer is ON: inactive players will automatically lose when time's up. (requested by LukeTheWave)
|
|t:|1717148284
|start
|switch|p1a: Abomasnow|Abomasnow, M|100/100
|switch|p2a: Garchomp|Garchomp, M|100/100
|-weather|Hail|[from] ability: Snow Warning|[of] p1a: Abomasnow
|turn|1
|
|t:|1717148293
|move|p2a: Garchomp|Stealth Rock|p1a: Abomasnow
|-sidestart|p1: BWVC BookofConke|move: Stealth Rock
|move|p1a: Abomasnow|Blizzard|p2a: Garchomp
|-supereffective|p2a: Garchomp
|-enditem|p2a: Garchomp|Yache Berry|[eat]
|-enditem|p2a: Garchomp|Yache Berry|[weaken]
|-damage|p2a: Garchomp|0 fnt
|faint|p2a: Garchomp
|
|-weather|Hail|[upkeep]
|upkeep
|
|t:|1717148299
|switch|p2a: Houndoom|Houndoom, M|100/100
|turn|2
|
|t:|1717148314
|switch|p1a: Latios|Latios, M|100/100
|-damage|p1a: Latios|88/100|[from] Stealth Rock
|move|p2a: Houndoom|Fire Blast|p1a: Latios|[miss]
|-miss|p2a: Houndoom|p1a: Latios
|
|-weather|Hail|[upkeep]
|-damage|p1a: Latios|82/100|[from] Hail
|-damage|p2a: Houndoom|94/100|[from] Hail
|upkeep
|turn|3
|
|t:|1717148326
|move|p2a: Houndoom|Sucker Punch|p1a: Latios
|-supereffective|p1a: Latios
|-enditem|p1a: Latios|Colbur Berry|[eat]
|-enditem|p1a: Latios|Colbur Berry|[weaken]
|-damage|p1a: Latios|21/100
|-damage|p2a: Houndoom|84/100|[from] item: Life Orb
|move|p1a: Latios|Surf|p2a: Houndoom
|-supereffective|p2a: Houndoom
|-damage|p2a: Houndoom|0 fnt
|faint|p2a: Houndoom
|
|-weather|Hail|[upkeep]
|-damage|p1a: Latios|15/100|[from] Hail
|upkeep
|
|t:|1717148331
|switch|p2a: Gengar|Gengar, M|100/100
|turn|4
|
|t:|1717148345
|move|p2a: Gengar|Shadow Ball|p1a: Latios
|-supereffective|p1a: Latios
|-damage|p1a: Latios|0 fnt
|faint|p1a: Latios
|
|-weather|Hail|[upkeep]
|-damage|p2a: Gengar|94/100|[from] Hail
|-heal|p2a: Gengar|100/100|[from] item: Black Sludge
|upkeep
|
|t:|1717148356
|switch|p1a: Jirachi|Jirachi|100/100
|-damage|p1a: Jirachi|94/100|[from] Stealth Rock
|turn|5
|
|t:|1717148365
|move|p2a: Gengar|Substitute|p2a: Gengar
|-start|p2a: Gengar|Substitute
|-damage|p2a: Gengar|76/100
|move|p1a: Jirachi|Stealth Rock|p2a: Gengar
|-sidestart|p2: LukeTheWave|move: Stealth Rock
|
|-weather|Hail|[upkeep]
|-damage|p2a: Gengar|69/100|[from] Hail
|-damage|p1a: Jirachi|88/100|[from] Hail
|-heal|p2a: Gengar|76/100|[from] item: Black Sludge
|-heal|p1a: Jirachi|94/100|[from] item: Leftovers
|upkeep
|turn|6
|
|t:|1717148375
|move|p2a: Gengar|Shadow Ball|p1a: Jirachi
|-damage|p1a: Jirachi|65/100
|move|p1a: Jirachi|Iron Head|p2a: Gengar
|-crit|p2a: Gengar
|-end|p2a: Gengar|Substitute
|
|-weather|Hail|[upkeep]
|-damage|p2a: Gengar|69/100|[from] Hail
|-damage|p1a: Jirachi|59/100|[from] Hail
|-heal|p2a: Gengar|76/100|[from] item: Black Sludge
|-heal|p1a: Jirachi|65/100|[from] item: Leftovers
|upkeep
|turn|7
|
|t:|1717148387
|switch|p2a: Gastrodon|Gastrodon-East, M|100/100
|-damage|p2a: Gastrodon|94/100|[from] Stealth Rock
|move|p1a: Jirachi|Iron Head|p2a: Gastrodon
|-resisted|p2a: Gastrodon
|-damage|p2a: Gastrodon|84/100
|
|-weather|Hail|[upkeep]
|-damage|p1a: Jirachi|59/100|[from] Hail
|-damage|p2a: Gastrodon|78/100|[from] Hail
|-heal|p1a: Jirachi|65/100|[from] item: Leftovers
|-heal|p2a: Gastrodon|84/100|[from] item: Leftovers
|upkeep
|turn|8
|
|t:|1717148402
|move|p1a: Jirachi|U-turn|p2a: Gastrodon
|-damage|p2a: Gastrodon|73/100
|
|t:|1717148409
|switch|p1a: Starmie|Starmie|100/100|[from] U-turn
|-damage|p1a: Starmie|88/100|[from] Stealth Rock
|-item|p1a: Starmie|Air Balloon
|move|p2a: Gastrodon|Scald|p1a: Starmie
|-resisted|p1a: Starmie
|-damage|p1a: Starmie|70/100
|-enditem|p1a: Starmie|Air Balloon
|
|-weather|Hail|[upkeep]
|-damage|p1a: Starmie|64/100|[from] Hail
|-damage|p2a: Gastrodon|67/100|[from] Hail
|-heal|p2a: Gastrodon|73/100|[from] item: Leftovers
|upkeep
|turn|9
|
|t:|1717148426
|switch|p2a: Gengar|Gengar, M|76/100
|-damage|p2a: Gengar|63/100|[from] Stealth Rock
|move|p1a: Starmie|Rapid Spin|p2a: Gengar
|-immune|p2a: Gengar
|
|-weather|Hail|[upkeep]
|-damage|p1a: Starmie|58/100|[from] Hail
|-damage|p2a: Gengar|57/100|[from] Hail
|-heal|p2a: Gengar|63/100|[from] item: Black Sludge
|upkeep
|turn|10
|
|t:|1717148441
|switch|p1a: Jirachi|Jirachi|65/100
|-damage|p1a: Jirachi|59/100|[from] Stealth Rock
|move|p2a: Gengar|Shadow Ball|p1a: Jirachi
|-crit|p1a: Jirachi
|-damage|p1a: Jirachi|1/100
|
|-weather|Hail|[upkeep]
|-damage|p2a: Gengar|57/100|[from] Hail
|-damage|p1a: Jirachi|0 fnt|[from] Hail
|faint|p1a: Jirachi
|-heal|p2a: Gengar|63/100|[from] item: Black Sludge
|upkeep
|inactive|BWVC BookofConke has 120 seconds left.
|
|t:|1717148460
|switch|p1a: Garchomp|Garchomp, M|100/100
|-damage|p1a: Garchomp|94/100|[from] Stealth Rock
|turn|11
|inactive|BWVC BookofConke has 120 seconds left.
|
|t:|1717148469
|move|p1a: Garchomp|Dual Chop|p2a: Gengar
|-damage|p2a: Gengar|23/100
|-crit|p2a: Gengar
|-damage|p2a: Gengar|0 fnt
|faint|p2a: Gengar
|-hitcount|p2: Gengar|2
|
|-weather|Hail|[upkeep]
|-damage|p1a: Garchomp|88/100|[from] Hail
|upkeep
|
|t:|1717148475
|switch|p2a: Scizor|Scizor, M|100/100
|-damage|p2a: Scizor|88/100|[from] Stealth Rock
|turn|12
|inactive|BWVC BookofConke has 120 seconds left.
|
|t:|1717148501
|switch|p1a: Starmie|Starmie|58/100
|-damage|p1a: Starmie|45/100|[from] Stealth Rock
|move|p2a: Scizor|Swords Dance|p2a: Scizor
|-boost|p2a: Scizor|atk|2
|
|-weather|Hail|[upkeep]
|-damage|p1a: Starmie|39/100|[from] Hail
|-damage|p2a: Scizor|82/100|[from] Hail
|upkeep
|turn|13
|
|t:|1717148511
|move|p2a: Scizor|Quick Attack|p1a: Starmie
|-damage|p1a: Starmie|0 fnt
|faint|p1a: Starmie
|
|-weather|Hail|[upkeep]
|-damage|p2a: Scizor|76/100|[from] Hail
|upkeep
|
|t:|1717148533
|switch|p1a: Garchomp|Garchomp, M|88/100
|-damage|p1a: Garchomp|82/100|[from] Stealth Rock
|turn|14
|inactive|LukeTheWave has 120 seconds left.
|
|t:|1717148583
|switch|p2a: Feraligatr|Feraligatr, M|100/100
|-damage|p2a: Feraligatr|88/100|[from] Stealth Rock
|move|p1a: Garchomp|Earthquake|p2a: Feraligatr
|-damage|p2a: Feraligatr|31/100
|
|-weather|Hail|[upkeep]
|-damage|p1a: Garchomp|76/100|[from] Hail
|-damage|p2a: Feraligatr|25/100|[from] Hail
|upkeep
|turn|15
|
|t:|1717148593
|move|p2a: Feraligatr|Aqua Jet|p1a: Garchomp
|-damage|p1a: Garchomp|38/100
|-damage|p2a: Feraligatr|13/100|[from] ability: Rough Skin|[of] p1a: Garchomp
|move|p1a: Garchomp|Earthquake|p2a: Feraligatr
|-damage|p2a: Feraligatr|0 fnt
|faint|p2a: Feraligatr
|
|-weather|Hail|[upkeep]
|-damage|p1a: Garchomp|32/100|[from] Hail
|upkeep
|
|t:|1717148601
|switch|p2a: Gastrodon|Gastrodon-East, M|73/100
|-damage|p2a: Gastrodon|67/100|[from] Stealth Rock
|turn|16
|inactive|BWVC BookofConke has 120 seconds left.
|
|t:|1717148608
|switch|p1a: Kyurem|Kyurem-Black|100/100
|-damage|p1a: Kyurem|76/100|[from] Stealth Rock
|-ability|p1a: Kyurem|Teravolt
|move|p2a: Gastrodon|Recover|p2a: Gastrodon
|-heal|p2a: Gastrodon|100/100
|
|-weather|Hail|[upkeep]
|-damage|p2a: Gastrodon|94/100|[from] Hail
|-heal|p2a: Gastrodon|100/100|[from] item: Leftovers
|upkeep
|turn|17
|inactive|BWVC BookofConke has 120 seconds left.
|
|t:|1717148624
|move|p1a: Kyurem|Substitute|p1a: Kyurem
|-start|p1a: Kyurem|Substitute
|-damage|p1a: Kyurem|51/100
|move|p2a: Gastrodon|Scald|p1a: Kyurem
|-resisted|p1a: Kyurem
|-crit|p1a: Kyurem
|-end|p1a: Kyurem|Substitute
|
|-weather|Hail|[upkeep]
|-damage|p2a: Gastrodon|94/100|[from] Hail
|-heal|p2a: Gastrodon|100/100|[from] item: Leftovers
|upkeep
|turn|18
|inactive|BWVC BookofConke has 120 seconds left.
|
|t:|1717148638
|move|p1a: Kyurem|Freeze Shock||[still]
|-prepare|p1a: Kyurem|Freeze Shock
|-enditem|p1a: Kyurem|Power Herb
|-anim|p1a: Kyurem|Freeze Shock|p2a: Gastrodon
|-damage|p2a: Gastrodon|25/100
|move|p2a: Gastrodon|Scald|p1a: Kyurem
|-resisted|p1a: Kyurem
|-damage|p1a: Kyurem|39/100
|-status|p1a: Kyurem|brn
|
|-weather|Hail|[upkeep]
|-damage|p2a: Gastrodon|19/100|[from] Hail
|-heal|p2a: Gastrodon|25/100|[from] item: Leftovers
|-damage|p1a: Kyurem|26/100 brn|[from] brn
|upkeep
|turn|19
|inactive|BWVC BookofConke has 120 seconds left.
|
|t:|1717148657
|move|p1a: Kyurem|Outrage|p2a: Gastrodon
|-damage|p2a: Gastrodon|0 fnt
|faint|p2a: Gastrodon
|
|-weather|Hail|[upkeep]
|-damage|p1a: Kyurem|14/100 brn|[from] brn
|upkeep
|
|t:|1717148662
|switch|p2a: Scizor|Scizor, M|76/100
|-damage|p2a: Scizor|64/100|[from] Stealth Rock
|turn|20
|inactive|BWVC BookofConke has 120 seconds left.
|
|t:|1717148667
|move|p1a: Kyurem|Outrage|p2a: Scizor|[from]lockedmove
|-resisted|p2a: Scizor
|-damage|p2a: Scizor|44/100
|-start|p1a: Kyurem|confusion|[fatigue]
|move|p2a: Scizor|Swords Dance|p2a: Scizor
|-boost|p2a: Scizor|atk|2
|
|-weather|Hail|[upkeep]
|-damage|p2a: Scizor|38/100|[from] Hail
|-damage|p1a: Kyurem|1/100 brn|[from] brn
|upkeep
|turn|21
|inactive|BWVC BookofConke has 120 seconds left.
|
|t:|1717148678
|move|p2a: Scizor|Bullet Punch|p1a: Kyurem
|-supereffective|p1a: Kyurem
|-damage|p1a: Kyurem|0 fnt
|faint|p1a: Kyurem
|
|-weather|Hail|[upkeep]
|-damage|p2a: Scizor|32/100|[from] Hail
|upkeep
|inactive|BWVC BookofConke has 120 seconds left.
|
|t:|1717148687
|switch|p1a: Garchomp|Garchomp, M|32/100
|-damage|p1a: Garchomp|25/100|[from] Stealth Rock
|turn|22
|
|t:|1717148695
|move|p2a: Scizor|Bullet Punch|p1a: Garchomp
|-damage|p1a: Garchomp|0 fnt
|-damage|p2a: Scizor|19/100|[from] ability: Rough Skin|[of] p1a: Garchomp
|faint|p1a: Garchomp
|
|-weather|Hail|[upkeep]
|-damage|p2a: Scizor|13/100|[from] Hail
|upkeep
|
|t:|1717148702
|switch|p1a: Abomasnow|Abomasnow, M|100/100
|-damage|p1a: Abomasnow|76/100|[from] Stealth Rock
|turn|23
|c|☆LukeTheWave|Gh
|c|☆LukeTheWave|gg
|
|t:|1717148709
|move|p1a: Abomasnow|Ice Shard|p2a: Scizor
|-resisted|p2a: Scizor
|-damage|p2a: Scizor|6/100
|move|p2a: Scizor|Bullet Punch|p1a: Abomasnow
|-supereffective|p1a: Abomasnow
|-damage|p1a: Abomasnow|0 fnt
|faint|p1a: Abomasnow
|
|win|LukeTheWave
|raw|BWVC BookofConke's rating: 1436 &rarr; <strong>1413</strong><br />(-23 for losing)
|raw|LukeTheWave's rating: 1386 &rarr; <strong>1409</strong><br />(+23 for winning)
