|j|☆bxh318916
|j|☆AstroMigui
|t:|1730205947
|gametype|singles
|player|p1|bxh318916|steven|1476
|player|p2|AstroMigui|266|1452
|teamsize|p1|6
|teamsize|p2|6
|gen|5
|tier|[Gen 5] OU
|rated|
|rule|Species Clause: Limit one of each Pokémon
|rule|OHKO Clause: OHKO moves are banned
|rule|Moody Clause: Moody is banned
|rule|Evasion Items Clause: Evasion items are banned
|rule|Evasion Moves Clause: Evasion moves are banned
|rule|Endless Battle Clause: Forcing endless battles is banned
|rule|HP Percentage Mod: HP is shown in percentages
|rule|Evasion Abilities Clause: Evasion abilities are banned
|rule|Sleep Moves Clause: Sleep-inducing moves are banned
|rule|Swagger Clause: Swagger is banned
|rule|Baton Pass Stat Clause: No Baton Passer may have a way to boost its stats
|clearpoke
|poke|p1|Tyranitar, F|item
|poke|p1|Keldeo|item
|poke|p1|Garchomp, F|item
|poke|p1|Zapdos|item
|poke|p1|Scizor, M|item
|poke|p1|Starmie|item
|poke|p2|Abomasnow, F|item
|poke|p2|Ferrothorn, M|item
|poke|p2|Excadrill, F|item
|poke|p2|Latias, F|item
|poke|p2|Terrakion|item
|poke|p2|Latios, M|item
|teampreview
|
|t:|1730205975
|start
|switch|p1a: Zapdos|Zapdos|100/100
|switch|p2a: Latios|Latios, M|100/100
|-ability|p1a: Zapdos|Pressure
|turn|1
|
|t:|1730205989
|switch|p1a: Tyranitar|Tyranitar, F|100/100
|-weather|Sandstorm|[from] ability: Sand Stream|[of] p1a: Tyranitar
|move|p2a: Latios|Draco Meteor|p1a: Tyranitar
|-crit|p1a: Tyranitar
|-damage|p1a: Tyranitar|0 fnt
|-unboost|p2a: Latios|spa|2
|faint|p1a: Tyranitar
|
|-weather|Sandstorm|[upkeep]
|-damage|p2a: Latios|95/100|[from] Sandstorm
|upkeep
|
|t:|1730206007
|switch|p1a: Zapdos|Zapdos|100/100
|-ability|p1a: Zapdos|Pressure
|turn|2
|j| SKT T1 Motherfaker
|
|t:|1730206017
|switch|p2a: Latias|Latias, F|100/100
|move|p1a: Zapdos|Heat Wave|p2a: Latias
|-resisted|p2a: Latias
|-damage|p2a: Latias|90/100
|-status|p2a: Latias|brn
|
|-weather|Sandstorm|[upkeep]
|-damage|p2a: Latias|84/100 brn|[from] Sandstorm
|-damage|p1a: Zapdos|94/100|[from] Sandstorm
|-heal|p2a: Latias|90/100 brn|[from] item: Leftovers
|-heal|p1a: Zapdos|100/100|[from] item: Leftovers
|-damage|p2a: Latias|78/100 brn|[from] brn
|upkeep
|turn|3
|
|t:|1730206036
|move|p2a: Latias|Dragon Pulse|p1a: Zapdos
|-damage|p1a: Zapdos|78/100
|move|p1a: Zapdos|Volt Switch|p2a: Latias
|-resisted|p2a: Latias
|-damage|p2a: Latias|67/100 brn
|
|t:|1730206043
|switch|p1a: Scizor|Scizor, M|100/100|[from] Volt Switch
|
|-weather|Sandstorm|[upkeep]
|-damage|p2a: Latias|61/100 brn|[from] Sandstorm
|-heal|p2a: Latias|67/100 brn|[from] item: Leftovers
|-damage|p2a: Latias|54/100 brn|[from] brn
|upkeep
|turn|4
|
|t:|1730206052
|move|p1a: Scizor|Swords Dance|p1a: Scizor
|-boost|p1a: Scizor|atk|2
|move|p2a: Latias|Roar|p1a: Scizor
|drag|p1a: Garchomp|Garchomp, F|100/100
|
|-weather|Sandstorm|[upkeep]
|-damage|p2a: Latias|48/100 brn|[from] Sandstorm
|-heal|p2a: Latias|54/100 brn|[from] item: Leftovers
|-damage|p2a: Latias|42/100 brn|[from] brn
|upkeep
|turn|5
|
|t:|1730206071
|switch|p1a: Scizor|Scizor, M|100/100
|move|p2a: Latias|Dragon Pulse|p1a: Scizor
|-resisted|p1a: Scizor
|-damage|p1a: Scizor|81/100
|
|-weather|Sandstorm|[upkeep]
|-damage|p2a: Latias|36/100 brn|[from] Sandstorm
|-heal|p2a: Latias|42/100 brn|[from] item: Leftovers
|-heal|p1a: Scizor|87/100|[from] item: Leftovers
|-damage|p2a: Latias|30/100 brn|[from] brn
|upkeep
|turn|6
|
|t:|1730206089
|move|p2a: Latias|Dragon Pulse|p1a: Scizor
|-resisted|p1a: Scizor
|-damage|p1a: Scizor|67/100
|move|p1a: Scizor|U-turn|p2a: Latias
|-supereffective|p2a: Latias
|-damage|p2a: Latias|0 fnt
|faint|p2a: Latias
|
|t:|1730206101
|switch|p1a: Keldeo|Keldeo|100/100|[from] U-turn
|
|-weather|Sandstorm|[upkeep]
|-damage|p1a: Keldeo|94/100|[from] Sandstorm
|-heal|p1a: Keldeo|100/100|[from] item: Leftovers
|upkeep
|
|t:|1730206107
|switch|p2a: Latios|Latios, M|95/100
|turn|7
|
|t:|1730206116
|switch|p1a: Scizor|Scizor, M|67/100
|move|p2a: Latios|Dragon Pulse|p1a: Scizor
|-resisted|p1a: Scizor
|-damage|p1a: Scizor|25/100
|
|-weather|Sandstorm|[upkeep]
|-damage|p2a: Latios|89/100|[from] Sandstorm
|-heal|p1a: Scizor|32/100|[from] item: Leftovers
|upkeep
|turn|8
|
|t:|1730206135
|move|p2a: Latios|Dragon Pulse|p1a: Scizor
|-resisted|p1a: Scizor
|-damage|p1a: Scizor|0 fnt
|faint|p1a: Scizor
|
|-weather|Sandstorm|[upkeep]
|-damage|p2a: Latios|83/100|[from] Sandstorm
|upkeep
|
|t:|1730206143
|switch|p1a: Zapdos|Zapdos|78/100
|-ability|p1a: Zapdos|Pressure
|turn|9
|
|t:|1730206148
|move|p2a: Latios|Dragon Pulse|p1a: Zapdos
|-damage|p1a: Zapdos|25/100
|move|p1a: Zapdos|Toxic|p2a: Latios
|-status|p2a: Latios|tox
|
|-weather|Sandstorm|[upkeep]
|-damage|p2a: Latios|77/100 tox|[from] Sandstorm
|-damage|p1a: Zapdos|19/100|[from] Sandstorm
|-heal|p1a: Zapdos|25/100|[from] item: Leftovers
|-damage|p2a: Latios|71/100 tox|[from] psn
|upkeep
|turn|10
|
|t:|1730206160
|move|p2a: Latios|Dragon Pulse|p1a: Zapdos
|-damage|p1a: Zapdos|0 fnt
|faint|p1a: Zapdos
|
|-weather|Sandstorm|[upkeep]
|-damage|p2a: Latios|65/100 tox|[from] Sandstorm
|-damage|p2a: Latios|53/100 tox|[from] psn
|upkeep
|
|t:|1730206169
|switch|p1a: Starmie|Starmie|100/100
|turn|11
|
|t:|1730206174
|switch|p2a: Ferrothorn|Ferrothorn, M|100/100
|move|p1a: Starmie|Recover||[still]
|-fail|p1a: Starmie|heal
|
|-weather|Sandstorm|[upkeep]
|-damage|p1a: Starmie|94/100|[from] Sandstorm
|-heal|p1a: Starmie|100/100|[from] item: Leftovers
|upkeep
|turn|12
|
|t:|1730206185
|move|p1a: Starmie|Thunder Wave|p2a: Ferrothorn
|-status|p2a: Ferrothorn|par
|move|p2a: Ferrothorn|Spikes|p1a: Starmie
|-sidestart|p1: bxh318916|Spikes
|
|-weather|Sandstorm|[upkeep]
|-damage|p1a: Starmie|94/100|[from] Sandstorm
|-heal|p1a: Starmie|100/100|[from] item: Leftovers
|upkeep
|turn|13
|
|t:|1730206197
|move|p1a: Starmie|Rapid Spin|p2a: Ferrothorn
|-resisted|p2a: Ferrothorn
|-damage|p2a: Ferrothorn|99/100 par
|-damage|p1a: Starmie|88/100|[from] ability: Iron Barbs|[of] p2a: Ferrothorn
|-sideend|p1: bxh318916|Spikes|[from] move: Rapid Spin|[of] p1a: Starmie
|move|p2a: Ferrothorn|Power Whip|p1a: Starmie
|-supereffective|p1a: Starmie
|-damage|p1a: Starmie|0 fnt
|faint|p1a: Starmie
|
|-weather|Sandstorm|[upkeep]
|-heal|p2a: Ferrothorn|100/100 par|[from] item: Leftovers
|upkeep
|
|t:|1730206210
|switch|p1a: Keldeo|Keldeo|100/100
|turn|14
|
|t:|1730206214
|move|p1a: Keldeo|Substitute|p1a: Keldeo
|-start|p1a: Keldeo|Substitute
|-damage|p1a: Keldeo|75/100
|move|p2a: Ferrothorn|Power Whip|p1a: Keldeo
|-supereffective|p1a: Keldeo
|-end|p1a: Keldeo|Substitute
|
|-weather|Sandstorm|[upkeep]
|-damage|p1a: Keldeo|69/100|[from] Sandstorm
|-heal|p1a: Keldeo|75/100|[from] item: Leftovers
|upkeep
|turn|15
|
|t:|1730206225
|move|p1a: Keldeo|Substitute|p1a: Keldeo
|-start|p1a: Keldeo|Substitute
|-damage|p1a: Keldeo|50/100
|move|p2a: Ferrothorn|Power Whip|p1a: Keldeo
|-supereffective|p1a: Keldeo
|-end|p1a: Keldeo|Substitute
|
|-weather|Sandstorm|[upkeep]
|-damage|p1a: Keldeo|44/100|[from] Sandstorm
|-heal|p1a: Keldeo|50/100|[from] item: Leftovers
|upkeep
|turn|16
|
|t:|1730206236
|move|p1a: Keldeo|Substitute|p1a: Keldeo
|-start|p1a: Keldeo|Substitute
|-damage|p1a: Keldeo|25/100
|move|p2a: Ferrothorn|Power Whip|p1a: Keldeo
|-supereffective|p1a: Keldeo
|-end|p1a: Keldeo|Substitute
|
|-weather|Sandstorm|[upkeep]
|-damage|p1a: Keldeo|19/100|[from] Sandstorm
|-heal|p1a: Keldeo|25/100|[from] item: Leftovers
|upkeep
|turn|17
|
|t:|1730206247
|move|p1a: Keldeo|Secret Sword|p2a: Ferrothorn
|-supereffective|p2a: Ferrothorn
|-damage|p2a: Ferrothorn|37/100 par
|cant|p2a: Ferrothorn|par
|
|-weather|Sandstorm|[upkeep]
|-damage|p1a: Keldeo|19/100|[from] Sandstorm
|-heal|p1a: Keldeo|25/100|[from] item: Leftovers
|-heal|p2a: Ferrothorn|43/100 par|[from] item: Leftovers
|upkeep
|turn|18
|
|t:|1730206263
|move|p1a: Keldeo|Secret Sword|p2a: Ferrothorn
|-supereffective|p2a: Ferrothorn
|-damage|p2a: Ferrothorn|0 fnt
|faint|p2a: Ferrothorn
|
|-weather|Sandstorm|[upkeep]
|-damage|p1a: Keldeo|19/100|[from] Sandstorm
|-heal|p1a: Keldeo|25/100|[from] item: Leftovers
|upkeep
|
|t:|1730206269
|switch|p2a: Terrakion|Terrakion|100/100
|turn|19
|
|t:|1730206276
|move|p2a: Terrakion|Close Combat|p1a: Keldeo
|-damage|p1a: Keldeo|0 fnt
|-unboost|p2a: Terrakion|def|1
|-unboost|p2a: Terrakion|spd|1
|faint|p1a: Keldeo
|
|-weather|Sandstorm|[upkeep]
|upkeep
|
|t:|1730206284
|switch|p1a: Garchomp|Garchomp, F|100/100
|turn|20
|
|t:|1730206288
|move|p2a: Terrakion|Close Combat|p1a: Garchomp
|-crit|p1a: Garchomp
|-damage|p1a: Garchomp|0 fnt
|-unboost|p2a: Terrakion|def|1
|-unboost|p2a: Terrakion|spd|1
|-damage|p2a: Terrakion|88/100|[from] ability: Rough Skin|[of] p1a: Garchomp
|faint|p1a: Garchomp
|
|win|AstroMigui
|raw|bxh318916's rating: 1476 &rarr; <strong>1455</strong><br />(-21 for losing)
|raw|AstroMigui's rating: 1452 &rarr; <strong>1473</strong><br />(+21 for winning)
|c|☆AstroMigui|gg
|l|☆AstroMigui
|player|p2|
|l|☆bxh318916
|player|p1|
