|join|dtw
|join|Pythagorean Python
|player|p1|dtw|265
|player|p2|Pythagorean Python|266
|gametype|singles
|gen|5
|tier|[Gen 5] OU
|rated
|rule|Evasion Abilities Clause: Evasion abilities are banned
|clearpoke
|poke|p1|Forretress, F
|poke|p1|Yanmega, F
|poke|p1|Volcarona, F
|poke|p1|Scizor, M
|poke|p1|Shuckle, F
|poke|p1|Heracross, F
|poke|p2|Skarmory, M
|poke|p2|Blissey, F
|poke|p2|Hippowdon, M
|poke|p2|Alakazam, F
|poke|p2|Terrakion
|poke|p2|Starmie
|rule|Sleep Clause Mod: Limit one foe put to sleep
|rule|Species Clause: Limit one of each Pokemon
|rule|OHKO Clause: OHKO moves are banned
|rule|Moody Clause: Moody is banned
|rule|Evasion Moves Clause: Evasion moves are banned
|rule|Endless Battle Clause: Forcing endless battles is banned.
|rule|HP Percentage Mod: HP is reported as percentages
|teampreview
|
|start
|switch|p1a: Forretress|Forretress, F|354/354
|switch|p2a: Terrakion|Terrakion|324/324
|turn|1
|
|move|p2a: Terrakion|Close Combat|p1a: Forretress
|-damage|p1a: Forretress|185/354
|-unboost|p2a: Terrakion|def|1
|-unboost|p2a: Terrakion|spd|1
|-enditem|p1a: Forretress|Red Card|[of] p2a: Terrakion
|drag|p2a: Skarmory|Skarmory, M|334/334
|move|p1a: Forretress|Stealth Rock|p2a: Skarmory
|-sidestart|p2: Pythagorean Python|move: Stealth Rock
|
|turn|2
|
|switch|p2a: Hippowdon|Hippowdon, M|420/420
|-damage|p2a: Hippowdon|394/420|[from] Stealth Rock
|-weather|Sandstorm|[from] ability: Sand Stream|[of] p2a: Hippowdon
|move|p1a: Forretress|Spikes|p2a: Hippowdon
|-sidestart|p2: Pythagorean Python|Spikes
|
|-weather|Sandstorm|[upkeep]
|-heal|p2a: Hippowdon|420/420|[from] item: Leftovers
|turn|3
|
|move|p2a: Hippowdon|Earthquake|p1a: Forretress
|-damage|p1a: Forretress|107/354
|move|p1a: Forretress|Spikes|p2a: Hippowdon
|-sidestart|p2: Pythagorean Python|Spikes
|
|-weather|Sandstorm|[upkeep]
|turn|4
|
|move|p2a: Hippowdon|Earthquake|p1a: Forretress
|-damage|p1a: Forretress|28/354
|move|p1a: Forretress|Spikes|p2a: Hippowdon
|-sidestart|p2: Pythagorean Python|Spikes
|
|-weather|Sandstorm|[upkeep]
|turn|5
|
|move|p2a: Hippowdon|Stealth Rock|p1a: Forretress
|-sidestart|p1: dtw|move: Stealth Rock
|move|p1a: Forretress|Explosion|p2a: Hippowdon
|-damage|p2a: Hippowdon|300/420
|faint|p1a: Forretress
|
|-weather|Sandstorm|[upkeep]
|-heal|p2a: Hippowdon|326/420|[from] item: Leftovers
|
|switch|p1a: Yanmega|Yanmega, F|313/313
|-damage|p1a: Yanmega|157/313|[from] Stealth Rock
|turn|6
|
|switch|p2a: Blissey|Blissey, F|714/714
|-damage|p2a: Blissey|625/714|[from] Stealth Rock
|-damage|p2a: Blissey|447/714|[from] Spikes
|move|p1a: Yanmega|Giga Drain|p2a: Blissey
|-crit|p2a: Blissey
|-damage|p2a: Blissey|259/714
|-heal|p1a: Yanmega|251/313|[from] drain|[of] p2a: Blissey
|-damage|p1a: Yanmega|220/313|[from] item: Life Orb
|
|-weather|Sandstorm|[upkeep]
|-damage|p1a: Yanmega|201/313|[from] sandstorm
|-damage|p2a: Blissey|215/714|[from] sandstorm
|-heal|p2a: Blissey|259/714|[from] item: Leftovers
|-boost|p1a: Yanmega|spe|1|[from] ability: Speed Boost
|turn|7
|
|move|p1a: Yanmega|Air Slash|p2a: Blissey
|-damage|p2a: Blissey|125/714
|-damage|p1a: Yanmega|170/313|[from] item: Life Orb
|move|p2a: Blissey|Soft-Boiled|p2a: Blissey
|-heal|p2a: Blissey|482/714
|
|-weather|Sandstorm|[upkeep]
|-damage|p1a: Yanmega|151/313|[from] sandstorm
|-damage|p2a: Blissey|438/714|[from] sandstorm
|-heal|p2a: Blissey|482/714|[from] item: Leftovers
|-boost|p1a: Yanmega|spe|1|[from] ability: Speed Boost
|turn|8
|
|switch|p1a: Scizor|Scizor, M|343/343
|-damage|p1a: Scizor|301/343|[from] Stealth Rock
|move|p2a: Blissey|Seismic Toss|p1a: Scizor
|-damage|p1a: Scizor|201/343
|
|-weather|Sandstorm|[upkeep]
|-damage|p2a: Blissey|438/714|[from] sandstorm
|-heal|p2a: Blissey|482/714|[from] item: Leftovers
|turn|9
|
|move|p1a: Scizor|Pursuit|p2a: Blissey|[from]Pursuit
|-damage|p2a: Blissey|222/714
|switch|p2a: Skarmory|Skarmory, M|334/334
|-damage|p2a: Skarmory|293/334|[from] Stealth Rock
|
|-weather|Sandstorm|[upkeep]
|-heal|p2a: Skarmory|313/334|[from] item: Leftovers
|turn|10
|
|switch|p1a: Volcarona|Volcarona, F|312/312
|-damage|p1a: Volcarona|156/312|[from] Stealth Rock
|move|p2a: Skarmory|Whirlwind|p1a: Volcarona
|drag|p1a: Yanmega|Yanmega, F|151/313
|-damage|p1a: Yanmega|0 fnt|[from] Stealth Rock
|faint|p1a: Yanmega
|
|-weather|Sandstorm|[upkeep]
|-heal|p2a: Skarmory|333/334|[from] item: Leftovers
|
|switch|p1a: Heracross|Heracross, F|302/302
|-damage|p1a: Heracross|265/302|[from] Stealth Rock
|turn|11
|
|move|p1a: Heracross|Close Combat|p2a: Skarmory
|-damage|p2a: Skarmory|212/334
|-unboost|p1a: Heracross|def|1
|-unboost|p1a: Heracross|spd|1
|move|p2a: Skarmory|Drill Peck|p1a: Heracross
|-supereffective|p1a: Heracross
|-damage|p1a: Heracross|0 fnt
|faint|p1a: Heracross
|
|-weather|Sandstorm|[upkeep]
|-heal|p2a: Skarmory|232/334|[from] item: Leftovers
|
|switch|p1a: Volcarona|Volcarona, F|156/312
|-damage|p1a: Volcarona|0 fnt|[from] Stealth Rock
|faint|p1a: Volcarona
|
|switch|p1a: Shuckle|Shuckle, F|244/244
|-damage|p1a: Shuckle|183/244|[from] Stealth Rock
|turn|12
|
|move|p1a: Shuckle|Shell Smash|p1a: Shuckle
|-unboost|p1a: Shuckle|atk|2
|-unboost|p1a: Shuckle|spa|2
|-unboost|p1a: Shuckle|spe|2
|-boost|p1a: Shuckle|def|1
|-boost|p1a: Shuckle|spd|1
|move|p2a: Skarmory|Whirlwind|p1a: Shuckle
|drag|p1a: Scizor|Scizor, M|201/343
|-damage|p1a: Scizor|159/343|[from] Stealth Rock
|
|-weather|Sandstorm|[upkeep]
|-heal|p2a: Skarmory|252/334|[from] item: Leftovers
|turn|13
|
|move|p1a: Scizor|Bullet Punch|p2a: Skarmory
|-resisted|p2a: Skarmory
|-damage|p2a: Skarmory|198/334
|move|p2a: Skarmory|Whirlwind|p1a: Scizor
|drag|p1a: Shuckle|Shuckle, F|183/244
|-damage|p1a: Shuckle|122/244|[from] Stealth Rock
|
|-weather|Sandstorm|[upkeep]
|-heal|p2a: Skarmory|218/334|[from] item: Leftovers
|-heal|p1a: Shuckle|137/244|[from] item: Leftovers
|turn|14
|
|move|p1a: Shuckle|Rest|p1a: Shuckle
|-status|p1a: Shuckle|slp
|-heal|p1a: Shuckle|244/244 slp|[silent]
|-status|p1a: Shuckle|slp|[from] move: Rest
|move|p2a: Skarmory|Whirlwind|p1a: Shuckle
|drag|p1a: Scizor|Scizor, M|159/343
|-damage|p1a: Scizor|117/343|[from] Stealth Rock
|
|-weather|Sandstorm|[upkeep]
|-heal|p2a: Skarmory|238/334|[from] item: Leftovers
|turn|15
|
|move|p1a: Scizor|Bullet Punch|p2a: Skarmory
|-resisted|p2a: Skarmory
|-damage|p2a: Skarmory|185/334
|move|p2a: Skarmory|Drill Peck|p1a: Scizor
|-damage|p1a: Scizor|44/343
|
|-weather|Sandstorm|[upkeep]
|-heal|p2a: Skarmory|205/334|[from] item: Leftovers
|turn|16
|
|move|p1a: Scizor|Bullet Punch|p2a: Skarmory
|-resisted|p2a: Skarmory
|-damage|p2a: Skarmory|154/334
|move|p2a: Skarmory|Whirlwind|p1a: Scizor
|drag|p1a: Shuckle|Shuckle, F|244/244 slp
|-damage|p1a: Shuckle|183/244 slp|[from] Stealth Rock
|
|-weather|Sandstorm|[upkeep]
|-heal|p2a: Skarmory|174/334|[from] item: Leftovers
|-heal|p1a: Shuckle|198/244 slp|[from] item: Leftovers
|turn|17
|
|cant|p1a: Shuckle|slp
|move|p1a: Shuckle|Sleep Talk|p1a: Shuckle
|move|p1a: Shuckle|Rest|p1a: Shuckle|[from]Sleep Talk
|-fail|p1a: Shuckle
|move|p2a: Skarmory|Whirlwind|p1a: Shuckle
|drag|p1a: Scizor|Scizor, M|44/343
|-damage|p1a: Scizor|2/343|[from] Stealth Rock
|
|-weather|Sandstorm|[upkeep]
|-heal|p2a: Skarmory|194/334|[from] item: Leftovers
|turn|18
|
|move|p1a: Scizor|Bullet Punch|p2a: Skarmory
|-resisted|p2a: Skarmory
|-damage|p2a: Skarmory|145/334
|move|p2a: Skarmory|Whirlwind|p1a: Scizor
|drag|p1a: Shuckle|Shuckle, F|198/244 slp
|-damage|p1a: Shuckle|137/244 slp|[from] Stealth Rock
|
|-weather|Sandstorm|[upkeep]
|-heal|p2a: Skarmory|165/334|[from] item: Leftovers
|-heal|p1a: Shuckle|152/244 slp|[from] item: Leftovers
|turn|19
|
|move|p2a: Skarmory|Roost|p2a: Skarmory
|-heal|p2a: Skarmory|332/334
|cant|p1a: Shuckle|slp
|
|-weather|Sandstorm|[upkeep]
|-heal|p2a: Skarmory|334/334|[from] item: Leftovers
|-heal|p1a: Shuckle|167/244 slp|[from] item: Leftovers
|turn|20
|
|move|p2a: Skarmory|Drill Peck|p1a: Shuckle
|-crit|p1a: Shuckle
|-damage|p1a: Shuckle|94/244 slp
|cant|p1a: Shuckle|slp
|move|p1a: Shuckle|Sleep Talk|p1a: Shuckle
|move|p1a: Shuckle|Toxic|p2a: Skarmory|[from]Sleep Talk
|-fail|p2a: Skarmory
|
|-weather|Sandstorm|[upkeep]
|-heal|p1a: Shuckle|109/244 slp|[from] item: Leftovers
|turn|21
|
|switch|p2a: Terrakion|Terrakion|324/324
|-damage|p2a: Terrakion|243/324|[from] Spikes
|-damage|p2a: Terrakion|223/324|[from] Stealth Rock
|-curestatus|p1a: Shuckle|slp
|move|p1a: Shuckle|Rest|p1a: Shuckle
|-status|p1a: Shuckle|slp
|-heal|p1a: Shuckle|244/244 slp|[silent]
|-status|p1a: Shuckle|slp|[from] move: Rest
|
|-weather|Sandstorm|[upkeep]
|turn|22
|
|move|p2a: Terrakion|Swords Dance|p2a: Terrakion
|-boost|p2a: Terrakion|atk|2
|cant|p1a: Shuckle|slp
|move|p1a: Shuckle|Sleep Talk|p1a: Shuckle
|move|p1a: Shuckle|Shell Smash|p1a: Shuckle|[from]Sleep Talk
|-unboost|p1a: Shuckle|atk|2
|-unboost|p1a: Shuckle|spa|2
|-unboost|p1a: Shuckle|spe|2
|-boost|p1a: Shuckle|def|1
|-boost|p1a: Shuckle|spd|1
|
|-weather|Sandstorm|[upkeep]
|turn|23
|
|move|p2a: Terrakion|Swords Dance|p2a: Terrakion
|-boost|p2a: Terrakion|atk|2
|cant|p1a: Shuckle|slp
|move|p1a: Shuckle|Sleep Talk|p1a: Shuckle
|move|p1a: Shuckle|Rest|p1a: Shuckle|[from]Sleep Talk
|-fail|p1a: Shuckle
|
|-weather|Sandstorm|[upkeep]
|turn|24
|
|move|p2a: Terrakion|Swords Dance|p2a: Terrakion
|-boost|p2a: Terrakion|atk|2
|-curestatus|p1a: Shuckle|slp
|move|p1a: Shuckle|Shell Smash|p1a: Shuckle
|-unboost|p1a: Shuckle|atk|2
|-unboost|p1a: Shuckle|spa|2
|-unboost|p1a: Shuckle|spe|2
|-boost|p1a: Shuckle|def|1
|-boost|p1a: Shuckle|spd|1
|
|-weather|Sandstorm|[upkeep]
|turn|25
|
|move|p2a: Terrakion|Close Combat|p1a: Shuckle
|-damage|p1a: Shuckle|0 fnt
|-unboost|p2a: Terrakion|def|1
|-unboost|p2a: Terrakion|spd|1
|-damage|p2a: Terrakion|191/324|[from] item: Life Orb
|faint|p1a: Shuckle
|
|-weather|Sandstorm|[upkeep]
|
|switch|p1a: Scizor|Scizor, M|2/343
|-damage|p1a: Scizor|0 fnt|[from] Stealth Rock
|faint|p1a: Scizor
|
|win|Pythagorean Python
|raw|Ladder updating...
|raw|dtw's rating: 1322 &rarr; <strong>1306</strong><br />(-16 for losing)
|raw|Pythagorean Python's rating: 1395 &rarr; <strong>1411</strong><br />(+16 for winning)
|leave|dtw
|player|p1