|j|☆Imjustcoca
|j|☆IDidNotExpectThis
|t:|1704930814
|gametype|singles
|player|p1|Imjustcoca|iono|1264
|player|p2|IDidNotExpectThis|lyra|1359
|teamsize|p1|6
|teamsize|p2|6
|gen|5
|tier|[Gen 5] OU
|rated|
|rule|Species Clause: Limit one of each Pokémon
|rule|OHKO Clause: OHKO moves are banned
|rule|Moody Clause: Moody is banned
|rule|Evasion Items Clause: Evasion items are banned
|rule|Evasion Moves Clause: Evasion moves are banned
|rule|Endless Battle Clause: Forcing endless battles is banned
|rule|HP Percentage Mod: HP is shown in percentages
|rule|Evasion Abilities Clause: Evasion abilities are banned
|rule|Sleep Moves Clause: Sleep-inducing moves are banned
|rule|Swagger Clause: Swagger is banned
|rule|Baton Pass Stat Clause: No Baton Passer may have a way to boost its stats
|clearpoke
|poke|p1|Volcarona, F|item
|poke|p1|Rotom-Wash|item
|poke|p1|Magnezone|item
|poke|p1|Excadrill, M|item
|poke|p1|Blissey, F|item
|poke|p1|Mamoswine, M|item
|poke|p2|Tyranitar, F|item
|poke|p2|Landorus-Therian, M|item
|poke|p2|Excadrill, M|item
|poke|p2|Ferrothorn, F|item
|poke|p2|Latios, M|item
|poke|p2|Keldeo|item
|teampreview
|inactive|Battle timer is ON: inactive players will automatically lose when time's up. (requested by IDidNotExpectThis)
|inactive|Imjustcoca also wants the timer to be on.
|inactive|IDidNotExpectThis has 120 seconds left.
|
|t:|1704930851
|start
|switch|p1a: Mamoswine|Mamoswine, M|100/100
|switch|p2a: Keldeo|Keldeo|100/100
|turn|1
|
|t:|1704930858
|switch|p1a: Rotom|Rotom-Wash, shiny|100/100
|move|p2a: Keldeo|Scald|p1a: Rotom
|-resisted|p1a: Rotom
|-damage|p1a: Rotom|77/100
|
|upkeep
|turn|2
|
|t:|1704930866
|move|p2a: Keldeo|Scald|p1a: Rotom
|-resisted|p1a: Rotom
|-damage|p1a: Rotom|56/100
|move|p1a: Rotom|Hydro Pump|p2a: Keldeo|[miss]
|-miss|p1a: Rotom|p2a: Keldeo
|
|upkeep
|turn|3
|
|t:|1704930873
|switch|p2a: Landorus|Landorus-Therian, M|100/100
|-ability|p2a: Landorus|Intimidate|boost
|-unboost|p1a: Rotom|atk|1
|move|p1a: Rotom|Thunder Wave|p2a: Landorus
|-immune|p2a: Landorus
|
|upkeep
|turn|4
|
|t:|1704930876
|move|p2a: Landorus|U-turn|p1a: Rotom
|-damage|p1a: Rotom|39/100
|-enditem|p1a: Rotom|Sitrus Berry|[eat]
|-heal|p1a: Rotom|64/100|[from] item: Sitrus Berry
|
|t:|1704930878
|switch|p2a: Ferrothorn|Ferrothorn, F|100/100|[from] U-turn
|move|p1a: Rotom|Pain Split|p2a: Ferrothorn
|-sethp|p2a: Ferrothorn|77/100|[from] move: Pain Split|[silent]
|-sethp|p1a: Rotom|90/100|[from] move: Pain Split
|
|-heal|p2a: Ferrothorn|84/100|[from] item: Leftovers
|upkeep
|turn|5
|
|t:|1704930886
|move|p1a: Rotom|Thunder Wave|p2a: Ferrothorn
|-status|p2a: Ferrothorn|par
|move|p2a: Ferrothorn|Thunder Wave|p1a: Rotom
|-status|p1a: Rotom|par
|
|-heal|p2a: Ferrothorn|90/100 par|[from] item: Leftovers
|upkeep
|turn|6
|
|t:|1704930890
|switch|p1a: Excadrill|Excadrill, M|100/100
|-ability|p1a: Excadrill|Mold Breaker
|-item|p1a: Excadrill|Air Balloon
|cant|p2a: Ferrothorn|par
|
|-heal|p2a: Ferrothorn|96/100 par|[from] item: Leftovers
|upkeep
|turn|7
|
|t:|1704930897
|move|p1a: Excadrill|Earthquake|p2a: Ferrothorn
|-damage|p2a: Ferrothorn|57/100 par
|cant|p2a: Ferrothorn|par
|
|-heal|p2a: Ferrothorn|63/100 par|[from] item: Leftovers
|upkeep
|turn|8
|
|t:|1704930901
|move|p1a: Excadrill|Earthquake|p2a: Ferrothorn
|-damage|p2a: Ferrothorn|26/100 par
|move|p2a: Ferrothorn|Power Whip|p1a: Excadrill|[miss]
|-miss|p2a: Ferrothorn|p1a: Excadrill
|
|-heal|p2a: Ferrothorn|32/100 par|[from] item: Leftovers
|upkeep
|turn|9
|
|t:|1704930905
|switch|p2a: Landorus|Landorus-Therian, M|100/100
|-ability|p2a: Landorus|Intimidate|boost
|-unboost|p1a: Excadrill|atk|1
|move|p1a: Excadrill|Earthquake|p2a: Landorus
|-immune|p2a: Landorus
|
|upkeep
|turn|10
|
|t:|1704930915
|switch|p1a: Mamoswine|Mamoswine, M|100/100
|move|p2a: Landorus|Stealth Rock|p1a: Mamoswine
|-sidestart|p1: Imjustcoca|move: Stealth Rock
|
|upkeep
|turn|11
|
|t:|1704930923
|move|p2a: Landorus|U-turn|p1a: Mamoswine
|-damage|p1a: Mamoswine|74/100
|
|t:|1704930927
|switch|p2a: Keldeo|Keldeo|100/100|[from] U-turn
|move|p1a: Mamoswine|Icicle Crash|p2a: Keldeo
|-resisted|p2a: Keldeo
|-damage|p2a: Keldeo|65/100
|
|-heal|p2a: Keldeo|71/100|[from] item: Leftovers
|upkeep
|turn|12
|
|t:|1704930933
|switch|p1a: Blissey|Blissey, F|100/100
|-damage|p1a: Blissey|88/100|[from] Stealth Rock
|move|p2a: Keldeo|Scald|p1a: Blissey
|-damage|p1a: Blissey|74/100
|
|-heal|p2a: Keldeo|77/100|[from] item: Leftovers
|-heal|p1a: Blissey|80/100|[from] item: Leftovers
|upkeep
|turn|13
|
|t:|1704930940
|move|p2a: Keldeo|Secret Sword|p1a: Blissey
|-supereffective|p1a: Blissey
|-damage|p1a: Blissey|2/100
|move|p1a: Blissey|Stealth Rock|p2a: Keldeo
|-sidestart|p2: IDidNotExpectThis|move: Stealth Rock
|
|-heal|p2a: Keldeo|83/100|[from] item: Leftovers
|-heal|p1a: Blissey|8/100|[from] item: Leftovers
|upkeep
|turn|14
|
|t:|1704930945
|move|p2a: Keldeo|Scald|p1a: Blissey
|-damage|p1a: Blissey|0 fnt
|faint|p1a: Blissey
|
|-heal|p2a: Keldeo|90/100|[from] item: Leftovers
|upkeep
|
|t:|1704930953
|switch|p1a: Magnezone|Magnezone|100/100
|-damage|p1a: Magnezone|94/100|[from] Stealth Rock
|turn|15
|
|t:|1704930956
|move|p2a: Keldeo|Secret Sword|p1a: Magnezone
|-supereffective|p1a: Magnezone
|-damage|p1a: Magnezone|10/100
|move|p1a: Magnezone|Thunderbolt|p2a: Keldeo
|-supereffective|p2a: Keldeo
|-damage|p2a: Keldeo|0 fnt
|faint|p2a: Keldeo
|
|upkeep
|
|t:|1704930964
|switch|p2a: Landorus|Landorus-Therian, M|100/100
|-damage|p2a: Landorus|88/100|[from] Stealth Rock
|-ability|p2a: Landorus|Intimidate|boost
|-unboost|p1a: Magnezone|atk|1
|turn|16
|-enditem|p1a: Magnezone|Custap Berry|[eat]
|-activate|p1a: Magnezone|item: Custap Berry|[consumed]
|
|t:|1704930970
|move|p1a: Magnezone|Flash Cannon|p2a: Landorus
|-crit|p2a: Landorus
|-damage|p2a: Landorus|0 fnt
|faint|p2a: Landorus
|
|upkeep
|
|t:|1704930975
|switch|p2a: Excadrill|Excadrill, M|100/100
|-damage|p2a: Excadrill|98/100|[from] Stealth Rock
|turn|17
|
|t:|1704930980
|move|p2a: Excadrill|Rapid Spin|p1a: Magnezone
|-resisted|p1a: Magnezone
|-damage|p1a: Magnezone|7/100
|-sideend|p2: IDidNotExpectThis|Stealth Rock|[from] move: Rapid Spin|[of] p2a: Excadrill
|move|p1a: Magnezone|Hidden Power|p2a: Excadrill
|-supereffective|p2a: Excadrill
|-damage|p2a: Excadrill|47/100
|
|-heal|p2a: Excadrill|53/100|[from] item: Leftovers
|upkeep
|turn|18
|
|t:|1704930986
|move|p2a: Excadrill|Iron Head|p1a: Magnezone
|-resisted|p1a: Magnezone
|-damage|p1a: Magnezone|0 fnt
|faint|p1a: Magnezone
|
|-heal|p2a: Excadrill|60/100|[from] item: Leftovers
|upkeep
|
|t:|1704930990
|switch|p1a: Excadrill|Excadrill, M|100/100
|-damage|p1a: Excadrill|97/100|[from] Stealth Rock
|-ability|p1a: Excadrill|Mold Breaker
|-item|p1a: Excadrill|Air Balloon
|turn|19
|
|t:|1704930994
|switch|p2a: Ferrothorn|Ferrothorn, F|32/100 par
|move|p1a: Excadrill|Rapid Spin|p2a: Ferrothorn
|-resisted|p2a: Ferrothorn
|-crit|p2a: Ferrothorn
|-damage|p2a: Ferrothorn|26/100 par
|-damage|p1a: Excadrill|85/100|[from] ability: Iron Barbs|[of] p2a: Ferrothorn
|-sideend|p1: Imjustcoca|Stealth Rock|[from] move: Rapid Spin|[of] p1a: Excadrill
|
|-heal|p2a: Ferrothorn|33/100 par|[from] item: Leftovers
|upkeep
|turn|20
|
|t:|1704930999
|switch|p2a: Latios|Latios, M|100/100
|move|p1a: Excadrill|Earthquake|p2a: Latios
|-crit|p2a: Latios
|-damage|p2a: Latios|0 fnt
|faint|p2a: Latios
|
|upkeep
|
|t:|1704931005
|switch|p2a: Excadrill|Excadrill, M|60/100
|turn|21
|
|t:|1704931009
|move|p1a: Excadrill|Earthquake|p2a: Excadrill
|-supereffective|p2a: Excadrill
|-damage|p2a: Excadrill|0 fnt
|faint|p2a: Excadrill
|
|upkeep
|-message|IDidNotExpectThis forfeited.
|
|win|Imjustcoca
|raw|Imjustcoca's rating: 1264 &rarr; <strong>1296</strong><br />(+32 for winning)
|raw|IDidNotExpectThis's rating: 1359 &rarr; <strong>1334</strong><br />(-25 for losing)
