|j|☆Pink goku
|j|☆RIPKIMSPRADLING
|player|p1|Pink goku|lucas|1396
|player|p2|RIPKIMSPRADLING|drayden|1352
|teamsize|p1|6
|teamsize|p2|6
|gametype|singles
|gen|5
|tier|[Gen 5] OU
|rated|
|clearpoke
|poke|p1|Nidoking, M|item
|poke|p1|Politoed, M|item
|poke|p1|Ferrothorn, F|item
|poke|p1|Latios, M|item
|poke|p1|Mamoswine, F|item
|poke|p1|Tornadus, M|item
|poke|p2|Tyranitar, F|item
|poke|p2|Skarmory, M|item
|poke|p2|Heatran, F|item
|poke|p2|Gliscor, F|item
|poke|p2|Celebi|item
|poke|p2|Starmie|item
|rule|Species Clause: Limit one of each Pokémon
|rule|OHKO Clause: OHKO moves are banned
|rule|Moody Clause: Moody is banned
|rule|Evasion Moves Clause: Evasion moves are banned
|rule|Endless Battle Clause: Forcing endless battles is banned
|rule|HP Percentage Mod: HP is shown in percentages
|rule|Evasion Abilities Clause: Evasion abilities are banned
|rule|Baton Pass Clause: Limit one Baton Passer, can't pass Spe and other stats simultaneously
|rule|Sleep Clause: Sleep-inducing moves are banned
|rule|Swagger Clause: Swagger is banned
|teampreview
|inactive|Battle timer is ON: inactive players will automatically lose when time's up. (requested by Pink goku)
|
|start
|switch|p1a: Wet Dreams|Politoed, M|100/100
|switch|p2a: Skarmory|Skarmory, M|100/100
|-weather|RainDance|[from] ability: Drizzle|[of] p1a: Wet Dreams
|turn|1
|
|switch|p2a: Celebi|Celebi|100/100
|move|p1a: Wet Dreams|Surf|p2a: Celebi
|-resisted|p2a: Celebi
|-damage|p2a: Celebi|81/100
|
|-weather|RainDance|[upkeep]
|-heal|p2a: Celebi|87/100|[from] item: Leftovers
|upkeep
|turn|2
|
|switch|p1a: Tornadus|Tornadus, M|100/100
|move|p2a: Celebi|U-turn|p1a: Tornadus
|-resisted|p1a: Tornadus
|-damage|p1a: Tornadus|89/100
|
|switch|p2a: Tyranitar|Tyranitar, F|100/100|[from]move: U-turn
|-weather|Sandstorm|[from] ability: Sand Stream|[of] p2a: Tyranitar
|
|-weather|Sandstorm|[upkeep]
|-damage|p1a: Tornadus|83/100|[from] Sandstorm
|upkeep
|turn|3
|
|move|p2a: Tyranitar|Crunch|p1a: Tornadus
|-damage|p1a: Tornadus|19/100
|move|p1a: Tornadus|U-turn|p2a: Tyranitar
|-supereffective|p2a: Tyranitar
|-crit|p2a: Tyranitar
|-damage|p2a: Tyranitar|39/100
|
|switch|p1a: Chasing the throne|Nidoking, M|100/100|[from]move: U-turn
|
|-weather|Sandstorm|[upkeep]
|upkeep
|turn|4
|
|switch|p2a: Starmie|Starmie, shiny|100/100
|move|p1a: Chasing the throne|Earth Power|p2a: Starmie
|-damage|p2a: Starmie|20/100
|
|-weather|Sandstorm|[upkeep]
|-damage|p2a: Starmie|14/100|[from] Sandstorm
|-heal|p2a: Starmie|20/100|[from] item: Leftovers
|upkeep
|turn|5
|
|switch|p1a: Ferrothorn|Ferrothorn, F|100/100
|move|p2a: Starmie|Scald|p1a: Ferrothorn
|-resisted|p1a: Ferrothorn
|-damage|p1a: Ferrothorn|91/100
|-status|p1a: Ferrothorn|brn
|
|-weather|Sandstorm|[upkeep]
|-damage|p2a: Starmie|14/100|[from] Sandstorm
|-heal|p2a: Starmie|20/100|[from] item: Leftovers
|-damage|p1a: Ferrothorn|79/100 brn|[from] brn
|upkeep
|turn|6
|
|move|p2a: Starmie|Recover|p2a: Starmie
|-heal|p2a: Starmie|70/100
|move|p1a: Ferrothorn|Knock Off|p2a: Starmie
|-supereffective|p2a: Starmie
|-damage|p2a: Starmie|64/100
|-enditem|p2a: Starmie|Leftovers|[from] move: Knock Off|[of] p1a: Ferrothorn
|
|-weather|Sandstorm|[upkeep]
|-damage|p2a: Starmie|58/100|[from] Sandstorm
|-damage|p1a: Ferrothorn|66/100 brn|[from] brn
|upkeep
|turn|7
|
|move|p2a: Starmie|Recover|p2a: Starmie
|-heal|p2a: Starmie|100/100
|move|p1a: Ferrothorn|Stealth Rock|p2a: Starmie
|-sidestart|p2: RIPKIMSPRADLING|move: Stealth Rock
|
|-weather|Sandstorm|[upkeep]
|-damage|p2a: Starmie|94/100|[from] Sandstorm
|-damage|p1a: Ferrothorn|54/100 brn|[from] brn
|upkeep
|turn|8
|
|switch|p2a: Heatran|Heatran, F|100/100
|-damage|p2a: Heatran|88/100|[from] Stealth Rock
|move|p1a: Ferrothorn|Power Whip|p2a: Heatran
|-resisted|p2a: Heatran
|-damage|p2a: Heatran|84/100
|
|-weather|Sandstorm|[upkeep]
|-heal|p2a: Heatran|90/100|[from] item: Leftovers
|-damage|p1a: Ferrothorn|41/100 brn|[from] brn
|upkeep
|turn|9
|
|move|p2a: Heatran|Lava Plume|p1a: Ferrothorn
|-supereffective|p1a: Ferrothorn
|-damage|p1a: Ferrothorn|0 fnt
|faint|p1a: Ferrothorn
|
|-weather|Sandstorm|[upkeep]
|-heal|p2a: Heatran|97/100|[from] item: Leftovers
|upkeep
|
|switch|p1a: Chasing the throne|Nidoking, M|100/100
|turn|10
|
|move|p2a: Heatran|Protect|p2a: Heatran
|-singleturn|p2a: Heatran|Protect
|move|p1a: Chasing the throne|Earth Power|p2a: Heatran
|-activate|p2a: Heatran|move: Protect
|
|-weather|Sandstorm|[upkeep]
|-heal|p2a: Heatran|100/100|[from] item: Leftovers
|upkeep
|turn|11
|
|switch|p2a: Skarmory|Skarmory, M|100/100
|-damage|p2a: Skarmory|88/100|[from] Stealth Rock
|move|p1a: Chasing the throne|Earth Power|p2a: Skarmory
|-immune|p2a: Skarmory
|
|-weather|Sandstorm|[upkeep]
|-heal|p2a: Skarmory|94/100|[from] item: Leftovers
|upkeep
|turn|12
|
|move|p1a: Chasing the throne|Flamethrower|p2a: Skarmory
|-supereffective|p2a: Skarmory
|-damage|p2a: Skarmory|0 fnt
|faint|p2a: Skarmory
|
|-weather|Sandstorm|[upkeep]
|upkeep
|
|switch|p2a: Starmie|Starmie, shiny|94/100
|-damage|p2a: Starmie|82/100|[from] Stealth Rock
|turn|13
|
|move|p2a: Starmie|Scald|p1a: Chasing the throne
|-supereffective|p1a: Chasing the throne
|-damage|p1a: Chasing the throne|18/100
|-status|p1a: Chasing the throne|brn
|move|p1a: Chasing the throne|Thunder|p2a: Starmie
|-supereffective|p2a: Starmie
|-damage|p2a: Starmie|0 fnt
|faint|p2a: Starmie
|
|-weather|Sandstorm|[upkeep]
|-damage|p1a: Chasing the throne|6/100 brn|[from] brn
|upkeep
|
|switch|p2a: Tyranitar|Tyranitar, F|39/100
|-damage|p2a: Tyranitar|27/100|[from] Stealth Rock
|turn|14
|
|switch|p1a: Wet Dreams|Politoed, M|100/100
|-weather|RainDance|[from] ability: Drizzle|[of] p1a: Wet Dreams
|move|p2a: Tyranitar|Crunch|p1a: Wet Dreams
|-damage|p1a: Wet Dreams|41/100
|
|-weather|RainDance|[upkeep]
|upkeep
|turn|15
|
|move|p1a: Wet Dreams|Surf|p2a: Tyranitar
|-supereffective|p2a: Tyranitar
|-damage|p2a: Tyranitar|0 fnt
|faint|p2a: Tyranitar
|
|-weather|RainDance|[upkeep]
|upkeep
|
|switch|p2a: Celebi|Celebi|87/100
|-damage|p2a: Celebi|75/100|[from] Stealth Rock
|turn|16
|
|switch|p1a: Latios|Latios, M|100/100
|move|p2a: Celebi|Giga Drain|p1a: Latios
|-resisted|p1a: Latios
|-damage|p1a: Latios|88/100
|-heal|p2a: Celebi|79/100|[from] drain|[of] p1a: Latios
|
|-weather|RainDance|[upkeep]
|-heal|p2a: Celebi|85/100|[from] item: Leftovers
|upkeep
|turn|17
|-message|RIPKIMSPRADLING forfeited.
|
|win|Pink goku
|l|☆RIPKIMSPRADLING
|raw|Pink goku's rating: 1397 &rarr; <strong>1414</strong><br />(+17 for winning)
|raw|RIPKIMSPRADLING's rating: 1352 &rarr; <strong>1335</strong><br />(-17 for losing)
