|j|☆WoLaugh
|j|☆seanb143
|t:|1722577697
|gametype|singles
|player|p1|WoLaugh|266|1290
|player|p2|seanb143|emmet|1324
|teamsize|p1|6
|teamsize|p2|6
|gen|5
|tier|[Gen 5] OU
|rated|
|rule|Species Clause: Limit one of each Pokémon
|rule|OHKO Clause: OHKO moves are banned
|rule|Moody Clause: Moody is banned
|rule|Evasion Items Clause: Evasion items are banned
|rule|Evasion Moves Clause: Evasion moves are banned
|rule|Endless Battle Clause: Forcing endless battles is banned
|rule|HP Percentage Mod: HP is shown in percentages
|rule|Evasion Abilities Clause: Evasion abilities are banned
|rule|Sleep Moves Clause: Sleep-inducing moves are banned
|rule|Swagger Clause: Swagger is banned
|rule|Baton Pass Stat Clause: No Baton Passer may have a way to boost its stats
|clearpoke
|poke|p1|Keldeo-Resolute|item
|poke|p1|Politoed, F|item
|poke|p1|Scizor, F|item
|poke|p1|Thundurus-Therian, M|item
|poke|p1|Ferrothorn, M|item
|poke|p1|Starmie|item
|poke|p2|Shedinja|item
|poke|p2|Ninetales, M|item
|poke|p2|Heatran, F|item
|poke|p2|Blissey, F|item
|poke|p2|Starmie|item
|poke|p2|Breloom, F|item
|teampreview
|inactive|Battle timer is ON: inactive players will automatically lose when time's up. (requested by seanb143)
|inactive|WoLaugh also wants the timer to be on.
|
|t:|1722577724
|start
|switch|p1a: Unicorn|Keldeo-Resolute|100/100
|switch|p2a: Heatran|Heatran, F, shiny|100/100
|turn|1
|
|t:|1722577731
|move|p2a: Heatran|Protect|p2a: Heatran
|-singleturn|p2a: Heatran|Protect
|move|p1a: Unicorn|Hydro Pump|p2a: Heatran
|-activate|p2a: Heatran|move: Protect
|
|upkeep
|turn|2
|
|t:|1722577738
|switch|p1a: Backbone|Ferrothorn, M|100/100
|move|p2a: Heatran|Stealth Rock|p1a: Backbone
|-sidestart|p1: WoLaugh|move: Stealth Rock
|
|upkeep
|turn|3
|
|t:|1722577759
|switch|p1a: Global Warming|Politoed, F|100/100
|-damage|p1a: Global Warming|88/100|[from] Stealth Rock
|-weather|RainDance|[from] ability: Drizzle|[of] p1a: Global Warming
|move|p2a: Heatran|Lava Plume|p1a: Global Warming
|-resisted|p1a: Global Warming
|-damage|p1a: Global Warming|80/100
|
|-weather|RainDance|[upkeep]
|upkeep
|turn|4
|
|t:|1722577774
|switch|p1a: Backbone|Ferrothorn, M|100/100
|-damage|p1a: Backbone|94/100|[from] Stealth Rock
|move|p2a: Heatran|Protect||[still]
|-fail|p2a: Heatran
|
|-weather|RainDance|[upkeep]
|-heal|p1a: Backbone|100/100|[from] item: Leftovers
|upkeep
|turn|5
|
|t:|1722577786
|move|p2a: Heatran|Lava Plume|p1a: Backbone
|-supereffective|p1a: Backbone
|-damage|p1a: Backbone|55/100
|move|p1a: Backbone|Stealth Rock|p2a: Heatran
|-sidestart|p2: seanb143|move: Stealth Rock
|
|-weather|RainDance|[upkeep]
|-heal|p1a: Backbone|61/100|[from] item: Leftovers
|upkeep
|turn|6
|inactive|WoLaugh has 120 seconds left.
|
|t:|1722577806
|switch|p1a: Unicorn|Keldeo-Resolute|100/100
|-damage|p1a: Unicorn|94/100|[from] Stealth Rock
|move|p2a: Heatran|Lava Plume|p1a: Unicorn
|-resisted|p1a: Unicorn
|-damage|p1a: Unicorn|84/100
|
|-weather|RainDance|[upkeep]
|upkeep
|turn|7
|inactive|WoLaugh has 120 seconds left.
|
|t:|1722577814
|move|p2a: Heatran|Protect|p2a: Heatran
|-singleturn|p2a: Heatran|Protect
|move|p1a: Unicorn|Hydro Pump|p2a: Heatran
|-activate|p2a: Heatran|move: Protect
|
|-weather|RainDance|[upkeep]
|upkeep
|turn|8
|
|t:|1722577820
|switch|p2a: Blissey|Blissey, F, shiny|100/100
|-damage|p2a: Blissey|88/100|[from] Stealth Rock
|move|p1a: Unicorn|Hydro Pump|p2a: Blissey
|-damage|p2a: Blissey|39/100
|
|-weather|RainDance|[upkeep]
|-heal|p2a: Blissey|45/100|[from] item: Leftovers
|upkeep
|turn|9
|
|t:|1722577824
|move|p1a: Unicorn|Hydro Pump|p2a: Blissey
|-damage|p2a: Blissey|0 fnt
|faint|p2a: Blissey
|
|-weather|RainDance|[upkeep]
|upkeep
|
|t:|1722577827
|switch|p2a: Starmie|Starmie, shiny|100/100
|-damage|p2a: Starmie|88/100|[from] Stealth Rock
|turn|10
|
|t:|1722577840
|switch|p1a: Backbone|Ferrothorn, M|61/100
|-damage|p1a: Backbone|55/100|[from] Stealth Rock
|move|p2a: Starmie|Rapid Spin|p1a: Backbone
|-resisted|p1a: Backbone
|-damage|p1a: Backbone|54/100
|-damage|p2a: Starmie|76/100|[from] ability: Iron Barbs|[of] p1a: Backbone
|-sideend|p2: seanb143|Stealth Rock|[from] move: Rapid Spin|[of] p2a: Starmie
|
|-weather|RainDance|[upkeep]
|-heal|p2a: Starmie|82/100|[from] item: Leftovers
|-heal|p1a: Backbone|60/100|[from] item: Leftovers
|upkeep
|turn|11
|
|t:|1722577846
|switch|p2a: Breloom|Breloom, F, shiny|100/100
|move|p1a: Backbone|Stealth Rock|p2a: Breloom
|-sidestart|p2: seanb143|move: Stealth Rock
|
|-weather|RainDance|[upkeep]
|-heal|p1a: Backbone|66/100|[from] item: Leftovers
|upkeep
|turn|12
|inactive|WoLaugh has 120 seconds left.
|
|t:|1722577878
|switch|p1a: To Sirius|Thundurus-Therian, M|100/100
|-damage|p1a: To Sirius|76/100|[from] Stealth Rock
|move|p2a: Breloom|Low Sweep|p1a: To Sirius
|-resisted|p1a: To Sirius
|-damage|p1a: To Sirius|14/100
|-unboost|p1a: To Sirius|spe|1
|
|-weather|RainDance|[upkeep]
|upkeep
|turn|13
|
|t:|1722577885
|move|p2a: Breloom|Low Sweep|p1a: To Sirius
|-resisted|p1a: To Sirius
|-damage|p1a: To Sirius|0 fnt
|faint|p1a: To Sirius
|
|-weather|RainDance|[upkeep]
|upkeep
|inactive|WoLaugh has 120 seconds left.
|
|t:|1722577919
|switch|p1a: From Mars|Scizor, F|100/100
|-damage|p1a: From Mars|88/100|[from] Stealth Rock
|turn|14
|
|t:|1722577923
|move|p1a: From Mars|U-turn|p2a: Breloom
|-damage|p2a: Breloom|13/100
|
|t:|1722577925
|switch|p1a: The Shooting Star|Starmie|100/100|[from] U-turn
|-damage|p1a: The Shooting Star|88/100|[from] Stealth Rock
|move|p2a: Breloom|Low Sweep|p1a: The Shooting Star
|-resisted|p1a: The Shooting Star
|-damage|p1a: The Shooting Star|28/100
|-unboost|p1a: The Shooting Star|spe|1
|
|-weather|RainDance|[upkeep]
|upkeep
|turn|15
|inactive|WoLaugh has 120 seconds left.
|
|t:|1722577933
|move|p1a: The Shooting Star|Surf|p2a: Breloom
|-resisted|p2a: Breloom
|-damage|p2a: Breloom|0 fnt
|faint|p2a: Breloom
|
|-weather|RainDance|[upkeep]
|upkeep
|
|t:|1722577936
|switch|p2a: Starmie|Starmie, shiny|82/100
|-damage|p2a: Starmie|70/100|[from] Stealth Rock
|turn|16
|inactive|WoLaugh has 120 seconds left.
|
|t:|1722577953
|switch|p2a: Heatran|Heatran, F, shiny|100/100
|-damage|p2a: Heatran|88/100|[from] Stealth Rock
|switch|p1a: From Mars|Scizor, F|88/100
|-damage|p1a: From Mars|76/100|[from] Stealth Rock
|
|-weather|RainDance|[upkeep]
|-heal|p2a: Heatran|94/100|[from] item: Leftovers
|upkeep
|turn|17
|inactive|WoLaugh has 120 seconds left.
|
|t:|1722577968
|move|p1a: From Mars|U-turn|p2a: Heatran
|-resisted|p2a: Heatran
|-damage|p2a: Heatran|84/100
|
|t:|1722577972
|switch|p1a: Unicorn|Keldeo-Resolute|84/100|[from] U-turn
|-damage|p1a: Unicorn|78/100|[from] Stealth Rock
|move|p2a: Heatran|Lava Plume|p1a: Unicorn
|-resisted|p1a: Unicorn
|-damage|p1a: Unicorn|69/100
|
|-weather|RainDance|[upkeep]
|-heal|p2a: Heatran|90/100|[from] item: Leftovers
|upkeep
|turn|18
|-message|seanb143 forfeited.
|
|win|WoLaugh
|raw|WoLaugh's rating: 1290 &rarr; <strong>1317</strong><br />(+27 for winning)
|raw|seanb143's rating: 1324 &rarr; <strong>1302</strong><br />(-22 for losing)
|l|☆seanb143
|player|p2|
