|j|☆colbur lati
|j|☆Pleasure
|player|p1|colbur lati|164
|player|p2|Pleasure|170
|teamsize|p1|6
|teamsize|p2|6
|gametype|singles
|gen|5
|tier|[Gen 5] OU
|rated|
|rule|Sleep Clause Mod: Limit one foe put to sleep
|rule|Species Clause: Limit one of each Pokémon
|rule|OHKO Clause: OHKO moves are banned
|rule|Moody Clause: Moody is banned
|rule|Evasion Moves Clause: Evasion moves are banned
|rule|Endless Battle Clause: Forcing endless battles is banned
|rule|HP Percentage Mod: HP is shown in percentages
|rule|Evasion Abilities Clause: Evasion abilities are banned
|rule|Baton Pass Clause: Limit one Baton Passer, can't pass Spe and other stats simultaneously
|rule|Swagger Clause: Swagger is banned
|clearpoke
|poke|p1|Politoed, F|item
|poke|p1|Gliscor, M|item
|poke|p1|Ferrothorn, F|item
|poke|p1|Tentacruel, M|item
|poke|p1|Jirachi|item
|poke|p1|Keldeo-Resolute|item
|poke|p2|Keldeo|item
|poke|p2|Volcarona, F|item
|poke|p2|Tyranitar, F|item
|poke|p2|Excadrill, F|item
|poke|p2|Skarmory, F|item
|poke|p2|Latias, F|item
|teampreview
|inactive|Battle timer is ON: inactive players will automatically lose when time's up. (requested by colbur lati)
|inactive|colbur lati has 135 seconds left.
|inactive|Pleasure has 135 seconds left.
|inactive|Pleasure has 120 seconds left.
|inactive|colbur lati has 120 seconds left.
|
|start
|switch|p1a: Keldeo|Keldeo-Resolute|100/100
|switch|p2a: Keldeo|Keldeo|100/100
|turn|1
|inactive|Pleasure has 135 seconds left.
|inactive|Pleasure has 120 seconds left.
|
|switch|p1a: Jirachi|Jirachi|100/100
|move|p2a: Keldeo|Scald|p1a: Jirachi
|-crit|p1a: Jirachi
|-damage|p1a: Jirachi|49/100
|
|-heal|p1a: Jirachi|55/100|[from] item: Leftovers
|upkeep
|turn|2
|
|move|p2a: Keldeo|Scald|p1a: Jirachi
|-damage|p1a: Jirachi|28/100
|move|p1a: Jirachi|Body Slam|p2a: Keldeo
|-damage|p2a: Keldeo|79/100
|
|-heal|p2a: Keldeo|85/100|[from] item: Leftovers
|-heal|p1a: Jirachi|34/100|[from] item: Leftovers
|upkeep
|turn|3
|
|switch|p2a: Skarmory|Skarmory, F|100/100
|move|p1a: Jirachi|U-turn|p2a: Skarmory
|-resisted|p2a: Skarmory
|-damage|p2a: Skarmory|97/100
|-damage|p1a: Jirachi|18/100|[from] item: Rocky Helmet|[of] p2a: Skarmory
|
|switch|p1a: Keldeo|Keldeo-Resolute|100/100
|
|upkeep
|turn|4
|inactive|Pleasure has 135 seconds left.
|
|move|p1a: Keldeo|Surf|p2a: Skarmory
|-damage|p2a: Skarmory|31/100
|move|p2a: Skarmory|Spikes|p1a: Keldeo
|-sidestart|p1: colbur lati|Spikes
|
|upkeep
|turn|5
|inactive|colbur lati has 135 seconds left.
|
|switch|p1a: Ferrothorn|Ferrothorn, F|100/100
|-damage|p1a: Ferrothorn|88/100|[from] Spikes
|switch|p2a: Latias|Latias, F|100/100
|
|-heal|p1a: Ferrothorn|94/100|[from] item: Leftovers
|upkeep
|turn|6
|inactive|Pleasure has 135 seconds left.
|
|switch|p2a: Volcarona|Volcarona, F|100/100
|move|p1a: Ferrothorn|Spikes|p2a: Volcarona
|-sidestart|p2: Pleasure|Spikes
|
|-heal|p1a: Ferrothorn|99/100|[from] item: Leftovers
|upkeep
|turn|7
|inactive|colbur lati has 135 seconds left.
|
|switch|p1a: Tentacruel|Tentacruel, M|100/100
|-damage|p1a: Tentacruel|88/100|[from] Spikes
|move|p2a: Volcarona|Quiver Dance|p2a: Volcarona
|-boost|p2a: Volcarona|spa|1
|-boost|p2a: Volcarona|spd|1
|-boost|p2a: Volcarona|spe|1
|
|-heal|p1a: Tentacruel|94/100|[from] item: Black Sludge
|upkeep
|turn|8
|inactive|Pleasure has 135 seconds left.
|
|move|p2a: Volcarona|Hidden Power|p1a: Tentacruel
|-supereffective|p1a: Tentacruel
|-crit|p1a: Tentacruel
|-damage|p1a: Tentacruel|0 fnt
|faint|p1a: Tentacruel
|
|upkeep
|c|☆colbur lati|jesus
|
|switch|p1a: Keldeo|Keldeo-Resolute|100/100
|-damage|p1a: Keldeo|88/100|[from] Spikes
|turn|9
|c|☆Pleasure|im lum anyways
|
|move|p2a: Volcarona|Quiver Dance|p2a: Volcarona
|-boost|p2a: Volcarona|spa|1
|-boost|p2a: Volcarona|spd|1
|-boost|p2a: Volcarona|spe|1
|move|p1a: Keldeo|Surf|p2a: Volcarona
|-supereffective|p2a: Volcarona
|-damage|p2a: Volcarona|22/100
|
|upkeep
|turn|10
|
|move|p2a: Volcarona|Giga Drain|p1a: Keldeo
|-supereffective|p1a: Keldeo
|-damage|p1a: Keldeo|0 fnt
|-heal|p2a: Volcarona|65/100|[from] drain|[of] p1a: Keldeo
|faint|p1a: Keldeo
|
|upkeep
|
|switch|p1a: Politoed|Politoed, F|100/100
|-damage|p1a: Politoed|88/100|[from] Spikes
|-weather|RainDance|[from] ability: Drizzle|[of] p1a: Politoed
|turn|11
|
|move|p2a: Volcarona|Giga Drain|p1a: Politoed
|-supereffective|p1a: Politoed
|-damage|p1a: Politoed|0 fnt
|-heal|p2a: Volcarona|100/100|[from] drain|[of] p1a: Politoed
|faint|p1a: Politoed
|
|-weather|RainDance|[upkeep]
|upkeep
|
|switch|p1a: Gliscor|Gliscor, M|100/100
|turn|12
|
|move|p2a: Volcarona|Fire Blast|p1a: Gliscor
|-damage|p1a: Gliscor|15/100
|move|p1a: Gliscor|Earthquake|p2a: Volcarona
|-damage|p2a: Volcarona|52/100
|
|-weather|RainDance|[upkeep]
|-status|p1a: Gliscor|tox|[from] item: Toxic Orb
|upkeep
|turn|13
|
|move|p2a: Volcarona|Giga Drain|p1a: Gliscor
|-damage|p1a: Gliscor|0 fnt
|-heal|p2a: Volcarona|60/100|[from] drain|[of] p1a: Gliscor
|faint|p1a: Gliscor
|
|-weather|RainDance|[upkeep]
|upkeep
|j| Dayanne or Mavis
|
|switch|p1a: Ferrothorn|Ferrothorn, F|99/100
|-damage|p1a: Ferrothorn|88/100|[from] Spikes
|turn|14
|
|move|p2a: Volcarona|Fire Blast|p1a: Ferrothorn
|-supereffective|p1a: Ferrothorn
|-damage|p1a: Ferrothorn|0 fnt
|faint|p1a: Ferrothorn
|
|-weather|RainDance|[upkeep]
|upkeep
|
|switch|p1a: Jirachi|Jirachi|18/100
|-damage|p1a: Jirachi|5/100|[from] Spikes
|turn|15
|
|move|p2a: Volcarona|Giga Drain|p1a: Jirachi
|-resisted|p1a: Jirachi
|-damage|p1a: Jirachi|0 fnt
|-heal|p2a: Volcarona|63/100|[from] drain|[of] p1a: Jirachi
|faint|p1a: Jirachi
|
|win|Pleasure
|raw|colbur lati's rating: 1473 &rarr; <strong>1448</strong><br />(-25 for losing)
|raw|Pleasure's rating: 1383 &rarr; <strong>1408</strong><br />(+25 for winning)
|l|☆Pleasure
