|j|☆SweetPosho
|j|☆harrisonharry
|player|p1|SweetPosho|1
|player|p2|harrisonharry|170
|teamsize|p1|6
|teamsize|p2|6
|gametype|singles
|gen|5
|tier|[Gen 5] OU
|rated|
|rule|Sleep Clause Mod: Limit one foe put to sleep
|rule|Species Clause: Limit one of each Pokémon
|rule|OHKO Clause: OHKO moves are banned
|rule|Moody Clause: Moody is banned
|rule|Evasion Moves Clause: Evasion moves are banned
|rule|Endless Battle Clause: Forcing endless battles is banned
|rule|HP Percentage Mod: HP is shown in percentages
|rule|Evasion Abilities Clause: Evasion abilities are banned
|rule|Baton Pass Clause: Limit one Baton Passer, can't pass Spe and other stats simultaneously
|rule|Swagger Clause: Swagger is banned
|clearpoke
|poke|p1|Amoonguss, M|item
|poke|p1|Heatran, F|item
|poke|p1|Excadrill, M|item
|poke|p1|Skarmory, F|item
|poke|p1|Chansey, F|item
|poke|p1|Keldeo-Resolute|item
|poke|p2|Tyranitar, M|item
|poke|p2|Heatran, M|item
|poke|p2|Ferrothorn, F|item
|poke|p2|Alakazam, M|item
|poke|p2|Landorus-Therian, M|item
|poke|p2|Latios, M|item
|teampreview
|
|start
|switch|p1a: Skarmory|Skarmory, F|100/100
|switch|p2a: Latios|Latios, M|100/100
|turn|1
|
|move|p2a: Latios|Surf|p1a: Skarmory
|-damage|p1a: Skarmory|37/100
|move|p1a: Skarmory|Roost|p1a: Skarmory
|-heal|p1a: Skarmory|87/100
|
|upkeep
|turn|2
|
|switch|p2a: Ferrothorn|Ferrothorn, F|100/100
|switch|p1a: Chansey|Chansey, F|100/100
|
|upkeep
|turn|3
|
|move|p1a: Chansey|Stealth Rock|p2a: Ferrothorn
|-sidestart|p2: harrisonharry|move: Stealth Rock
|move|p2a: Ferrothorn|Stealth Rock|p1a: Chansey
|-sidestart|p1: SweetPosho|move: Stealth Rock
|
|upkeep
|turn|4
|
|switch|p1a: Skarmory|Skarmory, F|87/100
|-damage|p1a: Skarmory|75/100|[from] Stealth Rock
|move|p2a: Ferrothorn|Leech Seed|p1a: Skarmory
|-start|p1a: Skarmory|move: Leech Seed
|
|-damage|p1a: Skarmory|62/100|[from] Leech Seed|[of] p2a: Ferrothorn
|upkeep
|turn|5
|
|move|p1a: Skarmory|Roost|p1a: Skarmory
|-heal|p1a: Skarmory|100/100
|move|p2a: Ferrothorn|Spikes|p1a: Skarmory
|-sidestart|p1: SweetPosho|Spikes
|
|-damage|p1a: Skarmory|88/100|[from] Leech Seed|[of] p2a: Ferrothorn
|upkeep
|turn|6
|
|switch|p2a: Heatran|Heatran, M|100/100
|-damage|p2a: Heatran|88/100|[from] Stealth Rock
|move|p1a: Skarmory|Spikes|p2a: Heatran
|-sidestart|p2: harrisonharry|Spikes
|
|-heal|p2a: Heatran|94/100|[from] item: Leftovers
|-damage|p1a: Skarmory|76/100|[from] Leech Seed|[of] p2a: Heatran
|-heal|p2a: Heatran|100/100|[silent]
|upkeep
|turn|7
|
|switch|p1a: Heatran|Heatran, F|100/100
|-damage|p1a: Heatran|88/100|[from] Stealth Rock
|-item|p1a: Heatran|Air Balloon
|move|p2a: Heatran|Magma Storm|p1a: Heatran
|-start|p1a: Heatran|ability: Flash Fire
|
|upkeep
|turn|8
|
|switch|p2a: Latios|Latios, M|100/100
|-damage|p2a: Latios|88/100|[from] Stealth Rock
|move|p1a: Heatran|Magma Storm|p2a: Latios
|-resisted|p2a: Latios
|-damage|p2a: Latios|42/100
|-activate|p2a: Latios|move: Magma Storm|[of] p1a: Heatran
|
|-damage|p2a: Latios|36/100|[from] move: Magma Storm|[partiallytrapped]
|upkeep
|turn|9
|
|move|p1a: Heatran|Protect|p1a: Heatran
|-singleturn|p1a: Heatran|Protect
|move|p2a: Latios|Surf|p1a: Heatran
|-activate|p1a: Heatran|move: Protect
|
|-damage|p2a: Latios|30/100|[from] move: Magma Storm|[partiallytrapped]
|upkeep
|turn|10
|
|-end|p1a: Heatran|ability: Flash Fire|[silent]
|switch|p1a: Amoonguss|Amoonguss, M|100/100
|-damage|p1a: Amoonguss|88/100|[from] Spikes
|-damage|p1a: Amoonguss|76/100|[from] Stealth Rock
|move|p2a: Latios|Surf|p1a: Amoonguss
|-resisted|p1a: Amoonguss
|-damage|p1a: Amoonguss|57/100
|
|-heal|p1a: Amoonguss|63/100|[from] item: Black Sludge
|upkeep
|turn|11
|
|move|p2a: Latios|Surf|p1a: Amoonguss
|-resisted|p1a: Amoonguss
|-damage|p1a: Amoonguss|45/100
|move|p1a: Amoonguss|Spore|p2a: Latios
|-status|p2a: Latios|slp
|
|-heal|p1a: Amoonguss|51/100|[from] item: Black Sludge
|upkeep
|turn|12
|
|switch|p2a: Ferrothorn|Ferrothorn, F|100/100
|-damage|p2a: Ferrothorn|88/100|[from] Spikes
|-damage|p2a: Ferrothorn|82/100|[from] Stealth Rock
|move|p1a: Amoonguss|Stun Spore|p2a: Ferrothorn|[miss]
|-miss|p1a: Amoonguss|p2a: Ferrothorn
|
|-heal|p1a: Amoonguss|57/100|[from] item: Black Sludge
|-heal|p2a: Ferrothorn|88/100|[from] item: Leftovers
|upkeep
|turn|13
|
|switch|p1a: Skarmory|Skarmory, F|76/100
|-damage|p1a: Skarmory|64/100|[from] Stealth Rock
|switch|p2a: Latios|Latios, M|30/100 slp
|-damage|p2a: Latios|18/100 slp|[from] Stealth Rock
|
|upkeep
|turn|14
|
|switch|p1a: Chansey|Chansey, F|100/100
|-damage|p1a: Chansey|88/100|[from] Stealth Rock
|-damage|p1a: Chansey|76/100|[from] Spikes
|cant|p2a: Latios|slp
|move|p2a: Latios|Sleep Talk|p2a: Latios
|move|p2a: Latios|Surf|p1a: Chansey|[from]Sleep Talk
|-crit|p1a: Chansey
|-damage|p1a: Chansey|43/100
|
|upkeep
|turn|15
|
|-curestatus|p2a: Latios|slp|[msg]
|move|p2a: Latios|Sleep Talk|p2a: Latios
|-fail|p2a: Latios
|move|p1a: Chansey|Soft-Boiled|p1a: Chansey
|-heal|p1a: Chansey|93/100
|
|upkeep
|turn|16
|
|switch|p2a: Ferrothorn|Ferrothorn, F|88/100
|-damage|p2a: Ferrothorn|75/100|[from] Spikes
|-damage|p2a: Ferrothorn|69/100|[from] Stealth Rock
|switch|p1a: Excadrill|Excadrill, M|100/100
|-damage|p1a: Excadrill|88/100|[from] Spikes
|-damage|p1a: Excadrill|85/100|[from] Stealth Rock
|-ability|p1a: Excadrill|Mold Breaker
|
|-heal|p1a: Excadrill|91/100|[from] item: Leftovers
|-heal|p2a: Ferrothorn|75/100|[from] item: Leftovers
|upkeep
|turn|17
|
|move|p1a: Excadrill|Rapid Spin|p2a: Ferrothorn
|-resisted|p2a: Ferrothorn
|-damage|p2a: Ferrothorn|74/100
|-damage|p1a: Excadrill|79/100|[from] ability: Iron Barbs|[of] p2a: Ferrothorn
|-sideend|p1: SweetPosho|Spikes|[from] move: Rapid Spin|[of] p1a: Excadrill
|-sideend|p1: SweetPosho|Stealth Rock|[from] move: Rapid Spin|[of] p1a: Excadrill
|move|p2a: Ferrothorn|Power Whip|p1a: Excadrill
|-damage|p1a: Excadrill|28/100
|
|-heal|p1a: Excadrill|34/100|[from] item: Leftovers
|-heal|p2a: Ferrothorn|80/100|[from] item: Leftovers
|upkeep
|turn|18
|
|switch|p1a: Skarmory|Skarmory, F|64/100
|move|p2a: Ferrothorn|Stealth Rock|p1a: Skarmory
|-sidestart|p1: SweetPosho|move: Stealth Rock
|
|-heal|p2a: Ferrothorn|86/100|[from] item: Leftovers
|upkeep
|turn|19
|
|switch|p2a: Heatran|Heatran, M|100/100
|-damage|p2a: Heatran|88/100|[from] Spikes
|-damage|p2a: Heatran|76/100|[from] Stealth Rock
|move|p1a: Skarmory|Spikes|p2a: Heatran
|-sidestart|p2: harrisonharry|Spikes
|
|-heal|p2a: Heatran|82/100|[from] item: Leftovers
|upkeep
|turn|20
|
|switch|p1a: Chansey|Chansey, F|93/100
|-damage|p1a: Chansey|81/100|[from] Stealth Rock
|move|p2a: Heatran|Hidden Power|p1a: Chansey
|-damage|p1a: Chansey|72/100
|
|-heal|p2a: Heatran|88/100|[from] item: Leftovers
|upkeep
|turn|21
|
|switch|p2a: Ferrothorn|Ferrothorn, F|86/100
|-damage|p2a: Ferrothorn|80/100|[from] Stealth Rock
|-damage|p2a: Ferrothorn|64/100|[from] Spikes
|move|p1a: Chansey|Thunder Wave|p2a: Ferrothorn
|-status|p2a: Ferrothorn|par
|
|-heal|p2a: Ferrothorn|70/100 par|[from] item: Leftovers
|upkeep
|turn|22
|
|move|p1a: Chansey|Soft-Boiled|p1a: Chansey
|-heal|p1a: Chansey|100/100
|move|p2a: Ferrothorn|Spikes|p1a: Chansey
|-sidestart|p1: SweetPosho|Spikes
|
|-heal|p2a: Ferrothorn|76/100 par|[from] item: Leftovers
|upkeep
|turn|23
|
|switch|p1a: Skarmory|Skarmory, F|64/100
|-damage|p1a: Skarmory|51/100|[from] Stealth Rock
|cant|p2a: Ferrothorn|par
|
|-heal|p2a: Ferrothorn|82/100 par|[from] item: Leftovers
|upkeep
|turn|24
|
|move|p1a: Skarmory|Roost|p1a: Skarmory
|-heal|p1a: Skarmory|100/100
|move|p2a: Ferrothorn|Leech Seed|p1a: Skarmory
|-start|p1a: Skarmory|move: Leech Seed
|
|-heal|p2a: Ferrothorn|89/100 par|[from] item: Leftovers
|-damage|p1a: Skarmory|88/100|[from] Leech Seed|[of] p2a: Ferrothorn
|-heal|p2a: Ferrothorn|99/100 par|[silent]
|upkeep
|turn|25
|
|switch|p1a: Excadrill|Excadrill, M|34/100
|-damage|p1a: Excadrill|31/100|[from] Stealth Rock
|-damage|p1a: Excadrill|19/100|[from] Spikes
|-ability|p1a: Excadrill|Mold Breaker
|move|p2a: Ferrothorn|Spikes|p1a: Excadrill
|-sidestart|p1: SweetPosho|Spikes
|
|-heal|p1a: Excadrill|25/100|[from] item: Leftovers
|-heal|p2a: Ferrothorn|100/100 par|[from] item: Leftovers
|upkeep
|turn|26
|
|move|p1a: Excadrill|Protect|p1a: Excadrill
|-singleturn|p1a: Excadrill|Protect
|cant|p2a: Ferrothorn|par
|
|-heal|p1a: Excadrill|31/100|[from] item: Leftovers
|upkeep
|turn|27
|
|switch|p1a: Skarmory|Skarmory, F|88/100
|-damage|p1a: Skarmory|76/100|[from] Stealth Rock
|move|p2a: Ferrothorn|Power Whip|p1a: Skarmory
|-resisted|p1a: Skarmory
|-damage|p1a: Skarmory|70/100
|-damage|p2a: Ferrothorn|84/100 par|[from] item: Rocky Helmet|[of] p1a: Skarmory
|
|-heal|p2a: Ferrothorn|90/100 par|[from] item: Leftovers
|upkeep
|turn|28
|
|move|p1a: Skarmory|Spikes|p2a: Ferrothorn
|-sidestart|p2: harrisonharry|Spikes
|cant|p2a: Ferrothorn|par
|
|-heal|p2a: Ferrothorn|97/100 par|[from] item: Leftovers
|upkeep
|turn|29
|
|cant|p2a: Ferrothorn|par
|move|p1a: Skarmory|Roar|p2a: Ferrothorn
|drag|p2a: Heatran|Heatran, M|88/100
|-damage|p2a: Heatran|63/100|[from] Spikes
|-damage|p2a: Heatran|51/100|[from] Stealth Rock
|
|-heal|p2a: Heatran|57/100|[from] item: Leftovers
|upkeep
|turn|30
|
|switch|p1a: Chansey|Chansey, F|100/100
|-damage|p1a: Chansey|88/100|[from] Stealth Rock
|-damage|p1a: Chansey|71/100|[from] Spikes
|move|p2a: Heatran|Magma Storm|p1a: Chansey|[miss]
|-miss|p2a: Heatran|p1a: Chansey
|
|-heal|p2a: Heatran|63/100|[from] item: Leftovers
|upkeep
|turn|31
|
|switch|p2a: Ferrothorn|Ferrothorn, F|97/100 par
|-damage|p2a: Ferrothorn|90/100 par|[from] Stealth Rock
|-damage|p2a: Ferrothorn|65/100 par|[from] Spikes
|move|p1a: Chansey|Seismic Toss|p2a: Ferrothorn
|-damage|p2a: Ferrothorn|37/100 par
|-damage|p1a: Chansey|59/100|[from] ability: Iron Barbs|[of] p2a: Ferrothorn
|
|-heal|p2a: Ferrothorn|43/100 par|[from] item: Leftovers
|upkeep
|turn|32
|
|move|p1a: Chansey|Seismic Toss|p2a: Ferrothorn
|-damage|p2a: Ferrothorn|15/100 par
|-damage|p1a: Chansey|47/100|[from] ability: Iron Barbs|[of] p2a: Ferrothorn
|move|p2a: Ferrothorn|Spikes|p1a: Chansey
|-sidestart|p1: SweetPosho|Spikes
|
|-heal|p2a: Ferrothorn|21/100 par|[from] item: Leftovers
|upkeep
|turn|33
|
|move|p1a: Chansey|Soft-Boiled|p1a: Chansey
|-heal|p1a: Chansey|97/100
|move|p2a: Ferrothorn|Leech Seed|p1a: Chansey
|-start|p1a: Chansey|move: Leech Seed
|
|-heal|p2a: Ferrothorn|27/100 par|[from] item: Leftovers
|-damage|p1a: Chansey|84/100|[from] Leech Seed|[of] p2a: Ferrothorn
|-heal|p2a: Ferrothorn|52/100 par|[silent]
|upkeep
|turn|34
|
|switch|p1a: Skarmory|Skarmory, F|70/100
|-damage|p1a: Skarmory|58/100|[from] Stealth Rock
|cant|p2a: Ferrothorn|par
|
|-heal|p2a: Ferrothorn|58/100 par|[from] item: Leftovers
|upkeep
|turn|35
|
|move|p1a: Skarmory|Roost|p1a: Skarmory
|-heal|p1a: Skarmory|100/100
|cant|p2a: Ferrothorn|par
|
|-heal|p2a: Ferrothorn|64/100 par|[from] item: Leftovers
|upkeep
|turn|36
|
|cant|p2a: Ferrothorn|par
|move|p1a: Skarmory|Roar|p2a: Ferrothorn
|drag|p2a: Alakazam|Alakazam, M|100/100
|
|upkeep
|turn|37
|
|switch|p2a: Landorus|Landorus-Therian, M|100/100
|-damage|p2a: Landorus|88/100|[from] Stealth Rock
|-ability|p2a: Landorus|Intimidate|boost
|-unboost|p1a: Skarmory|atk|1
|move|p1a: Skarmory|Brave Bird|p2a: Landorus
|-damage|p2a: Landorus|69/100
|-damage|p1a: Skarmory|94/100|[from] Recoil
|
|upkeep
|turn|38
|
|switch|p2a: Alakazam|Alakazam, M|100/100
|move|p1a: Skarmory|Roar|p2a: Alakazam
|drag|p2a: Heatran|Heatran, M|63/100
|-damage|p2a: Heatran|38/100|[from] Spikes
|-damage|p2a: Heatran|25/100|[from] Stealth Rock
|
|-heal|p2a: Heatran|31/100|[from] item: Leftovers
|upkeep
|turn|39
|
|switch|p1a: Chansey|Chansey, F|84/100
|-damage|p1a: Chansey|72/100|[from] Stealth Rock
|-damage|p1a: Chansey|47/100|[from] Spikes
|move|p2a: Heatran|Hidden Power|p1a: Chansey
|-damage|p1a: Chansey|38/100
|
|-heal|p2a: Heatran|37/100|[from] item: Leftovers
|upkeep
|turn|40
|
|move|p2a: Heatran|Magma Storm|p1a: Chansey
|-damage|p1a: Chansey|19/100
|-activate|p1a: Chansey|move: Magma Storm|[of] p2a: Heatran
|move|p1a: Chansey|Soft-Boiled|p1a: Chansey
|-heal|p1a: Chansey|69/100
|
|-heal|p2a: Heatran|44/100|[from] item: Leftovers
|-damage|p1a: Chansey|63/100|[from] move: Magma Storm|[partiallytrapped]
|upkeep
|turn|41
|
|switch|p2a: Tyranitar|Tyranitar, M|100/100
|-damage|p2a: Tyranitar|88/100|[from] Stealth Rock
|-damage|p2a: Tyranitar|63/100|[from] Spikes
|-weather|Sandstorm|[from] ability: Sand Stream|[of] p2a: Tyranitar
|move|p1a: Chansey|Soft-Boiled|p1a: Chansey
|-heal|p1a: Chansey|100/100
|
|-weather|Sandstorm|[upkeep]
|-damage|p1a: Chansey|94/100|[from] Sandstorm
|upkeep
|turn|42
|
|move|p2a: Tyranitar|Pursuit|p1a: Chansey
|-damage|p1a: Chansey|82/100
|move|p1a: Chansey|Thunder Wave|p2a: Tyranitar
|-status|p2a: Tyranitar|par
|
|-weather|Sandstorm|[upkeep]
|-damage|p1a: Chansey|76/100|[from] Sandstorm
|upkeep
|turn|43
|
|move|p1a: Chansey|Soft-Boiled|p1a: Chansey
|-heal|p1a: Chansey|100/100
|move|p2a: Tyranitar|Superpower|p1a: Chansey
|-supereffective|p1a: Chansey
|-damage|p1a: Chansey|52/100
|-unboost|p2a: Tyranitar|atk|1
|-unboost|p2a: Tyranitar|def|1
|
|-weather|Sandstorm|[upkeep]
|-damage|p1a: Chansey|46/100|[from] Sandstorm
|upkeep
|turn|44
|
|move|p1a: Chansey|Soft-Boiled|p1a: Chansey
|-heal|p1a: Chansey|96/100
|cant|p2a: Tyranitar|par
|
|-weather|Sandstorm|[upkeep]
|-damage|p1a: Chansey|90/100|[from] Sandstorm
|upkeep
|turn|45
|
|move|p1a: Chansey|Seismic Toss|p2a: Tyranitar
|-damage|p2a: Tyranitar|38/100 par
|move|p2a: Tyranitar|Superpower|p1a: Chansey
|-supereffective|p1a: Chansey
|-damage|p1a: Chansey|61/100
|-unboost|p2a: Tyranitar|atk|1
|-unboost|p2a: Tyranitar|def|1
|
|-weather|Sandstorm|[upkeep]
|-damage|p1a: Chansey|55/100|[from] Sandstorm
|upkeep
|turn|46
|
|switch|p2a: Ferrothorn|Ferrothorn, F|64/100 par
|-damage|p2a: Ferrothorn|58/100 par|[from] Stealth Rock
|-damage|p2a: Ferrothorn|33/100 par|[from] Spikes
|move|p1a: Chansey|Soft-Boiled|p1a: Chansey
|-heal|p1a: Chansey|100/100
|
|-weather|Sandstorm|[upkeep]
|-damage|p1a: Chansey|94/100|[from] Sandstorm
|-heal|p2a: Ferrothorn|39/100 par|[from] item: Leftovers
|upkeep
|turn|47
|
|switch|p1a: Skarmory|Skarmory, F|94/100
|-damage|p1a: Skarmory|82/100|[from] Stealth Rock
|move|p2a: Ferrothorn|Leech Seed|p1a: Skarmory
|-start|p1a: Skarmory|move: Leech Seed
|
|-weather|Sandstorm|[upkeep]
|-heal|p2a: Ferrothorn|46/100 par|[from] item: Leftovers
|-damage|p1a: Skarmory|70/100|[from] Leech Seed|[of] p2a: Ferrothorn
|-heal|p2a: Ferrothorn|57/100 par|[silent]
|upkeep
|turn|48
|
|move|p2a: Ferrothorn|Leech Seed|p1a: Skarmory
|-fail|p2a: Ferrothorn
|move|p1a: Skarmory|Roar|p2a: Ferrothorn
|drag|p2a: Latios|Latios, M|18/100
|-damage|p2a: Latios|5/100|[from] Stealth Rock
|
|-weather|Sandstorm|[upkeep]
|-damage|p2a: Latios|0 fnt|[from] Sandstorm
|upkeep
|faint|p2a: Latios
|
|switch|p2a: Heatran|Heatran, M|44/100
|-damage|p2a: Heatran|19/100|[from] Spikes
|-damage|p2a: Heatran|6/100|[from] Stealth Rock
|turn|49
|
|switch|p1a: Heatran|Heatran, F|88/100
|-damage|p1a: Heatran|76/100|[from] Stealth Rock
|-item|p1a: Heatran|Air Balloon
|move|p2a: Heatran|Magma Storm|p1a: Heatran
|-start|p1a: Heatran|ability: Flash Fire
|
|-weather|Sandstorm|[upkeep]
|-heal|p2a: Heatran|12/100|[from] item: Leftovers
|upkeep
|turn|50
|
|move|p1a: Heatran|Earth Power|p2a: Heatran
|-supereffective|p2a: Heatran
|-damage|p2a: Heatran|0 fnt
|faint|p2a: Heatran
|
|-weather|Sandstorm|[upkeep]
|upkeep
|
|switch|p2a: Alakazam|Alakazam, M|100/100
|turn|51
|
|move|p2a: Alakazam|Focus Blast|p1a: Heatran|[miss]
|-miss|p2a: Alakazam|p1a: Heatran
|move|p1a: Heatran|Earth Power|p2a: Alakazam
|-damage|p2a: Alakazam|55/100
|
|-weather|Sandstorm|[upkeep]
|upkeep
|turn|52
|
|move|p2a: Alakazam|Focus Blast|p1a: Heatran
|-supereffective|p1a: Heatran
|-damage|p1a: Heatran|3/100
|-enditem|p1a: Heatran|Air Balloon
|move|p1a: Heatran|Magma Storm|p2a: Alakazam
|-damage|p2a: Alakazam|0 fnt
|faint|p2a: Alakazam
|
|-weather|Sandstorm|[upkeep]
|upkeep
|
|switch|p2a: Landorus|Landorus-Therian, M|69/100
|-damage|p2a: Landorus|57/100|[from] Stealth Rock
|-ability|p2a: Landorus|Intimidate|boost
|-unboost|p1a: Heatran|atk|1
|turn|53
|
|move|p1a: Heatran|Protect|p1a: Heatran
|-singleturn|p1a: Heatran|Protect
|move|p2a: Landorus|U-turn|p1a: Heatran
|-activate|p1a: Heatran|move: Protect
|
|-weather|Sandstorm|[upkeep]
|upkeep
|turn|54
|
|-end|p1a: Heatran|ability: Flash Fire|[silent]
|switch|p1a: Skarmory|Skarmory, F|70/100
|-damage|p1a: Skarmory|57/100|[from] Stealth Rock
|move|p2a: Landorus|U-turn|p1a: Skarmory
|-resisted|p1a: Skarmory
|-damage|p1a: Skarmory|54/100
|-damage|p2a: Landorus|40/100|[from] item: Rocky Helmet|[of] p1a: Skarmory
|
|switch|p2a: Ferrothorn|Ferrothorn, F|57/100 par
|-damage|p2a: Ferrothorn|32/100 par|[from] Spikes
|-damage|p2a: Ferrothorn|26/100 par|[from] Stealth Rock
|
|-weather|Sandstorm|[upkeep]
|-heal|p2a: Ferrothorn|32/100 par|[from] item: Leftovers
|upkeep
|turn|55
|
|move|p2a: Ferrothorn|Leech Seed|p1a: Skarmory
|-start|p1a: Skarmory|move: Leech Seed
|move|p1a: Skarmory|Roar|p2a: Ferrothorn
|drag|p2a: Tyranitar|Tyranitar, M|38/100 par
|-damage|p2a: Tyranitar|26/100 par|[from] Stealth Rock
|-damage|p2a: Tyranitar|1/100 par|[from] Spikes
|
|-weather|Sandstorm|[upkeep]
|-damage|p1a: Skarmory|42/100|[from] Leech Seed|[of] p2a: Tyranitar
|-heal|p2a: Tyranitar|11/100 par|[silent]
|upkeep
|turn|56
|
|switch|p1a: Heatran|Heatran, F|3/100
|-damage|p1a: Heatran|0 fnt|[from] Stealth Rock
|faint|p1a: Heatran
|move|p2a: Tyranitar|Ice Beam|p1: Heatran|[notarget]
|-notarget
|
|-weather|Sandstorm|[upkeep]
|upkeep
|
|switch|p1a: Excadrill|Excadrill, M|31/100
|-damage|p1a: Excadrill|28/100|[from] Stealth Rock
|-damage|p1a: Excadrill|3/100|[from] Spikes
|-ability|p1a: Excadrill|Mold Breaker
|turn|57
|
|switch|p2a: Ferrothorn|Ferrothorn, F|32/100 par
|-damage|p2a: Ferrothorn|7/100 par|[from] Spikes
|-damage|p2a: Ferrothorn|1/100 par|[from] Stealth Rock
|move|p1a: Excadrill|Earthquake|p2a: Ferrothorn
|-damage|p2a: Ferrothorn|0 fnt
|faint|p2a: Ferrothorn
|
|-weather|Sandstorm|[upkeep]
|-heal|p1a: Excadrill|9/100|[from] item: Leftovers
|upkeep
|
|switch|p2a: Landorus|Landorus-Therian, M|40/100
|-damage|p2a: Landorus|28/100|[from] Stealth Rock
|-ability|p2a: Landorus|Intimidate|boost
|-unboost|p1a: Excadrill|atk|1
|turn|58
|
|move|p1a: Excadrill|Protect|p1a: Excadrill
|-singleturn|p1a: Excadrill|Protect
|move|p2a: Landorus|Superpower|p1a: Excadrill
|-activate|p1a: Excadrill|move: Protect
|
|-weather|Sandstorm|[upkeep]
|-heal|p1a: Excadrill|15/100|[from] item: Leftovers
|upkeep
|turn|59
|
|move|p2a: Landorus|Superpower|p1a: Excadrill
|-supereffective|p1a: Excadrill
|-damage|p1a: Excadrill|0 fnt
|-unboost|p2a: Landorus|atk|1
|-unboost|p2a: Landorus|def|1
|faint|p1a: Excadrill
|
|-weather|Sandstorm|[upkeep]
|upkeep
|
|switch|p1a: Keldeo|Keldeo-Resolute|100/100
|-damage|p1a: Keldeo|94/100|[from] Stealth Rock
|-damage|p1a: Keldeo|70/100|[from] Spikes
|turn|60
|
|move|p2a: Landorus|Superpower|p1a: Keldeo
|-damage|p1a: Keldeo|42/100
|-unboost|p2a: Landorus|atk|1
|-unboost|p2a: Landorus|def|1
|move|p1a: Keldeo|Substitute|p1a: Keldeo
|-start|p1a: Keldeo|Substitute
|-damage|p1a: Keldeo|17/100
|
|-weather|Sandstorm|[upkeep]
|-damage|p1a: Keldeo|11/100|[from] Sandstorm
|-heal|p1a: Keldeo|17/100|[from] item: Leftovers
|upkeep
|turn|61
|-message|harrisonharry forfeited.
|
|win|SweetPosho
|l|☆harrisonharry
|raw|SweetPosho's rating: 1528 &rarr; <strong>1542</strong><br />(+14 for winning)
|raw|harrisonharry's rating: 1412 &rarr; <strong>1398</strong><br />(-14 for losing)
