|j|☆Al-my69
|j|☆combeeuwu
|t:|1728433319
|gametype|singles
|player|p1|Al-my69|yellow|1344
|player|p2|combeeuwu|2|1423
|teamsize|p1|6
|teamsize|p2|6
|gen|5
|tier|[Gen 5] OU
|rated|
|rule|Species Clause: Limit one of each Pokémon
|rule|OHKO Clause: OHKO moves are banned
|rule|Moody Clause: Moody is banned
|rule|Evasion Items Clause: Evasion items are banned
|rule|Evasion Moves Clause: Evasion moves are banned
|rule|Endless Battle Clause: Forcing endless battles is banned
|rule|HP Percentage Mod: HP is shown in percentages
|rule|Evasion Abilities Clause: Evasion abilities are banned
|rule|Sleep Moves Clause: Sleep-inducing moves are banned
|rule|Swagger Clause: Swagger is banned
|rule|Baton Pass Stat Clause: No Baton Passer may have a way to boost its stats
|clearpoke
|poke|p1|Reuniclus, M|item
|poke|p1|Magnezone|item
|poke|p1|Dragonite, M|item
|poke|p1|Latios, M|item
|poke|p1|Starmie|item
|poke|p1|Jirachi|item
|poke|p2|Politoed, M|item
|poke|p2|Ferrothorn, F|item
|poke|p2|Tentacruel, M|item
|poke|p2|Latios, M|item
|poke|p2|Keldeo-Resolute|item
|poke|p2|Thundurus-Therian, M|item
|teampreview
|inactive|Battle timer is ON: inactive players will automatically lose when time's up. (requested by combeeuwu)
|inactive|Al-my69 also wants the timer to be on.
|inactive|Al-my69 has 120 seconds left.
|
|t:|1728433378
|start
|switch|p1a: ...and you flinch|Jirachi|100/100
|switch|p2a: Keldeo|Keldeo-Resolute|100/100
|turn|1
|
|t:|1728433387
|switch|p2a: Ferrothorn|Ferrothorn, F|100/100
|move|p1a: ...and you flinch|Stealth Rock|p2a: Ferrothorn
|-sidestart|p2: combeeuwu|move: Stealth Rock
|
|upkeep
|turn|2
|
|t:|1728433396
|switch|p1a: Zoned out|Magnezone|100/100
|-item|p1a: Zoned out|Air Balloon
|switch|p2a: Thundurus|Thundurus-Therian, M|100/100
|-damage|p2a: Thundurus|76/100|[from] Stealth Rock
|
|-heal|p2a: Thundurus|82/100|[from] item: Leftovers
|upkeep
|turn|3
|
|t:|1728433408
|switch|p1a: ...and you flinch|Jirachi|100/100
|move|p2a: Thundurus|Substitute|p2a: Thundurus
|-start|p2a: Thundurus|Substitute
|-damage|p2a: Thundurus|57/100
|
|-heal|p2a: Thundurus|63/100|[from] item: Leftovers
|upkeep
|turn|4
|
|t:|1728433413
|move|p2a: Thundurus|Thunder|p1a: ...and you flinch
|-damage|p1a: ...and you flinch|63/100
|-status|p1a: ...and you flinch|par
|move|p1a: ...and you flinch|Icy Wind|p2a: Thundurus
|-supereffective|p2a: Thundurus
|-end|p2a: Thundurus|Substitute
|
|-heal|p2a: Thundurus|69/100|[from] item: Leftovers
|-heal|p1a: ...and you flinch|69/100 par|[from] item: Leftovers
|upkeep
|turn|5
|
|t:|1728433423
|switch|p2a: Politoed|Politoed, M|100/100
|-damage|p2a: Politoed|88/100|[from] Stealth Rock
|-weather|RainDance|[from] ability: Drizzle|[of] p2a: Politoed
|move|p1a: ...and you flinch|Icy Wind|p2a: Politoed
|-resisted|p2a: Politoed
|-damage|p2a: Politoed|83/100
|-unboost|p2a: Politoed|spe|1
|
|-weather|RainDance|[upkeep]
|-heal|p2a: Politoed|89/100|[from] item: Leftovers
|-heal|p1a: ...and you flinch|75/100 par|[from] item: Leftovers
|upkeep
|turn|6
|
|t:|1728433431
|move|p2a: Politoed|Scald|p1a: ...and you flinch
|-damage|p1a: ...and you flinch|52/100 par
|move|p1a: ...and you flinch|Thunder|p2a: Politoed
|-supereffective|p2a: Politoed
|-damage|p2a: Politoed|41/100
|
|-weather|RainDance|[upkeep]
|-heal|p2a: Politoed|47/100|[from] item: Leftovers
|-heal|p1a: ...and you flinch|58/100 par|[from] item: Leftovers
|upkeep
|turn|7
|
|t:|1728433436
|move|p2a: Politoed|Protect|p2a: Politoed
|-singleturn|p2a: Politoed|Protect
|move|p1a: ...and you flinch|U-turn|p2a: Politoed
|-activate|p2a: Politoed|move: Protect
|
|-weather|RainDance|[upkeep]
|-heal|p2a: Politoed|53/100|[from] item: Leftovers
|-heal|p1a: ...and you flinch|64/100 par|[from] item: Leftovers
|upkeep
|turn|8
|
|t:|1728433444
|switch|p2a: Tentacruel|Tentacruel, M|100/100
|-damage|p2a: Tentacruel|88/100|[from] Stealth Rock
|move|p1a: ...and you flinch|U-turn|p2a: Tentacruel
|-resisted|p2a: Tentacruel
|-damage|p2a: Tentacruel|78/100
|
|t:|1728433449
|switch|p1a: No regen?|Reuniclus, M|100/100|[from] U-turn
|
|-weather|RainDance|[upkeep]
|-heal|p2a: Tentacruel|84/100|[from] ability: Rain Dish
|-heal|p2a: Tentacruel|91/100|[from] item: Black Sludge
|upkeep
|turn|9
|
|t:|1728433457
|switch|p2a: Latios|Latios, M|100/100
|-damage|p2a: Latios|88/100|[from] Stealth Rock
|move|p1a: No regen?|Psychic|p2a: Latios
|-resisted|p2a: Latios
|-damage|p2a: Latios|52/100
|
|-weather|RainDance|[upkeep]
|upkeep
|turn|10
|
|t:|1728433466
|move|p2a: Latios|Trick|p1a: No regen?
|-activate|p2a: Latios|move: Trick|[of] p1a: No regen?
|-item|p1a: No regen?|Choice Scarf|[from] move: Trick
|-item|p2a: Latios|Choice Specs|[from] move: Trick
|move|p1a: No regen?|Psychic|p2a: Latios
|-resisted|p2a: Latios
|-damage|p2a: Latios|26/100
|
|-weather|RainDance|[upkeep]
|upkeep
|turn|11
|c|☆Al-my69|HA
|c|☆Al-my69|GET TRICK YOURSELF
|
|t:|1728433485
|switch|p1a: ...and you flinch|Jirachi|64/100 par
|move|p2a: Latios|Draco Meteor|p1a: ...and you flinch
|-resisted|p1a: ...and you flinch
|-damage|p1a: ...and you flinch|27/100 par
|-unboost|p2a: Latios|spa|2
|
|-weather|RainDance|[upkeep]
|-heal|p1a: ...and you flinch|34/100 par|[from] item: Leftovers
|upkeep
|turn|12
|
|t:|1728433490
|switch|p2a: Tentacruel|Tentacruel, M|91/100
|-damage|p2a: Tentacruel|78/100|[from] Stealth Rock
|move|p1a: ...and you flinch|U-turn|p2a: Tentacruel
|-resisted|p2a: Tentacruel
|-damage|p2a: Tentacruel|69/100
|
|t:|1728433496
|switch|p1a: Me Me Starmie|Starmie|100/100|[from] U-turn
|-item|p1a: Me Me Starmie|Air Balloon
|
|-weather|RainDance|[upkeep]
|-heal|p2a: Tentacruel|76/100|[from] ability: Rain Dish
|-heal|p2a: Tentacruel|82/100|[from] item: Black Sludge
|upkeep
|turn|13
|
|t:|1728433500
|move|p1a: Me Me Starmie|Hydro Pump|p2a: Tentacruel|[miss]
|-miss|p1a: Me Me Starmie|p2a: Tentacruel
|move|p2a: Tentacruel|Rapid Spin|p1a: Me Me Starmie
|-damage|p1a: Me Me Starmie|96/100
|-enditem|p1a: Me Me Starmie|Air Balloon
|-sideend|p2: combeeuwu|Stealth Rock|[from] move: Rapid Spin|[of] p2a: Tentacruel
|
|-weather|RainDance|[upkeep]
|-heal|p2a: Tentacruel|88/100|[from] ability: Rain Dish
|-heal|p2a: Tentacruel|94/100|[from] item: Black Sludge
|upkeep
|turn|14
|
|t:|1728433504
|move|p1a: Me Me Starmie|Thunderbolt|p2a: Tentacruel
|-supereffective|p2a: Tentacruel
|-damage|p2a: Tentacruel|51/100
|move|p2a: Tentacruel|Scald|p1a: Me Me Starmie
|-resisted|p1a: Me Me Starmie
|-damage|p1a: Me Me Starmie|70/100
|-status|p1a: Me Me Starmie|brn
|
|-weather|RainDance|[upkeep]
|-heal|p2a: Tentacruel|57/100|[from] ability: Rain Dish
|-heal|p2a: Tentacruel|63/100|[from] item: Black Sludge
|-damage|p1a: Me Me Starmie|58/100 brn|[from] brn
|upkeep
|turn|15
|
|t:|1728433511
|move|p2a: Tentacruel|Protect|p2a: Tentacruel
|-singleturn|p2a: Tentacruel|Protect
|move|p1a: Me Me Starmie|Hydro Pump|p2a: Tentacruel
|-activate|p2a: Tentacruel|move: Protect
|
|-weather|RainDance|[upkeep]
|-heal|p2a: Tentacruel|69/100|[from] ability: Rain Dish
|-heal|p2a: Tentacruel|76/100|[from] item: Black Sludge
|-damage|p1a: Me Me Starmie|45/100 brn|[from] brn
|upkeep
|turn|16
|
|t:|1728433519
|move|p1a: Me Me Starmie|Thunderbolt|p2a: Tentacruel
|-supereffective|p2a: Tentacruel
|-damage|p2a: Tentacruel|26/100
|move|p2a: Tentacruel|Scald|p1a: Me Me Starmie
|-resisted|p1a: Me Me Starmie
|-damage|p1a: Me Me Starmie|20/100 brn
|
|-weather|RainDance|[upkeep]
|-heal|p2a: Tentacruel|33/100|[from] ability: Rain Dish
|-heal|p2a: Tentacruel|39/100|[from] item: Black Sludge
|-damage|p1a: Me Me Starmie|8/100 brn|[from] brn
|upkeep
|turn|17
|
|t:|1728433526
|switch|p1a: No regen?|Reuniclus, M|100/100
|move|p2a: Tentacruel|Protect||[still]
|-fail|p2a: Tentacruel
|
|-weather|RainDance|[upkeep]
|-heal|p2a: Tentacruel|45/100|[from] ability: Rain Dish
|-heal|p2a: Tentacruel|51/100|[from] item: Black Sludge
|upkeep
|turn|18
|
|t:|1728433533
|switch|p2a: Ferrothorn|Ferrothorn, F|100/100
|move|p1a: No regen?|Thunder|p2a: Ferrothorn
|-resisted|p2a: Ferrothorn
|-damage|p2a: Ferrothorn|84/100
|-status|p2a: Ferrothorn|par
|
|-weather|RainDance|[upkeep]
|-heal|p2a: Ferrothorn|91/100 par|[from] item: Leftovers
|upkeep
|turn|19
|
|t:|1728433541
|switch|p1a: Zoned out|Magnezone|100/100
|-item|p1a: Zoned out|Air Balloon
|move|p2a: Ferrothorn|Stealth Rock|p1a: Zoned out
|-sidestart|p1: Al-my69|move: Stealth Rock
|
|-weather|RainDance|[upkeep]
|-heal|p2a: Ferrothorn|97/100 par|[from] item: Leftovers
|upkeep
|turn|20
|
|t:|1728433546
|move|p1a: Zoned out|Sunny Day|p1a: Zoned out
|-weather|SunnyDay
|move|p2a: Ferrothorn|Spikes|p1a: Zoned out
|-sidestart|p1: Al-my69|Spikes
|
|-weather|SunnyDay|[upkeep]
|-heal|p2a: Ferrothorn|100/100 par|[from] item: Leftovers
|upkeep
|turn|21
|
|t:|1728433550
|move|p1a: Zoned out|Hidden Power|p2a: Ferrothorn
|-supereffective|p2a: Ferrothorn
|-damage|p2a: Ferrothorn|0 fnt
|faint|p2a: Ferrothorn
|
|-weather|SunnyDay|[upkeep]
|upkeep
|
|t:|1728433554
|switch|p2a: Politoed|Politoed, M|53/100
|-weather|RainDance|[from] ability: Drizzle|[of] p2a: Politoed
|turn|22
|
|t:|1728433557
|switch|p2a: Thundurus|Thundurus-Therian, M|69/100
|move|p1a: Zoned out|Thunderbolt|p2a: Thundurus
|-heal|p2a: Thundurus|94/100|[from] ability: Volt Absorb|[of] p1a: Zoned out
|
|-weather|RainDance|[upkeep]
|-heal|p2a: Thundurus|99/100|[from] item: Leftovers
|upkeep
|turn|23
|
|t:|1728433561
|move|p2a: Thundurus|Substitute|p2a: Thundurus
|-start|p2a: Thundurus|Substitute
|-damage|p2a: Thundurus|75/100
|move|p1a: Zoned out|Sunny Day|p1a: Zoned out
|-weather|SunnyDay
|
|-weather|SunnyDay|[upkeep]
|-heal|p2a: Thundurus|81/100|[from] item: Leftovers
|upkeep
|turn|24
|
|t:|1728433565
|move|p2a: Thundurus|Focus Blast|p1a: Zoned out
|-supereffective|p1a: Zoned out
|-damage|p1a: Zoned out|0 fnt
|-enditem|p1a: Zoned out|Air Balloon
|faint|p1a: Zoned out
|
|-weather|SunnyDay|[upkeep]
|-heal|p2a: Thundurus|88/100|[from] item: Leftovers
|upkeep
|
|t:|1728433574
|switch|p1a: No regen?|Reuniclus, M|100/100
|-damage|p1a: No regen?|88/100|[from] Stealth Rock
|-damage|p1a: No regen?|76/100|[from] Spikes
|turn|25
|
|t:|1728433579
|move|p2a: Thundurus|Hidden Power|p1a: No regen?
|-damage|p1a: No regen?|54/100
|move|p1a: No regen?|Psychic|p2a: Thundurus
|-end|p2a: Thundurus|Substitute
|
|-weather|SunnyDay|[upkeep]
|-heal|p2a: Thundurus|94/100|[from] item: Leftovers
|upkeep
|turn|26
|
|t:|1728433588
|switch|p2a: Politoed|Politoed, M|53/100
|-weather|RainDance|[from] ability: Drizzle|[of] p2a: Politoed
|move|p1a: No regen?|Psychic|p2a: Politoed
|-damage|p2a: Politoed|9/100
|
|-weather|RainDance|[upkeep]
|-heal|p2a: Politoed|15/100|[from] item: Leftovers
|upkeep
|turn|27
|
|t:|1728433594
|move|p2a: Politoed|Protect|p2a: Politoed
|-singleturn|p2a: Politoed|Protect
|move|p1a: No regen?|Psychic|p2a: Politoed
|-activate|p2a: Politoed|move: Protect
|
|-weather|RainDance|[upkeep]
|-heal|p2a: Politoed|21/100|[from] item: Leftovers
|upkeep
|turn|28
|
|t:|1728433598
|move|p2a: Politoed|Scald|p1a: No regen?
|-damage|p1a: No regen?|19/100
|-status|p1a: No regen?|brn
|move|p1a: No regen?|Psychic|p2a: Politoed
|-damage|p2a: Politoed|0 fnt
|faint|p2a: Politoed
|
|-weather|RainDance|[upkeep]
|-damage|p1a: No regen?|7/100 brn|[from] brn
|upkeep
|
|t:|1728433608
|switch|p2a: Thundurus|Thundurus-Therian, M|94/100
|turn|29
|
|t:|1728433612
|switch|p1a: Me Me Starmie|Starmie|8/100 brn
|-damage|p1a: Me Me Starmie|0 fnt|[from] Stealth Rock
|faint|p1a: Me Me Starmie
|move|p2a: Thundurus|Thunder|p1: Me Me Starmie|[notarget]
|-fail|p2a: Thundurus
|
|-weather|RainDance|[upkeep]
|-heal|p2a: Thundurus|99/100|[from] item: Leftovers
|upkeep
|
|t:|1728433624
|switch|p1a: No regen?|Reuniclus, M|40/100 brn
|-damage|p1a: No regen?|28/100 brn|[from] Stealth Rock
|-damage|p1a: No regen?|15/100 brn|[from] Spikes
|turn|30
|
|t:|1728433627
|switch|p1a: ...and you flinch|Jirachi|34/100 par
|-damage|p1a: ...and you flinch|27/100 par|[from] Stealth Rock
|-damage|p1a: ...and you flinch|15/100 par|[from] Spikes
|move|p2a: Thundurus|Thunder|p1a: ...and you flinch
|-damage|p1a: ...and you flinch|0 fnt
|faint|p1a: ...and you flinch
|
|-weather|RainDance|[upkeep]
|-heal|p2a: Thundurus|100/100|[from] item: Leftovers
|upkeep
|
|t:|1728433640
|switch|p1a: One Wing Angel|Latios, M|100/100
|-damage|p1a: One Wing Angel|88/100|[from] Stealth Rock
|turn|31
|
|t:|1728433646
|move|p1a: One Wing Angel|Dragon Pulse|p2a: Thundurus
|-damage|p2a: Thundurus|36/100
|move|p2a: Thundurus|Hidden Power|p1a: One Wing Angel
|-supereffective|p1a: One Wing Angel
|-damage|p1a: One Wing Angel|36/100
|
|-weather|RainDance|[upkeep]
|-heal|p2a: Thundurus|42/100|[from] item: Leftovers
|upkeep
|turn|32
|
|t:|1728433654
|move|p1a: One Wing Angel|Dragon Pulse|p2a: Thundurus
|-damage|p2a: Thundurus|0 fnt
|faint|p2a: Thundurus
|
|-weather|RainDance|[upkeep]
|upkeep
|
|t:|1728433656
|switch|p2a: Tentacruel|Tentacruel, M|51/100
|turn|33
|
|t:|1728433660
|move|p2a: Tentacruel|Protect|p2a: Tentacruel
|-singleturn|p2a: Tentacruel|Protect
|move|p1a: One Wing Angel|Dragon Pulse|p2a: Tentacruel
|-activate|p2a: Tentacruel|move: Protect
|
|-weather|RainDance|[upkeep]
|-heal|p2a: Tentacruel|57/100|[from] ability: Rain Dish
|-heal|p2a: Tentacruel|64/100|[from] item: Black Sludge
|upkeep
|turn|34
|
|t:|1728433663
|move|p1a: One Wing Angel|Dragon Pulse|p2a: Tentacruel
|-damage|p2a: Tentacruel|26/100
|move|p2a: Tentacruel|Toxic|p1a: One Wing Angel
|-status|p1a: One Wing Angel|tox
|
|-weather|RainDance|[upkeep]
|-heal|p2a: Tentacruel|33/100|[from] ability: Rain Dish
|-heal|p2a: Tentacruel|39/100|[from] item: Black Sludge
|-damage|p1a: One Wing Angel|30/100 tox|[from] psn
|upkeep
|turn|35
|
|t:|1728433667
|move|p2a: Tentacruel|Protect|p2a: Tentacruel
|-singleturn|p2a: Tentacruel|Protect
|move|p1a: One Wing Angel|Dragon Pulse|p2a: Tentacruel
|-activate|p2a: Tentacruel|move: Protect
|
|-weather|RainDance|[upkeep]
|-heal|p2a: Tentacruel|45/100|[from] ability: Rain Dish
|-heal|p2a: Tentacruel|51/100|[from] item: Black Sludge
|-damage|p1a: One Wing Angel|18/100 tox|[from] psn
|upkeep
|turn|36
|
|t:|1728433673
|switch|p1a: No regen?|Reuniclus, M|49/100 brn
|-damage|p1a: No regen?|36/100 brn|[from] Stealth Rock
|-damage|p1a: No regen?|24/100 brn|[from] Spikes
|switch|p2a: Keldeo|Keldeo-Resolute|100/100
|
|-weather|RainDance|[upkeep]
|-damage|p1a: No regen?|12/100 brn|[from] brn
|upkeep
|turn|37
|
|t:|1728433678
|move|p2a: Keldeo|Surf|p1a: No regen?
|-damage|p1a: No regen?|0 fnt
|faint|p1a: No regen?
|
|-weather|RainDance|[upkeep]
|upkeep
|
|t:|1728433681
|switch|p1a: the nite|Dragonite, M|100/100
|-damage|p1a: the nite|76/100|[from] Stealth Rock
|turn|38
|
|t:|1728433684
|move|p2a: Keldeo|Surf|p1a: the nite
|-resisted|p1a: the nite
|-damage|p1a: the nite|20/100
|move|p1a: the nite|Dragon Dance|p1a: the nite
|-boost|p1a: the nite|atk|1
|-boost|p1a: the nite|spe|1
|
|-weather|RainDance|[upkeep]
|upkeep
|turn|39
|
|t:|1728433692
|move|p1a: the nite|Outrage|p2a: Keldeo
|-damage|p2a: Keldeo|0 fnt
|faint|p2a: Keldeo
|
|-weather|RainDance|[upkeep]
|upkeep
|
|t:|1728433695
|switch|p2a: Tentacruel|Tentacruel, M|51/100
|turn|40
|
|t:|1728433697
|move|p2a: Tentacruel|Protect|p2a: Tentacruel
|-singleturn|p2a: Tentacruel|Protect
|move|p1a: the nite|Outrage|p2a: Tentacruel|[from]lockedmove
|-activate|p2a: Tentacruel|move: Protect
|
|-weather|RainDance|[upkeep]
|-heal|p2a: Tentacruel|57/100|[from] ability: Rain Dish
|-heal|p2a: Tentacruel|64/100|[from] item: Black Sludge
|upkeep
|turn|41
|
|t:|1728433703
|move|p1a: the nite|Outrage|p2a: Tentacruel
|-damage|p2a: Tentacruel|0 fnt
|faint|p2a: Tentacruel
|
|-weather|RainDance|[upkeep]
|upkeep
|c|☆Al-my69|gg
|
|t:|1728433709
|switch|p2a: Latios|Latios, M|26/100
|turn|42
|
|t:|1728433712
|move|p1a: the nite|Outrage|p2a: Latios|[from]lockedmove
|-supereffective|p2a: Latios
|-damage|p2a: Latios|0 fnt
|faint|p2a: Latios
|
|win|Al-my69
|raw|Al-my69's rating: 1344 &rarr; <strong>1368</strong><br />(+24 for winning)
|raw|combeeuwu's rating: 1423 &rarr; <strong>1399</strong><br />(-24 for losing)
|l|☆combeeuwu
|player|p2|
