|j|‽SMILETOAD
|j|☆CalamityGreed
|player|p1|SMILETOAD|psychicfjp-gen3|1444
|player|p2|CalamityGreed|burglar-gen2|1519
|teamsize|p1|6
|teamsize|p2|6
|gametype|singles
|gen|5
|tier|[Gen 5] OU
|rated|
|clearpoke
|poke|p1|Jirachi|item
|poke|p1|Reuniclus, M|item
|poke|p1|Dragonite, M|item
|poke|p1|Starmie|item
|poke|p1|Magnezone|item
|poke|p1|Garchomp, M|item
|poke|p2|Tyranitar, F|item
|poke|p2|Skarmory, F|item
|poke|p2|Jellicent, M|item
|poke|p2|Landorus-Therian, M|item
|poke|p2|Breloom, M|item
|poke|p2|Heatran, M|item
|rule|Species Clause: Limit one of each Pokémon
|rule|OHKO Clause: OHKO moves are banned
|rule|Moody Clause: Moody is banned
|rule|Evasion Moves Clause: Evasion moves are banned
|rule|Endless Battle Clause: Forcing endless battles is banned
|rule|HP Percentage Mod: HP is shown in percentages
|rule|Evasion Abilities Clause: Evasion abilities are banned
|rule|Baton Pass Clause: Limit one Baton Passer, can't pass Spe and other stats simultaneously
|rule|Sleep Clause: Sleep-inducing moves are banned
|rule|Swagger Clause: Swagger is banned
|teampreview
|c|☆CalamityGreed|oh u again
|
|start
|switch|p1a: Jirachi|Jirachi|100/100
|switch|p2a: Silver Chariot|Landorus-Therian, M|100/100
|-ability|p2a: Silver Chariot|Intimidate|boost
|-unboost|p1a: Jirachi|atk|1
|turn|1
|
|move|p2a: Silver Chariot|U-turn|p1a: Jirachi
|-damage|p1a: Jirachi|78/100
|
|switch|p2a: Black Sabbath|Tyranitar, F, shiny|100/100|[from]move: U-turn
|-weather|Sandstorm|[from] ability: Sand Stream|[of] p2a: Black Sabbath
|move|p1a: Jirachi|Icy Wind|p2a: Black Sabbath|[miss]
|-miss|p1a: Jirachi|p2a: Black Sabbath
|
|-weather|Sandstorm|[upkeep]
|-heal|p1a: Jirachi|85/100|[from] item: Leftovers
|upkeep
|turn|2
|
|move|p1a: Jirachi|Iron Head|p2a: Black Sabbath
|-supereffective|p2a: Black Sabbath
|-damage|p2a: Black Sabbath|69/100
|move|p2a: Black Sabbath|Stealth Rock|p1a: Jirachi
|-sidestart|p1: SMILETOAD|move: Stealth Rock
|
|-weather|Sandstorm|[upkeep]
|-heal|p1a: Jirachi|91/100|[from] item: Leftovers
|upkeep
|turn|3
|
|switch|p2a: Manic Depression|Heatran, M|100/100
|move|p1a: Jirachi|Stealth Rock|p2a: Manic Depression
|-sidestart|p2: CalamityGreed|move: Stealth Rock
|
|-weather|Sandstorm|[upkeep]
|-heal|p1a: Jirachi|97/100|[from] item: Leftovers
|upkeep
|turn|4
|
|switch|p1a: Reuniclus|Reuniclus, M|100/100
|move|p2a: Manic Depression|Hidden Power|p1a: Reuniclus
|-damage|p1a: Reuniclus|75/100
|
|-weather|Sandstorm|[upkeep]
|-heal|p1a: Reuniclus|81/100|[from] item: Leftovers
|upkeep
|turn|5
|
|switch|p2a: Black Sabbath|Tyranitar, F, shiny|69/100
|-damage|p2a: Black Sabbath|57/100|[from] Stealth Rock
|move|p1a: Reuniclus|Focus Blast|p2a: Black Sabbath
|-supereffective|p2a: Black Sabbath
|-enditem|p2a: Black Sabbath|Chople Berry|[eat]
|-enditem|p2a: Black Sabbath|Chople Berry|[weaken]
|-damage|p2a: Black Sabbath|24/100
|-unboost|p2a: Black Sabbath|spd|1
|
|-weather|Sandstorm|[upkeep]
|-heal|p1a: Reuniclus|87/100|[from] item: Leftovers
|upkeep
|turn|6
|
|move|p2a: Black Sabbath|Pursuit|p1a: Reuniclus
|-supereffective|p1a: Reuniclus
|-damage|p1a: Reuniclus|57/100
|move|p1a: Reuniclus|Focus Blast|p2a: Black Sabbath
|-supereffective|p2a: Black Sabbath
|-damage|p2a: Black Sabbath|0 fnt
|faint|p2a: Black Sabbath
|
|-weather|Sandstorm|[upkeep]
|-heal|p1a: Reuniclus|63/100|[from] item: Leftovers
|upkeep
|
|switch|p2a: Silver Chariot|Landorus-Therian, M|100/100
|-damage|p2a: Silver Chariot|88/100|[from] Stealth Rock
|-ability|p2a: Silver Chariot|Intimidate|boost
|-unboost|p1a: Reuniclus|atk|1
|turn|7
|
|move|p2a: Silver Chariot|U-turn|p1a: Reuniclus
|-supereffective|p1a: Reuniclus
|-damage|p1a: Reuniclus|27/100
|
|switch|p2a: Talking Heads|Jellicent, M, shiny|100/100|[from]move: U-turn
|-damage|p2a: Talking Heads|88/100|[from] Stealth Rock
|move|p1a: Reuniclus|Recover|p1a: Reuniclus
|-heal|p1a: Reuniclus|77/100
|
|-weather|Sandstorm|[upkeep]
|-damage|p2a: Talking Heads|82/100|[from] Sandstorm
|-heal|p2a: Talking Heads|88/100|[from] item: Leftovers
|-heal|p1a: Reuniclus|84/100|[from] item: Leftovers
|upkeep
|turn|8
|
|switch|p1a: Magnezone|Magnezone|100/100
|-damage|p1a: Magnezone|94/100|[from] Stealth Rock
|-item|p1a: Magnezone|Air Balloon
|move|p2a: Talking Heads|Taunt|p1a: Magnezone
|-start|p1a: Magnezone|move: Taunt
|
|-weather|Sandstorm|[upkeep]
|-damage|p2a: Talking Heads|82/100|[from] Sandstorm
|-heal|p2a: Talking Heads|88/100|[from] item: Leftovers
|upkeep
|turn|9
|
|switch|p1a: Starmie|Starmie|100/100
|-damage|p1a: Starmie|88/100|[from] Stealth Rock
|switch|p2a: Manic Depression|Heatran, M|100/100
|-damage|p2a: Manic Depression|88/100|[from] Stealth Rock
|
|-weather|Sandstorm|[upkeep]
|-damage|p1a: Starmie|82/100|[from] Sandstorm
|-heal|p2a: Manic Depression|94/100|[from] item: Leftovers
|upkeep
|turn|10
|
|switch|p2a: Talking Heads|Jellicent, M, shiny|88/100
|-damage|p2a: Talking Heads|76/100|[from] Stealth Rock
|move|p1a: Starmie|Hydro Pump|p2a: Talking Heads
|-heal|p2a: Talking Heads|100/100|[from] ability: Water Absorb|[of] p1a: Starmie
|
|-weather|Sandstorm|[upkeep]
|-damage|p1a: Starmie|76/100|[from] Sandstorm
|-damage|p2a: Talking Heads|94/100|[from] Sandstorm
|-heal|p2a: Talking Heads|100/100|[from] item: Leftovers
|upkeep
|turn|11
|
|switch|p2a: Silver Chariot|Landorus-Therian, M|88/100
|-damage|p2a: Silver Chariot|76/100|[from] Stealth Rock
|-ability|p2a: Silver Chariot|Intimidate|boost
|-unboost|p1a: Starmie|atk|1
|move|p1a: Starmie|Thunderbolt|p2a: Silver Chariot
|-immune|p2a: Silver Chariot
|
|-weather|Sandstorm|[upkeep]
|-damage|p1a: Starmie|70/100|[from] Sandstorm
|upkeep
|turn|12
|
|switch|p1a: Garchomp|Garchomp, M|100/100
|-damage|p1a: Garchomp|94/100|[from] Stealth Rock
|move|p2a: Silver Chariot|U-turn|p1a: Garchomp
|-damage|p1a: Garchomp|68/100
|-damage|p2a: Silver Chariot|64/100|[from] ability: Rough Skin|[of] p1a: Garchomp
|
|switch|p2a: Talking Heads|Jellicent, M, shiny|100/100|[from]move: U-turn
|-damage|p2a: Talking Heads|88/100|[from] Stealth Rock
|
|-weather|Sandstorm|[upkeep]
|-damage|p2a: Talking Heads|82/100|[from] Sandstorm
|-heal|p2a: Talking Heads|88/100|[from] item: Leftovers
|upkeep
|turn|13
|
|switch|p1a: Reuniclus|Reuniclus, M|84/100
|move|p2a: Talking Heads|Will-O-Wisp|p1a: Reuniclus
|-status|p1a: Reuniclus|brn
|
|-weather|Sandstorm|[upkeep]
|-damage|p2a: Talking Heads|82/100|[from] Sandstorm
|-heal|p2a: Talking Heads|88/100|[from] item: Leftovers
|-heal|p1a: Reuniclus|90/100 brn|[from] item: Leftovers
|upkeep
|turn|14
|
|switch|p1a: Jirachi|Jirachi|97/100
|-damage|p1a: Jirachi|91/100|[from] Stealth Rock
|move|p2a: Talking Heads|Taunt|p1a: Jirachi
|-start|p1a: Jirachi|move: Taunt
|
|-weather|Sandstorm|[upkeep]
|-damage|p2a: Talking Heads|82/100|[from] Sandstorm
|-heal|p1a: Jirachi|97/100|[from] item: Leftovers
|-heal|p2a: Talking Heads|88/100|[from] item: Leftovers
|upkeep
|turn|15
|
|move|p1a: Jirachi|Iron Head|p2a: Talking Heads
|-resisted|p2a: Talking Heads
|-damage|p2a: Talking Heads|75/100
|cant|p2a: Talking Heads|flinch
|
|-weather|Sandstorm|[upkeep]
|-damage|p2a: Talking Heads|68/100|[from] Sandstorm
|-heal|p1a: Jirachi|100/100|[from] item: Leftovers
|-heal|p2a: Talking Heads|75/100|[from] item: Leftovers
|upkeep
|turn|16
|
|move|p1a: Jirachi|Iron Head|p2a: Talking Heads
|-resisted|p2a: Talking Heads
|-damage|p2a: Talking Heads|62/100
|cant|p2a: Talking Heads|flinch
|
|-weather|Sandstorm|[upkeep]
|-damage|p2a: Talking Heads|56/100|[from] Sandstorm
|-heal|p2a: Talking Heads|62/100|[from] item: Leftovers
|-end|p1a: Jirachi|move: Taunt
|upkeep
|turn|17
|
|move|p1a: Jirachi|Iron Head|p2a: Talking Heads
|-resisted|p2a: Talking Heads
|-damage|p2a: Talking Heads|48/100
|move|p2a: Talking Heads|Will-O-Wisp|p1a: Jirachi
|-status|p1a: Jirachi|brn
|
|-weather|Sandstorm|[upkeep]
|-damage|p2a: Talking Heads|42/100|[from] Sandstorm
|-heal|p2a: Talking Heads|48/100|[from] item: Leftovers
|-damage|p1a: Jirachi|88/100 brn|[from] brn
|upkeep
|turn|18
|
|switch|p1a: Dragonite|Dragonite, M|100/100
|-damage|p1a: Dragonite|76/100|[from] Stealth Rock
|move|p2a: Talking Heads|Recover|p2a: Talking Heads
|-heal|p2a: Talking Heads|99/100
|
|-weather|Sandstorm|[upkeep]
|-damage|p1a: Dragonite|69/100|[from] Sandstorm
|-damage|p2a: Talking Heads|92/100|[from] Sandstorm
|-heal|p1a: Dragonite|76/100|[from] item: Leftovers
|-heal|p2a: Talking Heads|99/100|[from] item: Leftovers
|upkeep
|turn|19
|
|move|p1a: Dragonite|Substitute|p1a: Dragonite
|-start|p1a: Dragonite|Substitute
|-damage|p1a: Dragonite|51/100
|move|p2a: Talking Heads|Will-O-Wisp||[still]
|-fail|p2a: Talking Heads
|
|-weather|Sandstorm|[upkeep]
|-damage|p1a: Dragonite|45/100|[from] Sandstorm
|-damage|p2a: Talking Heads|92/100|[from] Sandstorm
|-heal|p1a: Dragonite|51/100|[from] item: Leftovers
|-heal|p2a: Talking Heads|99/100|[from] item: Leftovers
|upkeep
|turn|20
|
|move|p1a: Dragonite|Roost|p1a: Dragonite
|-heal|p1a: Dragonite|100/100
|-singleturn|p1a: Dragonite|move: Roost
|move|p2a: Talking Heads|Night Shade|p1a: Dragonite
|-end|p1a: Dragonite|Substitute
|
|-weather|Sandstorm|[upkeep]
|-damage|p1a: Dragonite|94/100|[from] Sandstorm
|-damage|p2a: Talking Heads|92/100|[from] Sandstorm
|-heal|p1a: Dragonite|100/100|[from] item: Leftovers
|-heal|p2a: Talking Heads|99/100|[from] item: Leftovers
|upkeep
|turn|21
|
|switch|p1a: Magnezone|Magnezone|94/100
|-damage|p1a: Magnezone|88/100|[from] Stealth Rock
|-item|p1a: Magnezone|Air Balloon
|move|p2a: Talking Heads|Taunt|p1a: Magnezone
|-start|p1a: Magnezone|move: Taunt
|
|-weather|Sandstorm|[upkeep]
|-damage|p2a: Talking Heads|92/100|[from] Sandstorm
|-heal|p2a: Talking Heads|99/100|[from] item: Leftovers
|upkeep
|turn|22
|
|switch|p1a: Reuniclus|Reuniclus, M|90/100 brn
|switch|p2a: Manic Depression|Heatran, M|94/100
|-damage|p2a: Manic Depression|82/100|[from] Stealth Rock
|
|-weather|Sandstorm|[upkeep]
|-heal|p2a: Manic Depression|88/100|[from] item: Leftovers
|-heal|p1a: Reuniclus|96/100 brn|[from] item: Leftovers
|upkeep
|turn|23
|
|move|p2a: Manic Depression|Magma Storm|p1a: Reuniclus|[miss]
|-miss|p2a: Manic Depression|p1a: Reuniclus
|move|p1a: Reuniclus|Calm Mind|p1a: Reuniclus
|-boost|p1a: Reuniclus|spa|1
|-boost|p1a: Reuniclus|spd|1
|
|-weather|Sandstorm|[upkeep]
|-heal|p2a: Manic Depression|94/100|[from] item: Leftovers
|-heal|p1a: Reuniclus|100/100 brn|[from] item: Leftovers
|upkeep
|turn|24
|
|switch|p2a: Talking Heads|Jellicent, M, shiny|99/100
|-damage|p2a: Talking Heads|86/100|[from] Stealth Rock
|move|p1a: Reuniclus|Focus Blast|p2a: Talking Heads
|-immune|p2a: Talking Heads
|
|-weather|Sandstorm|[upkeep]
|-damage|p2a: Talking Heads|80/100|[from] Sandstorm
|-heal|p2a: Talking Heads|86/100|[from] item: Leftovers
|upkeep
|turn|25
|
|move|p2a: Talking Heads|Taunt|p1a: Reuniclus
|-start|p1a: Reuniclus|move: Taunt
|cant|p1a: Reuniclus|move: Taunt|Calm Mind
|
|-weather|Sandstorm|[upkeep]
|-damage|p2a: Talking Heads|80/100|[from] Sandstorm
|-heal|p2a: Talking Heads|86/100|[from] item: Leftovers
|upkeep
|turn|26
|
|switch|p1a: Jirachi|Jirachi|88/100 brn
|-damage|p1a: Jirachi|82/100 brn|[from] Stealth Rock
|move|p2a: Talking Heads|Night Shade|p1a: Jirachi
|-damage|p1a: Jirachi|57/100 brn
|
|-weather|Sandstorm|[upkeep]
|-damage|p2a: Talking Heads|80/100|[from] Sandstorm
|-heal|p1a: Jirachi|63/100 brn|[from] item: Leftovers
|-heal|p2a: Talking Heads|86/100|[from] item: Leftovers
|-damage|p1a: Jirachi|51/100 brn|[from] brn
|upkeep
|turn|27
|
|move|p1a: Jirachi|Iron Head|p2a: Talking Heads
|-resisted|p2a: Talking Heads
|-crit|p2a: Talking Heads
|-damage|p2a: Talking Heads|72/100
|cant|p2a: Talking Heads|flinch
|
|-weather|Sandstorm|[upkeep]
|-damage|p2a: Talking Heads|66/100|[from] Sandstorm
|-heal|p1a: Jirachi|57/100 brn|[from] item: Leftovers
|-heal|p2a: Talking Heads|72/100|[from] item: Leftovers
|-damage|p1a: Jirachi|45/100 brn|[from] brn
|upkeep
|turn|28
|
|move|p1a: Jirachi|Iron Head|p2a: Talking Heads
|-resisted|p2a: Talking Heads
|-damage|p2a: Talking Heads|65/100
|move|p2a: Talking Heads|Night Shade|p1a: Jirachi
|-damage|p1a: Jirachi|20/100 brn
|
|-weather|Sandstorm|[upkeep]
|-damage|p2a: Talking Heads|59/100|[from] Sandstorm
|-heal|p1a: Jirachi|26/100 brn|[from] item: Leftovers
|-heal|p2a: Talking Heads|65/100|[from] item: Leftovers
|-damage|p1a: Jirachi|14/100 brn|[from] brn
|upkeep
|turn|29
|
|switch|p2a: Manic Depression|Heatran, M|94/100
|-damage|p2a: Manic Depression|82/100|[from] Stealth Rock
|move|p1a: Jirachi|Iron Head|p2a: Manic Depression
|-resisted|p2a: Manic Depression
|-damage|p2a: Manic Depression|79/100
|
|-weather|Sandstorm|[upkeep]
|-heal|p1a: Jirachi|20/100 brn|[from] item: Leftovers
|-heal|p2a: Manic Depression|85/100|[from] item: Leftovers
|-damage|p1a: Jirachi|7/100 brn|[from] brn
|upkeep
|turn|30
|
|move|p1a: Jirachi|Iron Head|p2a: Manic Depression
|-resisted|p2a: Manic Depression
|-damage|p2a: Manic Depression|81/100
|move|p2a: Manic Depression|Earth Power|p1a: Jirachi
|-supereffective|p1a: Jirachi
|-damage|p1a: Jirachi|0 fnt
|faint|p1a: Jirachi
|
|-weather|Sandstorm|[upkeep]
|-heal|p2a: Manic Depression|87/100|[from] item: Leftovers
|upkeep
|
|switch|p1a: Starmie|Starmie|70/100
|-damage|p1a: Starmie|58/100|[from] Stealth Rock
|turn|31
|
|switch|p2a: Gold Experience|Breloom, M, shiny|100/100
|-damage|p2a: Gold Experience|94/100|[from] Stealth Rock
|move|p1a: Starmie|Hydro Pump|p2a: Gold Experience
|-resisted|p2a: Gold Experience
|-damage|p2a: Gold Experience|55/100
|-damage|p1a: Starmie|48/100|[from] item: Life Orb
|
|-weather|Sandstorm|[upkeep]
|-damage|p1a: Starmie|41/100|[from] Sandstorm
|-damage|p2a: Gold Experience|49/100|[from] Sandstorm
|-status|p2a: Gold Experience|tox|[from] item: Toxic Orb
|upkeep
|turn|32
|
|move|p2a: Gold Experience|Protect|p2a: Gold Experience
|-singleturn|p2a: Gold Experience|Protect
|move|p1a: Starmie|Ice Beam|p2a: Gold Experience
|-activate|p2a: Gold Experience|move: Protect
|
|-weather|Sandstorm|[upkeep]
|-damage|p1a: Starmie|35/100|[from] Sandstorm
|-damage|p2a: Gold Experience|43/100 tox|[from] Sandstorm
|-heal|p2a: Gold Experience|55/100 tox|[from] ability: Poison Heal
|upkeep
|turn|33
|
|move|p1a: Starmie|Rapid Spin|p2a: Gold Experience
|-damage|p2a: Gold Experience|47/100 tox
|-sideend|p1: SMILETOAD|Stealth Rock|[from] move: Rapid Spin|[of] p1a: Starmie
|-damage|p1a: Starmie|25/100|[from] item: Life Orb
|move|p2a: Gold Experience|Facade|p1a: Starmie
|-crit|p1a: Starmie
|-damage|p1a: Starmie|0 fnt
|faint|p1a: Starmie
|
|-weather|Sandstorm|[upkeep]
|-damage|p2a: Gold Experience|41/100 tox|[from] Sandstorm
|-heal|p2a: Gold Experience|54/100 tox|[from] ability: Poison Heal
|upkeep
|
|switch|p1a: Dragonite|Dragonite, M|100/100
|turn|34
|
|switch|p2a: Silver Chariot|Landorus-Therian, M|64/100
|-damage|p2a: Silver Chariot|52/100|[from] Stealth Rock
|-ability|p2a: Silver Chariot|Intimidate|boost
|-unboost|p1a: Dragonite|atk|1
|move|p1a: Dragonite|Dragon Dance|p1a: Dragonite
|-boost|p1a: Dragonite|atk|1
|-boost|p1a: Dragonite|spe|1
|
|-weather|Sandstorm|[upkeep]
|-damage|p1a: Dragonite|94/100|[from] Sandstorm
|-heal|p1a: Dragonite|100/100|[from] item: Leftovers
|upkeep
|turn|35
|
|move|p2a: Silver Chariot|U-turn|p1a: Dragonite
|-resisted|p1a: Dragonite
|-damage|p1a: Dragonite|95/100
|
|switch|p2a: Manic Depression|Heatran, M|87/100|[from]move: U-turn
|-damage|p2a: Manic Depression|75/100|[from] Stealth Rock
|move|p1a: Dragonite|Dragon Dance|p1a: Dragonite
|-boost|p1a: Dragonite|atk|1
|-boost|p1a: Dragonite|spe|1
|
|-weather|Sandstorm|[upkeep]
|-damage|p1a: Dragonite|89/100|[from] Sandstorm
|-heal|p1a: Dragonite|95/100|[from] item: Leftovers
|-heal|p2a: Manic Depression|81/100|[from] item: Leftovers
|upkeep
|turn|36
|
|move|p1a: Dragonite|Roost|p1a: Dragonite
|-heal|p1a: Dragonite|100/100
|-singleturn|p1a: Dragonite|move: Roost
|move|p2a: Manic Depression|Hidden Power|p1a: Dragonite
|-supereffective|p1a: Dragonite
|-damage|p1a: Dragonite|77/100
|
|-weather|Sandstorm|[upkeep]
|-damage|p1a: Dragonite|71/100|[from] Sandstorm
|-heal|p1a: Dragonite|77/100|[from] item: Leftovers
|-heal|p2a: Manic Depression|87/100|[from] item: Leftovers
|upkeep
|turn|37
|
|move|p1a: Dragonite|Roost|p1a: Dragonite
|-heal|p1a: Dragonite|100/100
|-singleturn|p1a: Dragonite|move: Roost
|move|p2a: Manic Depression|Hidden Power|p1a: Dragonite
|-supereffective|p1a: Dragonite
|-damage|p1a: Dragonite|76/100
|
|-weather|Sandstorm|[upkeep]
|-damage|p1a: Dragonite|70/100|[from] Sandstorm
|-heal|p1a: Dragonite|76/100|[from] item: Leftovers
|-heal|p2a: Manic Depression|94/100|[from] item: Leftovers
|upkeep
|turn|38
|
|move|p1a: Dragonite|Roost|p1a: Dragonite
|-heal|p1a: Dragonite|100/100
|-singleturn|p1a: Dragonite|move: Roost
|move|p2a: Manic Depression|Hidden Power|p1a: Dragonite
|-supereffective|p1a: Dragonite
|-damage|p1a: Dragonite|78/100
|
|-weather|Sandstorm|[upkeep]
|-damage|p1a: Dragonite|72/100|[from] Sandstorm
|-heal|p1a: Dragonite|78/100|[from] item: Leftovers
|-heal|p2a: Manic Depression|99/100|[from] item: Leftovers
|upkeep
|turn|39
|
|move|p1a: Dragonite|Roost|p1a: Dragonite
|-heal|p1a: Dragonite|100/100
|-singleturn|p1a: Dragonite|move: Roost
|move|p2a: Manic Depression|Hidden Power|p1a: Dragonite
|-supereffective|p1a: Dragonite
|-damage|p1a: Dragonite|80/100
|
|-weather|Sandstorm|[upkeep]
|-damage|p1a: Dragonite|74/100|[from] Sandstorm
|-heal|p1a: Dragonite|80/100|[from] item: Leftovers
|-heal|p2a: Manic Depression|100/100|[from] item: Leftovers
|upkeep
|turn|40
|
|move|p1a: Dragonite|Dragon Dance|p1a: Dragonite
|-boost|p1a: Dragonite|atk|1
|-boost|p1a: Dragonite|spe|1
|move|p2a: Manic Depression|Magma Storm|p1a: Dragonite
|-resisted|p1a: Dragonite
|-damage|p1a: Dragonite|53/100
|-activate|p1a: Dragonite|move: Magma Storm|[of] p2a: Manic Depression
|
|-weather|Sandstorm|[upkeep]
|-damage|p1a: Dragonite|47/100|[from] Sandstorm
|-heal|p1a: Dragonite|53/100|[from] item: Leftovers
|-damage|p1a: Dragonite|47/100|[from] move: Magma Storm|[partiallytrapped]
|upkeep
|turn|41
|
|move|p1a: Dragonite|Roost|p1a: Dragonite
|-heal|p1a: Dragonite|97/100
|-singleturn|p1a: Dragonite|move: Roost
|move|p2a: Manic Depression|Hidden Power|p1a: Dragonite
|-supereffective|p1a: Dragonite
|-damage|p1a: Dragonite|53/100
|
|-weather|Sandstorm|[upkeep]
|-damage|p1a: Dragonite|47/100|[from] Sandstorm
|-heal|p1a: Dragonite|53/100|[from] item: Leftovers
|-damage|p1a: Dragonite|47/100|[from] move: Magma Storm|[partiallytrapped]
|upkeep
|turn|42
|
|move|p1a: Dragonite|Roost|p1a: Dragonite
|-heal|p1a: Dragonite|97/100
|-singleturn|p1a: Dragonite|move: Roost
|move|p2a: Manic Depression|Hidden Power|p1a: Dragonite
|-supereffective|p1a: Dragonite
|-damage|p1a: Dragonite|48/100
|
|-weather|Sandstorm|[upkeep]
|-damage|p1a: Dragonite|42/100|[from] Sandstorm
|-heal|p1a: Dragonite|48/100|[from] item: Leftovers
|-damage|p1a: Dragonite|42/100|[from] move: Magma Storm|[partiallytrapped]
|upkeep
|turn|43
|
|move|p1a: Dragonite|Roost|p1a: Dragonite
|-heal|p1a: Dragonite|92/100
|-singleturn|p1a: Dragonite|move: Roost
|move|p2a: Manic Depression|Hidden Power|p1a: Dragonite
|-supereffective|p1a: Dragonite
|-damage|p1a: Dragonite|46/100
|
|-weather|Sandstorm|[upkeep]
|-damage|p1a: Dragonite|40/100|[from] Sandstorm
|-heal|p1a: Dragonite|46/100|[from] item: Leftovers
|-damage|p1a: Dragonite|40/100|[from] move: Magma Storm|[partiallytrapped]
|upkeep
|turn|44
|
|move|p1a: Dragonite|Roost|p1a: Dragonite
|-heal|p1a: Dragonite|90/100
|-singleturn|p1a: Dragonite|move: Roost
|move|p2a: Manic Depression|Hidden Power|p1a: Dragonite
|-supereffective|p1a: Dragonite
|-damage|p1a: Dragonite|48/100
|
|-weather|Sandstorm|[upkeep]
|-damage|p1a: Dragonite|42/100|[from] Sandstorm
|-heal|p1a: Dragonite|48/100|[from] item: Leftovers
|-end|p1a: Dragonite|Magma Storm|[partiallytrapped]
|upkeep
|turn|45
|
|move|p1a: Dragonite|Roost|p1a: Dragonite
|-heal|p1a: Dragonite|98/100
|-singleturn|p1a: Dragonite|move: Roost
|move|p2a: Manic Depression|Hidden Power|p1a: Dragonite
|-supereffective|p1a: Dragonite
|-damage|p1a: Dragonite|57/100
|
|-weather|Sandstorm|[upkeep]
|-damage|p1a: Dragonite|51/100|[from] Sandstorm
|-heal|p1a: Dragonite|57/100|[from] item: Leftovers
|upkeep
|turn|46
|
|move|p1a: Dragonite|Roost|p1a: Dragonite
|-heal|p1a: Dragonite|100/100
|-singleturn|p1a: Dragonite|move: Roost
|move|p2a: Manic Depression|Hidden Power|p1a: Dragonite
|-supereffective|p1a: Dragonite
|-damage|p1a: Dragonite|76/100
|
|-weather|Sandstorm|[upkeep]
|-damage|p1a: Dragonite|70/100|[from] Sandstorm
|-heal|p1a: Dragonite|76/100|[from] item: Leftovers
|upkeep
|turn|47
|
|move|p1a: Dragonite|Dragon Claw|p2a: Manic Depression
|-resisted|p2a: Manic Depression
|-damage|p2a: Manic Depression|65/100
|move|p2a: Manic Depression|Hidden Power|p1a: Dragonite
|-supereffective|p1a: Dragonite
|-damage|p1a: Dragonite|0 fnt
|faint|p1a: Dragonite
|
|-weather|Sandstorm|[upkeep]
|-heal|p2a: Manic Depression|71/100|[from] item: Leftovers
|upkeep
|
|switch|p1a: Garchomp|Garchomp, M|68/100
|turn|48
|
|switch|p1a: Magnezone|Magnezone|88/100
|-item|p1a: Magnezone|Air Balloon
|move|p2a: Manic Depression|Hidden Power|p1a: Magnezone
|-resisted|p1a: Magnezone
|-damage|p1a: Magnezone|72/100
|-enditem|p1a: Magnezone|Air Balloon
|
|-weather|Sandstorm|[upkeep]
|-heal|p2a: Manic Depression|77/100|[from] item: Leftovers
|upkeep
|turn|49
|
|switch|p1a: Reuniclus|Reuniclus, M|100/100 brn
|move|p2a: Manic Depression|Magma Storm|p1a: Reuniclus|[miss]
|-miss|p2a: Manic Depression|p1a: Reuniclus
|
|-weather|Sandstorm|[upkeep]
|-heal|p2a: Manic Depression|83/100|[from] item: Leftovers
|upkeep
|turn|50
|
|switch|p2a: Talking Heads|Jellicent, M, shiny|65/100
|-damage|p2a: Talking Heads|53/100|[from] Stealth Rock
|move|p1a: Reuniclus|Focus Blast|p2a: Talking Heads
|-immune|p2a: Talking Heads
|
|-weather|Sandstorm|[upkeep]
|-damage|p2a: Talking Heads|47/100|[from] Sandstorm
|-heal|p2a: Talking Heads|53/100|[from] item: Leftovers
|upkeep
|turn|51
|
|switch|p1a: Magnezone|Magnezone|72/100
|move|p2a: Talking Heads|Recover|p2a: Talking Heads
|-heal|p2a: Talking Heads|100/100
|
|-weather|Sandstorm|[upkeep]
|-damage|p2a: Talking Heads|94/100|[from] Sandstorm
|-heal|p2a: Talking Heads|100/100|[from] item: Leftovers
|upkeep
|turn|52
|
|switch|p2a: Silver Chariot|Landorus-Therian, M|52/100
|-damage|p2a: Silver Chariot|39/100|[from] Stealth Rock
|-ability|p2a: Silver Chariot|Intimidate|boost
|-unboost|p1a: Magnezone|atk|1
|move|p1a: Magnezone|Thunderbolt|p2a: Silver Chariot
|-immune|p2a: Silver Chariot
|
|-weather|Sandstorm|[upkeep]
|upkeep
|turn|53
|
|move|p2a: Silver Chariot|Earthquake|p1a: Magnezone
|-supereffective|p1a: Magnezone
|-damage|p1a: Magnezone|0 fnt
|faint|p1a: Magnezone
|
|-weather|Sandstorm|[upkeep]
|upkeep
|
|switch|p1a: Reuniclus|Reuniclus, M|100/100 brn
|turn|54
|
|switch|p2a: Talking Heads|Jellicent, M, shiny|100/100
|-damage|p2a: Talking Heads|88/100|[from] Stealth Rock
|move|p1a: Reuniclus|Hidden Power|p2a: Talking Heads
|-resisted|p2a: Talking Heads
|-damage|p2a: Talking Heads|81/100
|
|-weather|Sandstorm|[upkeep]
|-damage|p2a: Talking Heads|74/100|[from] Sandstorm
|-heal|p2a: Talking Heads|81/100|[from] item: Leftovers
|upkeep
|turn|55
|
|move|p2a: Talking Heads|Taunt|p1a: Reuniclus
|-start|p1a: Reuniclus|move: Taunt
|cant|p1a: Reuniclus|move: Taunt|Calm Mind
|
|-weather|Sandstorm|[upkeep]
|-damage|p2a: Talking Heads|74/100|[from] Sandstorm
|-heal|p2a: Talking Heads|81/100|[from] item: Leftovers
|upkeep
|turn|56
|
|move|p2a: Talking Heads|Night Shade|p1a: Reuniclus
|-damage|p1a: Reuniclus|77/100 brn
|move|p1a: Reuniclus|Hidden Power|p2a: Talking Heads
|-resisted|p2a: Talking Heads
|-damage|p2a: Talking Heads|73/100
|
|-weather|Sandstorm|[upkeep]
|-damage|p2a: Talking Heads|67/100|[from] Sandstorm
|-heal|p2a: Talking Heads|73/100|[from] item: Leftovers
|-heal|p1a: Reuniclus|83/100 brn|[from] item: Leftovers
|upkeep
|turn|57
|
|switch|p1a: Garchomp|Garchomp, M|68/100
|move|p2a: Talking Heads|Night Shade|p1a: Garchomp
|-damage|p1a: Garchomp|40/100
|
|-weather|Sandstorm|[upkeep]
|-damage|p2a: Talking Heads|67/100|[from] Sandstorm
|-heal|p2a: Talking Heads|73/100|[from] item: Leftovers
|upkeep
|turn|58
|
|switch|p2a: Silver Chariot|Landorus-Therian, M|39/100
|-damage|p2a: Silver Chariot|27/100|[from] Stealth Rock
|-ability|p2a: Silver Chariot|Intimidate|boost
|-unboost|p1a: Garchomp|atk|1
|move|p1a: Garchomp|Outrage|p2a: Silver Chariot
|-damage|p2a: Silver Chariot|0 fnt
|faint|p2a: Silver Chariot
|
|-weather|Sandstorm|[upkeep]
|upkeep
|
|switch|p2a: Manic Depression|Heatran, M|83/100
|-damage|p2a: Manic Depression|71/100|[from] Stealth Rock
|turn|59
|
|move|p1a: Garchomp|Outrage|p2a: Manic Depression|[from]lockedmove
|-resisted|p2a: Manic Depression
|-damage|p2a: Manic Depression|49/100
|move|p2a: Manic Depression|Hidden Power|p1a: Garchomp
|-supereffective|p1a: Garchomp
|-damage|p1a: Garchomp|0 fnt
|faint|p1a: Garchomp
|
|-weather|Sandstorm|[upkeep]
|-heal|p2a: Manic Depression|56/100|[from] item: Leftovers
|upkeep
|
|switch|p1a: Reuniclus|Reuniclus, M|83/100 brn
|turn|60
|c|☆CalamityGreed|gg
|
|switch|p2a: Talking Heads|Jellicent, M, shiny|73/100
|-damage|p2a: Talking Heads|60/100|[from] Stealth Rock
|move|p1a: Reuniclus|Calm Mind|p1a: Reuniclus
|-boost|p1a: Reuniclus|spa|1
|-boost|p1a: Reuniclus|spd|1
|
|-weather|Sandstorm|[upkeep]
|-damage|p2a: Talking Heads|54/100|[from] Sandstorm
|-heal|p2a: Talking Heads|60/100|[from] item: Leftovers
|-heal|p1a: Reuniclus|89/100 brn|[from] item: Leftovers
|upkeep
|turn|61
|
|move|p2a: Talking Heads|Taunt|p1a: Reuniclus
|-start|p1a: Reuniclus|move: Taunt
|move|p1a: Reuniclus|Hidden Power|p2a: Talking Heads
|-resisted|p2a: Talking Heads
|-damage|p2a: Talking Heads|49/100
|
|-weather|Sandstorm|[upkeep]
|-damage|p2a: Talking Heads|43/100|[from] Sandstorm
|-heal|p2a: Talking Heads|49/100|[from] item: Leftovers
|-heal|p1a: Reuniclus|95/100 brn|[from] item: Leftovers
|upkeep
|turn|62
|
|move|p2a: Talking Heads|Recover|p2a: Talking Heads
|-heal|p2a: Talking Heads|99/100
|move|p1a: Reuniclus|Hidden Power|p2a: Talking Heads
|-resisted|p2a: Talking Heads
|-damage|p2a: Talking Heads|87/100
|
|-weather|Sandstorm|[upkeep]
|-damage|p2a: Talking Heads|81/100|[from] Sandstorm
|-heal|p2a: Talking Heads|87/100|[from] item: Leftovers
|-heal|p1a: Reuniclus|100/100 brn|[from] item: Leftovers
|upkeep
|turn|63
|
|move|p2a: Talking Heads|Night Shade|p1a: Reuniclus
|-damage|p1a: Reuniclus|77/100 brn
|move|p1a: Reuniclus|Hidden Power|p2a: Talking Heads
|-resisted|p2a: Talking Heads
|-damage|p2a: Talking Heads|75/100
|
|-weather|Sandstorm|[upkeep]
|-damage|p2a: Talking Heads|69/100|[from] Sandstorm
|-heal|p2a: Talking Heads|75/100|[from] item: Leftovers
|-heal|p1a: Reuniclus|83/100 brn|[from] item: Leftovers
|-end|p1a: Reuniclus|move: Taunt
|upkeep
|turn|64
|
|move|p2a: Talking Heads|Taunt|p1a: Reuniclus
|-start|p1a: Reuniclus|move: Taunt
|cant|p1a: Reuniclus|move: Taunt|Calm Mind
|
|-weather|Sandstorm|[upkeep]
|-damage|p2a: Talking Heads|69/100|[from] Sandstorm
|-heal|p2a: Talking Heads|75/100|[from] item: Leftovers
|-heal|p1a: Reuniclus|89/100 brn|[from] item: Leftovers
|upkeep
|turn|65
|-message|SMILETOAD forfeited.
|
|win|CalamityGreed
|n|‽SMILETOAD|smiletoad
|n|‽bg trash player|smiletoad
|raw|SMILETOAD's rating: 1444 &rarr; <strong>1429</strong><br />(-15 for losing)
|raw|CalamityGreed's rating: 1519 &rarr; <strong>1534</strong><br />(+15 for winning)
|c|☆CalamityGreed|dude
|c|☆CalamityGreed|ur trash
|n|‽bg trash player|bgtrashplayer
|n|‽ur awful dipshit|bgtrashplayer
|n|‽ur awful dipshit|urawfuldipshit
|n|‽uluckedmelastgame|urawfuldipshit
|n|‽uluckedmelastgame|uluckedmelastgame
|n|‽autistic moron|uluckedmelastgame
|c|☆CalamityGreed|dude your complaining about serene grace jirachi
|c|☆CalamityGreed|ur so dumb
|c|☆CalamityGreed|get fuck out of here
|c|☆CalamityGreed|get the
|n|‽autistic moron|autisticmoron
|n|‽lmao retards|autisticmoron
|n|‽lmao retards|lmaoretards
|n|‽go watch the repla|lmaoretards
|n|‽go watch the repla|gowatchtherepla
|n|‽i outplayed u|gowatchtherepla
|c|☆CalamityGreed|dude dude listen
|n|‽i outplayed u|ioutplayedu
|n|‽83767 times|ioutplayedu
|n|‽83767 times|83767times
|n|‽gj cunty|83767times
|l|‽gj cunty
|j|‽smiletoad
|player|p1|smiletoad|psychicfjp-gen3
|l|‽smiletoad
|player|p1|
|c|☆CalamityGreed|ur the dumbass that let Jirachi set up
