|uhtml|medal-msg|<div class="broadcast-blue">Curious what those medals under the avatar are? PS now has Ladder Seasons! For more information, check out the <a href="https://www.smogon.com/forums/threads/3740067/">thread on Smogon.</a></div>
|uhtml|medal-msg|<div class="broadcast-blue">Curious what those medals under the avatar are? PS now has Ladder Seasons! For more information, check out the <a href="https://www.smogon.com/forums/threads/3740067/">thread on Smogon.</a></div>
|j|☆MKS10
|j|☆snof2
|t:|1712702597
|gametype|singles
|player|p1|MKS10|swimmerf|1400
|player|p2|snof2|2|1407
|teamsize|p1|6
|teamsize|p2|6
|gen|5
|tier|[Gen 5] OU
|rated|
|rule|Species Clause: Limit one of each Pokémon
|rule|OHKO Clause: OHKO moves are banned
|rule|Moody Clause: Moody is banned
|rule|Evasion Items Clause: Evasion items are banned
|rule|Evasion Moves Clause: Evasion moves are banned
|rule|Endless Battle Clause: Forcing endless battles is banned
|rule|HP Percentage Mod: HP is shown in percentages
|rule|Evasion Abilities Clause: Evasion abilities are banned
|rule|Sleep Moves Clause: Sleep-inducing moves are banned
|rule|Swagger Clause: Swagger is banned
|rule|Baton Pass Stat Clause: No Baton Passer may have a way to boost its stats
|clearpoke
|poke|p1|Politoed, M|item
|poke|p1|Forretress, F|item
|poke|p1|Latios, M|item
|poke|p1|Scizor, M|item
|poke|p1|Keldeo-Resolute|item
|poke|p1|Tentacruel, M|item
|poke|p2|Kyurem-Black|item
|poke|p2|Latios, M|item
|poke|p2|Rotom-Wash|item
|poke|p2|Gliscor, F|item
|poke|p2|Tyranitar, M|item
|poke|p2|Tentacruel, M|item
|teampreview
|
|t:|1712702621
|start
|switch|p1a: Scizor|Scizor, M|100/100
|switch|p2a: Rotom|Rotom-Wash|100/100
|turn|1
|
|t:|1712702629
|move|p1a: Scizor|U-turn|p2a: Rotom
|-damage|p2a: Rotom|74/100
|
|t:|1712702641
|switch|p1a: Forretress|Forretress, F|100/100|[from] U-turn
|move|p2a: Rotom|Will-O-Wisp|p1a: Forretress|[miss]
|-miss|p2a: Rotom|p1a: Forretress
|
|-heal|p2a: Rotom|80/100|[from] item: Leftovers
|upkeep
|turn|2
|
|t:|1712702652
|move|p2a: Rotom|Volt Switch|p1a: Forretress
|-damage|p1a: Forretress|62/100
|
|t:|1712702657
|switch|p2a: Tentacruel|Tentacruel, M|100/100|[from] Volt Switch
|move|p1a: Forretress|Stealth Rock|p2a: Tentacruel
|-sidestart|p2: snof2|move: Stealth Rock
|
|-heal|p1a: Forretress|68/100|[from] item: Leftovers
|upkeep
|turn|3
|
|t:|1712702666
|move|p2a: Tentacruel|Scald|p1a: Forretress
|-damage|p1a: Forretress|35/100
|move|p1a: Forretress|Volt Switch|p2a: Tentacruel
|-supereffective|p2a: Tentacruel
|-damage|p2a: Tentacruel|83/100
|
|t:|1712702699
|switch|p1a: Latios|Latios, M|100/100|[from] Volt Switch
|
|-heal|p2a: Tentacruel|89/100|[from] item: Black Sludge
|upkeep
|turn|4
|
|t:|1712702715
|move|p2a: Tentacruel|Protect|p2a: Tentacruel
|-singleturn|p2a: Tentacruel|Protect
|move|p1a: Latios|Trick|p2a: Tentacruel
|-activate|p2a: Tentacruel|move: Protect
|
|-heal|p2a: Tentacruel|95/100|[from] item: Black Sludge
|upkeep
|turn|5
|
|t:|1712702725
|switch|p1a: Scizor|Scizor, M|100/100
|switch|p2a: Latios|Latios, M|100/100
|-damage|p2a: Latios|88/100|[from] Stealth Rock
|
|upkeep
|turn|6
|
|t:|1712702733
|-activate|p2a: Latios|move: Pursuit
|move|p1a: Scizor|Pursuit|p2a: Latios|[from]Pursuit
|-supereffective|p2a: Latios
|-damage|p2a: Latios|5/100
|switch|p2a: Tentacruel|Tentacruel, M|95/100
|-damage|p2a: Tentacruel|83/100|[from] Stealth Rock
|
|-heal|p2a: Tentacruel|89/100|[from] item: Black Sludge
|upkeep
|turn|7
|
|t:|1712702756
|switch|p1a: Latios|Latios, M|100/100
|move|p2a: Tentacruel|Rapid Spin|p1a: Latios
|-damage|p1a: Latios|96/100
|-sideend|p2: snof2|Stealth Rock|[from] move: Rapid Spin|[of] p2a: Tentacruel
|
|-heal|p2a: Tentacruel|95/100|[from] item: Black Sludge
|upkeep
|turn|8
|
|t:|1712702767
|move|p2a: Tentacruel|Protect|p2a: Tentacruel
|-singleturn|p2a: Tentacruel|Protect
|move|p1a: Latios|Draco Meteor|p2a: Tentacruel
|-activate|p2a: Tentacruel|move: Protect
|
|-heal|p2a: Tentacruel|100/100|[from] item: Black Sludge
|upkeep
|turn|9
|
|t:|1712702785
|switch|p1a: Scizor|Scizor, M|100/100
|switch|p2a: Latios|Latios, M|5/100
|
|upkeep
|turn|10
|
|t:|1712702797
|switch|p2a: Tentacruel|Tentacruel, M|100/100
|move|p1a: Scizor|Bullet Punch|p2a: Tentacruel
|-resisted|p2a: Tentacruel
|-damage|p2a: Tentacruel|83/100
|
|-heal|p2a: Tentacruel|89/100|[from] item: Black Sludge
|upkeep
|turn|11
|
|t:|1712702832
|switch|p1a: Politoed|Politoed, M|100/100
|-weather|RainDance|[from] ability: Drizzle|[of] p1a: Politoed
|switch|p2a: Latios|Latios, M|5/100
|
|-weather|RainDance|[upkeep]
|upkeep
|turn|12
|
|t:|1712702843
|move|p2a: Latios|Draco Meteor|p1a: Politoed
|-damage|p1a: Politoed|0 fnt
|-unboost|p2a: Latios|spa|2
|faint|p1a: Politoed
|
|-weather|RainDance|[upkeep]
|upkeep
|
|t:|1712702851
|switch|p1a: Scizor|Scizor, M|100/100
|turn|13
|
|t:|1712702855
|move|p1a: Scizor|Pursuit|p2a: Latios
|-supereffective|p2a: Latios
|-damage|p2a: Latios|0 fnt
|faint|p2a: Latios
|
|-weather|RainDance|[upkeep]
|upkeep
|
|t:|1712702869
|switch|p2a: Kyurem|Kyurem-Black|100/100
|-ability|p2a: Kyurem|Teravolt
|turn|14
|
|t:|1712702878
|switch|p1a: Forretress|Forretress, F|35/100
|move|p2a: Kyurem|Substitute|p2a: Kyurem
|-start|p2a: Kyurem|Substitute
|-damage|p2a: Kyurem|76/100
|
|-weather|RainDance|[upkeep]
|-heal|p2a: Kyurem|82/100|[from] item: Leftovers
|-heal|p1a: Forretress|41/100|[from] item: Leftovers
|upkeep
|turn|15
|
|t:|1712702890
|move|p2a: Kyurem|Earth Power|p1a: Forretress
|-damage|p1a: Forretress|0 fnt
|faint|p1a: Forretress
|
|-weather|RainDance|[upkeep]
|-heal|p2a: Kyurem|88/100|[from] item: Leftovers
|upkeep
|
|t:|1712702905
|switch|p1a: Scizor|Scizor, M|100/100
|turn|16
|
|t:|1712702908
|move|p1a: Scizor|U-turn|p2a: Kyurem
|-end|p2a: Kyurem|Substitute
|
|t:|1712702917
|switch|p1a: Tentacruel|Tentacruel, M|100/100|[from] U-turn
|move|p2a: Kyurem|Earth Power|p1a: Tentacruel
|-supereffective|p1a: Tentacruel
|-damage|p1a: Tentacruel|49/100
|
|-weather|RainDance|[upkeep]
|-heal|p1a: Tentacruel|55/100|[from] ability: Rain Dish
|-heal|p1a: Tentacruel|61/100|[from] item: Black Sludge
|-heal|p2a: Kyurem|94/100|[from] item: Leftovers
|upkeep
|turn|17
|
|t:|1712702932
|move|p1a: Tentacruel|Scald|p2a: Kyurem
|-resisted|p2a: Kyurem
|-damage|p2a: Kyurem|76/100
|move|p2a: Kyurem|Fusion Bolt|p1a: Tentacruel
|-supereffective|p1a: Tentacruel
|-damage|p1a: Tentacruel|0 fnt
|faint|p1a: Tentacruel
|
|-weather|RainDance|[upkeep]
|-heal|p2a: Kyurem|82/100|[from] item: Leftovers
|upkeep
|
|t:|1712702949
|switch|p1a: Keldeo|Keldeo-Resolute|100/100
|turn|18
|
|t:|1712702956
|switch|p2a: Tentacruel|Tentacruel, M|89/100
|move|p1a: Keldeo|Secret Sword|p2a: Tentacruel
|-resisted|p2a: Tentacruel
|-damage|p2a: Tentacruel|63/100
|
|-weather|RainDance|[upkeep]
|-heal|p2a: Tentacruel|69/100|[from] ability: Rain Dish
|-heal|p2a: Tentacruel|75/100|[from] item: Black Sludge
|upkeep
|turn|19
|inactive|Battle timer is ON: inactive players will automatically lose when time's up. (requested by MKS10)
|
|t:|1712702992
|switch|p2a: Rotom|Rotom-Wash|80/100
|move|p1a: Keldeo|Taunt|p2a: Rotom
|-start|p2a: Rotom|move: Taunt
|
|-weather|RainDance|[upkeep]
|-heal|p2a: Rotom|86/100|[from] item: Leftovers
|upkeep
|turn|20
|
|t:|1712703006
|switch|p1a: Scizor|Scizor, M|100/100
|move|p2a: Rotom|Volt Switch|p1a: Scizor
|-damage|p1a: Scizor|65/100
|
|t:|1712703029
|switch|p2a: Tentacruel|Tentacruel, M|75/100|[from] Volt Switch
|
|-weather|RainDance|[upkeep]
|-heal|p2a: Tentacruel|81/100|[from] ability: Rain Dish
|-heal|p2a: Tentacruel|87/100|[from] item: Black Sludge
|upkeep
|turn|21
|
|t:|1712703037
|move|p1a: Scizor|U-turn|p2a: Tentacruel
|-resisted|p2a: Tentacruel
|-damage|p2a: Tentacruel|65/100
|
|t:|1712703048
|switch|p1a: Keldeo|Keldeo-Resolute|100/100|[from] U-turn
|move|p2a: Tentacruel|Toxic Spikes|p1a: Keldeo
|-sidestart|p1: MKS10|move: Toxic Spikes
|
|-weather|RainDance|[upkeep]
|-heal|p2a: Tentacruel|71/100|[from] ability: Rain Dish
|-heal|p2a: Tentacruel|77/100|[from] item: Black Sludge
|upkeep
|turn|22
|
|t:|1712703069
|move|p1a: Keldeo|Hidden Power|p2a: Tentacruel
|-supereffective|p2a: Tentacruel
|-damage|p2a: Tentacruel|41/100
|move|p2a: Tentacruel|Scald|p1a: Keldeo
|-resisted|p1a: Keldeo
|-crit|p1a: Keldeo
|-damage|p1a: Keldeo|61/100
|-status|p1a: Keldeo|brn
|
|-weather|RainDance|[upkeep]
|-heal|p2a: Tentacruel|47/100|[from] ability: Rain Dish
|-heal|p1a: Keldeo|67/100 brn|[from] item: Leftovers
|-heal|p2a: Tentacruel|53/100|[from] item: Black Sludge
|-damage|p1a: Keldeo|55/100 brn|[from] brn
|upkeep
|turn|23
|
|t:|1712703085
|move|p2a: Tentacruel|Protect|p2a: Tentacruel
|-singleturn|p2a: Tentacruel|Protect
|move|p1a: Keldeo|Taunt|p2a: Tentacruel
|-activate|p2a: Tentacruel|move: Protect
|
|-weather|RainDance|[upkeep]
|-heal|p2a: Tentacruel|59/100|[from] ability: Rain Dish
|-heal|p1a: Keldeo|61/100 brn|[from] item: Leftovers
|-heal|p2a: Tentacruel|65/100|[from] item: Black Sludge
|-damage|p1a: Keldeo|48/100 brn|[from] brn
|upkeep
|turn|24
|-message|MKS10 forfeited.
|
|win|snof2
|raw|MKS10's rating: 1400 &rarr; <strong>1380</strong><br />(-20 for losing)
|raw|snof2's rating: 1407 &rarr; <strong>1427</strong><br />(+20 for winning)
|l|☆MKS10
|player|p1|
