|j|☆JesusKun69
|j|☆HydreigonSpammer
|t:|1736224893
|gametype|singles
|player|p1|JesusKun69|evelyn|1374
|player|p2|HydreigonSpammer|iris|1378
|teamsize|p1|6
|teamsize|p2|6
|gen|5
|tier|[Gen 5] OU
|rated|
|rule|Species Clause: Limit one of each Pokémon
|rule|OHKO Clause: OHKO moves are banned
|rule|Moody Clause: Moody is banned
|rule|Evasion Items Clause: Evasion items are banned
|rule|Evasion Moves Clause: Evasion moves are banned
|rule|Endless Battle Clause: Forcing endless battles is banned
|rule|HP Percentage Mod: HP is shown in percentages
|rule|Evasion Abilities Clause: Evasion abilities are banned
|rule|Sleep Moves Clause: Sleep-inducing moves are banned
|rule|Swagger Clause: Swagger is banned
|rule|Baton Pass Stat Clause: No Baton Passer may have a way to boost its stats
|clearpoke
|poke|p1|Shedinja|item
|poke|p1|Xatu, F|item
|poke|p1|Politoed, F|item
|poke|p1|Starmie|item
|poke|p1|Garchomp, M|item
|poke|p1|Landorus-Therian, M|item
|poke|p2|Reuniclus, M|item
|poke|p2|Ferrothorn, F|item
|poke|p2|Clefable, M|item
|poke|p2|Latios, M|item
|poke|p2|Tyranitar, M|item
|poke|p2|Landorus-Therian, M|item
|teampreview
|
|t:|1736224931
|start
|switch|p1a: Politoed|Politoed, F|100/100
|switch|p2a: Landorus|Landorus-Therian, M|100/100
|-ability|p2a: Landorus|Intimidate|boost
|-unboost|p1a: Politoed|atk|1
|-weather|RainDance|[from] ability: Drizzle|[of] p1a: Politoed
|turn|1
|
|t:|1736224946
|move|p2a: Landorus|U-turn|p1a: Politoed
|-damage|p1a: Politoed|72/100
|
|t:|1736224950
|switch|p2a: Ferrothorn|Ferrothorn, F|100/100|[from] U-turn
|move|p1a: Politoed|Focus Blast|p2a: Ferrothorn
|-supereffective|p2a: Ferrothorn
|-damage|p2a: Ferrothorn|35/100
|
|-weather|RainDance|[upkeep]
|-heal|p2a: Ferrothorn|41/100|[from] item: Leftovers
|upkeep
|turn|2
|
|t:|1736224965
|switch|p2a: Landorus|Landorus-Therian, M|100/100
|-ability|p2a: Landorus|Intimidate|boost
|-unboost|p1a: Politoed|atk|1
|move|p1a: Politoed|Focus Blast|p2a: Landorus
|-resisted|p2a: Landorus
|-damage|p2a: Landorus|75/100
|-unboost|p2a: Landorus|spd|1
|
|-weather|RainDance|[upkeep]
|-heal|p2a: Landorus|81/100|[from] item: Leftovers
|upkeep
|turn|3
|
|t:|1736224974
|switch|p1a: Xatu|Xatu, F|100/100
|move|p2a: Landorus|U-turn|p1a: Xatu
|-damage|p1a: Xatu|79/100
|-damage|p2a: Landorus|65/100|[from] item: Rocky Helmet|[of] p1a: Xatu
|
|t:|1736224979
|switch|p2a: Tyranitar|Tyranitar, M|100/100|[from] U-turn
|-weather|Sandstorm|[from] ability: Sand Stream|[of] p2a: Tyranitar
|
|-weather|Sandstorm|[upkeep]
|-damage|p1a: Xatu|73/100|[from] Sandstorm
|upkeep
|turn|4
|
|t:|1736224991
|move|p1a: Xatu|Reflect|p1a: Xatu
|-sidestart|p1: JesusKun69|Reflect
|move|p2a: Tyranitar|Crunch|p1a: Xatu
|-supereffective|p1a: Xatu
|-damage|p1a: Xatu|4/100
|-damage|p2a: Tyranitar|84/100|[from] item: Rocky Helmet|[of] p1a: Xatu
|
|-weather|Sandstorm|[upkeep]
|-damage|p1a: Xatu|0 fnt|[from] Sandstorm
|faint|p1a: Xatu
|upkeep
|
|t:|1736225002
|switch|p1a: Landorus|Landorus-Therian, M|100/100
|-ability|p1a: Landorus|Intimidate|boost
|-unboost|p2a: Tyranitar|atk|1
|turn|5
|
|t:|1736225010
|switch|p2a: Ferrothorn|Ferrothorn, F|41/100
|move|p1a: Landorus|U-turn|p2a: Ferrothorn
|-damage|p2a: Ferrothorn|25/100
|-damage|p1a: Landorus|88/100|[from] ability: Iron Barbs|[of] p2a: Ferrothorn
|
|t:|1736225012
|switch|p1a: Politoed|Politoed, F|72/100|[from] U-turn
|-weather|RainDance|[from] ability: Drizzle|[of] p1a: Politoed
|
|-weather|RainDance|[upkeep]
|-heal|p2a: Ferrothorn|32/100|[from] item: Leftovers
|upkeep
|turn|6
|
|t:|1736225064
|move|p1a: Politoed|Hydro Pump|p2a: Ferrothorn
|-resisted|p2a: Ferrothorn
|-crit|p2a: Ferrothorn
|-damage|p2a: Ferrothorn|0 fnt
|faint|p2a: Ferrothorn
|
|-weather|RainDance|[upkeep]
|upkeep
|
|t:|1736225079
|switch|p2a: Tyranitar|Tyranitar, M|84/100
|-weather|Sandstorm|[from] ability: Sand Stream|[of] p2a: Tyranitar
|turn|7
|
|t:|1736225096
|switch|p1a: Garchomp|Garchomp, M|100/100
|switch|p2a: Landorus|Landorus-Therian, M|65/100
|-ability|p2a: Landorus|Intimidate|boost
|-unboost|p1a: Garchomp|atk|1
|
|-weather|Sandstorm|[upkeep]
|-heal|p2a: Landorus|71/100|[from] item: Leftovers
|upkeep
|turn|8
|
|t:|1736225109
|switch|p1a: Landorus|Landorus-Therian, M|88/100
|-ability|p1a: Landorus|Intimidate|boost
|-unboost|p2a: Landorus|atk|1
|move|p2a: Landorus|Stealth Rock|p1a: Landorus
|-sidestart|p1: JesusKun69|move: Stealth Rock
|
|-weather|Sandstorm|[upkeep]
|-heal|p1a: Landorus|94/100|[from] item: Leftovers
|-heal|p2a: Landorus|77/100|[from] item: Leftovers
|-sideend|p1: JesusKun69|Reflect
|upkeep
|turn|9
|
|t:|1736225134
|switch|p2a: Reuniclus|Reuniclus, M|100/100
|move|p1a: Landorus|U-turn|p2a: Reuniclus
|-supereffective|p2a: Reuniclus
|-crit|p2a: Reuniclus
|-damage|p2a: Reuniclus|30/100
|
|t:|1736225142
|switch|p1a: Garchomp|Garchomp, M|100/100|[from] U-turn
|-damage|p1a: Garchomp|94/100|[from] Stealth Rock
|
|-weather|Sandstorm|[upkeep]
|-heal|p2a: Reuniclus|36/100|[from] item: Leftovers
|upkeep
|turn|10
|
|t:|1736225149
|move|p1a: Garchomp|Outrage|p2a: Reuniclus
|-damage|p2a: Reuniclus|0 fnt
|faint|p2a: Reuniclus
|
|-weather|Sandstorm|[upkeep]
|upkeep
|
|t:|1736225156
|switch|p2a: Latios|Latios, M|100/100
|turn|11
|
|t:|1736225159
|move|p2a: Latios|Draco Meteor|p1a: Garchomp
|-supereffective|p1a: Garchomp
|-damage|p1a: Garchomp|0 fnt
|-unboost|p2a: Latios|spa|2
|faint|p1a: Garchomp
|
|-weather|Sandstorm|[upkeep]
|-damage|p2a: Latios|95/100|[from] Sandstorm
|upkeep
|
|t:|1736225165
|switch|p1a: Starmie|Starmie|100/100
|-damage|p1a: Starmie|88/100|[from] Stealth Rock
|turn|12
|
|t:|1736225184
|switch|p2a: GayMon|Clefable, M, shiny|100/100
|move|p1a: Starmie|Ice Beam|p2a: GayMon
|-damage|p2a: GayMon|53/100
|-damage|p1a: Starmie|78/100|[from] item: Life Orb
|
|-weather|Sandstorm|[upkeep]
|-damage|p1a: Starmie|72/100|[from] Sandstorm
|upkeep
|turn|13
|
|t:|1736225197
|move|p1a: Starmie|Hydro Pump|p2a: GayMon
|-damage|p2a: GayMon|0 fnt
|faint|p2a: GayMon
|-damage|p1a: Starmie|62/100|[from] item: Life Orb
|
|-weather|Sandstorm|[upkeep]
|-damage|p1a: Starmie|56/100|[from] Sandstorm
|upkeep
|
|t:|1736225203
|switch|p2a: Latios|Latios, M|95/100
|turn|14
|
|t:|1736225230
|switch|p1a: Landorus|Landorus-Therian, M|94/100
|-damage|p1a: Landorus|82/100|[from] Stealth Rock
|-ability|p1a: Landorus|Intimidate|boost
|-unboost|p2a: Latios|atk|1
|move|p2a: Latios|Draco Meteor|p1a: Landorus
|-damage|p1a: Landorus|0 fnt
|-unboost|p2a: Latios|spa|2
|faint|p1a: Landorus
|
|-weather|Sandstorm|[upkeep]
|-damage|p2a: Latios|89/100|[from] Sandstorm
|upkeep
|
|t:|1736225238
|switch|p1a: Politoed|Politoed, F|72/100
|-damage|p1a: Politoed|59/100|[from] Stealth Rock
|-weather|RainDance|[from] ability: Drizzle|[of] p1a: Politoed
|turn|15
|
|t:|1736225248
|switch|p2a: Landorus|Landorus-Therian, M|77/100
|-ability|p2a: Landorus|Intimidate|boost
|-unboost|p1a: Politoed|atk|1
|move|p1a: Politoed|Hydro Pump|p2a: Landorus
|-supereffective|p2a: Landorus
|-damage|p2a: Landorus|0 fnt
|faint|p2a: Landorus
|
|-weather|RainDance|[upkeep]
|upkeep
|
|t:|1736225264
|switch|p2a: Latios|Latios, M|89/100
|turn|16
|
|t:|1736225286
|move|p2a: Latios|Draco Meteor|p1a: Politoed
|-damage|p1a: Politoed|0 fnt
|-unboost|p2a: Latios|spa|2
|faint|p1a: Politoed
|
|-weather|RainDance|[upkeep]
|upkeep
|
|t:|1736225288
|switch|p1a: Starmie|Starmie|56/100
|-damage|p1a: Starmie|44/100|[from] Stealth Rock
|turn|17
|c|☆HydreigonSpammer|please don't miss this fucking attack
|
|t:|1736225307
|move|p2a: Latios|Draco Meteor|p1a: Starmie
|-damage|p1a: Starmie|0 fnt
|-unboost|p2a: Latios|spa|2
|faint|p1a: Starmie
|
|-weather|RainDance|[upkeep]
|upkeep
|c|☆HydreigonSpammer|gg
|c|☆JesusKun69|gg
|
|t:|1736225315
|switch|p1a: Shedinja|Shedinja|100/100
|-damage|p1a: Shedinja|0 fnt|[from] Stealth Rock
|faint|p1a: Shedinja
|
|win|HydreigonSpammer
|raw|JesusKun69's rating: 1374 &rarr; <strong>1354</strong><br />(-20 for losing)
|raw|HydreigonSpammer's rating: 1378 &rarr; <strong>1398</strong><br />(+20 for winning)
