|j|☆yusei38
|j|☆Clawdia Chauchat
|t:|1705532896
|gametype|singles
|player|p1|yusei38|169|1314
|player|p2|Clawdia Chauchat|winona|1503
|teamsize|p1|6
|teamsize|p2|6
|gen|5
|tier|[Gen 5] OU
|rated|
|rule|Species Clause: Limit one of each Pokémon
|rule|OHKO Clause: OHKO moves are banned
|rule|Moody Clause: Moody is banned
|rule|Evasion Items Clause: Evasion items are banned
|rule|Evasion Moves Clause: Evasion moves are banned
|rule|Endless Battle Clause: Forcing endless battles is banned
|rule|HP Percentage Mod: HP is shown in percentages
|rule|Evasion Abilities Clause: Evasion abilities are banned
|rule|Sleep Moves Clause: Sleep-inducing moves are banned
|rule|Swagger Clause: Swagger is banned
|rule|Baton Pass Stat Clause: No Baton Passer may have a way to boost its stats
|clearpoke
|poke|p1|Politoed, M|item
|poke|p1|Skarmory, M|item
|poke|p1|Espeon, F|item
|poke|p1|Kyurem-Black|item
|poke|p1|Blissey, F|item
|poke|p1|Jolteon, M|item
|poke|p2|Tyranitar, M|item
|poke|p2|Latios, M|item
|poke|p2|Hydreigon, F|item
|poke|p2|Skarmory, M|item
|poke|p2|Rotom-Wash|item
|poke|p2|Landorus-Therian, M|item
|teampreview
|
|t:|1705532925
|start
|switch|p1a: Espeon|Espeon, F, shiny|100/100
|switch|p2a: Live At Bush Hall|Rotom-Wash, shiny|100/100
|turn|1
|j| DrZaius27
|inactive|Battle timer is ON: inactive players will automatically lose when time's up. (requested by Clawdia Chauchat)
|
|t:|1705532939
|switch|p1a: Kyurem|Kyurem-Black|100/100
|-ability|p1a: Kyurem|Teravolt
|move|p2a: Live At Bush Hall|Volt Switch|p1a: Kyurem
|-resisted|p1a: Kyurem
|-damage|p1a: Kyurem|91/100
|
|t:|1705532947
|switch|p2a: Joshua Graham|Landorus-Therian, M, shiny|100/100|[from] Volt Switch
|-ability|p2a: Joshua Graham|Intimidate|boost
|-unboost|p1a: Kyurem|atk|1
|
|upkeep
|turn|2
|
|t:|1705532958
|switch|p1a: Skarmory|Skarmory, M, shiny|100/100
|move|p2a: Joshua Graham|U-turn|p1a: Skarmory
|-resisted|p1a: Skarmory
|-damage|p1a: Skarmory|98/100
|-damage|p2a: Joshua Graham|84/100|[from] item: Rocky Helmet|[of] p1a: Skarmory
|
|t:|1705532962
|switch|p2a: Live At Bush Hall|Rotom-Wash, shiny|100/100|[from] U-turn
|
|upkeep
|turn|3
|
|t:|1705532970
|switch|p1a: Espeon|Espeon, F, shiny|100/100
|move|p2a: Live At Bush Hall|Volt Switch|p1a: Espeon
|-damage|p1a: Espeon|77/100
|
|t:|1705532974
|switch|p2a: Atlas|Tyranitar, M, shiny|100/100|[from] Volt Switch
|-weather|Sandstorm|[from] ability: Sand Stream|[of] p2a: Atlas
|
|-weather|Sandstorm|[upkeep]
|-damage|p1a: Espeon|71/100|[from] Sandstorm
|upkeep
|turn|4
|
|t:|1705532982
|move|p1a: Espeon|Hidden Power|p2a: Atlas
|-supereffective|p2a: Atlas
|-enditem|p2a: Atlas|Chople Berry|[eat]
|-enditem|p2a: Atlas|Chople Berry|[weaken]
|-damage|p2a: Atlas|72/100
|-damage|p1a: Espeon|61/100|[from] item: Life Orb
|move|p2a: Atlas|Pursuit|p1a: Espeon
|-supereffective|p1a: Espeon
|-damage|p1a: Espeon|0 fnt
|faint|p1a: Espeon
|
|-weather|Sandstorm|[upkeep]
|upkeep
|j| lana yu
|
|t:|1705533002
|switch|p1a: Kyurem|Kyurem-Black|91/100
|-ability|p1a: Kyurem|Teravolt
|turn|5
|
|t:|1705533009
|switch|p2a: Zurich Is Stained|Skarmory, M, shiny|100/100
|move|p1a: Kyurem|Outrage|p2a: Zurich Is Stained
|-resisted|p2a: Zurich Is Stained
|-damage|p2a: Zurich Is Stained|53/100
|
|-weather|Sandstorm|[upkeep]
|-damage|p1a: Kyurem|85/100|[from] Sandstorm
|-heal|p2a: Zurich Is Stained|59/100|[from] item: Leftovers
|upkeep
|turn|6
|l| lana yu
|
|t:|1705533016
|move|p1a: Kyurem|Outrage|p2a: Zurich Is Stained|[from]lockedmove
|-resisted|p2a: Zurich Is Stained
|-damage|p2a: Zurich Is Stained|12/100
|-start|p1a: Kyurem|confusion|[fatigue]
|move|p2a: Zurich Is Stained|Spikes|p1a: Kyurem
|-sidestart|p1: yusei38|Spikes
|
|-weather|Sandstorm|[upkeep]
|-damage|p1a: Kyurem|79/100|[from] Sandstorm
|-heal|p2a: Zurich Is Stained|18/100|[from] item: Leftovers
|upkeep
|turn|7
|l| DrZaius27
|inactive|Clawdia Chauchat has 120 seconds left.
|
|t:|1705533073
|-activate|p1a: Kyurem|confusion
|-damage|p1a: Kyurem|65/100|[from] confusion
|move|p2a: Zurich Is Stained|Spikes|p1a: Kyurem
|-sidestart|p1: yusei38|Spikes
|
|-weather|Sandstorm|[upkeep]
|-damage|p1a: Kyurem|59/100|[from] Sandstorm
|-heal|p2a: Zurich Is Stained|24/100|[from] item: Leftovers
|upkeep
|turn|8
|
|t:|1705533084
|-activate|p1a: Kyurem|confusion
|-damage|p1a: Kyurem|46/100|[from] confusion
|move|p2a: Zurich Is Stained|Spikes|p1a: Kyurem
|-sidestart|p1: yusei38|Spikes
|
|-weather|Sandstorm|[upkeep]
|-damage|p1a: Kyurem|39/100|[from] Sandstorm
|-heal|p2a: Zurich Is Stained|30/100|[from] item: Leftovers
|upkeep
|turn|9
|inactive|Clawdia Chauchat has 90 seconds left.
|inactive|Clawdia Chauchat has 60 seconds left.
|
|t:|1705533147
|-end|p1a: Kyurem|confusion
|move|p1a: Kyurem|Outrage|p2a: Zurich Is Stained
|-resisted|p2a: Zurich Is Stained
|-damage|p2a: Zurich Is Stained|0 fnt
|faint|p2a: Zurich Is Stained
|
|-weather|Sandstorm|[upkeep]
|-damage|p1a: Kyurem|33/100|[from] Sandstorm
|upkeep
|
|t:|1705533149
|switch|p2a: Joshua Graham|Landorus-Therian, M, shiny|84/100
|-ability|p2a: Joshua Graham|Intimidate|boost
|-unboost|p1a: Kyurem|atk|1
|turn|10
|
|t:|1705533161
|move|p2a: Joshua Graham|Earthquake|p1a: Kyurem
|-damage|p1a: Kyurem|0 fnt
|faint|p1a: Kyurem
|
|-weather|Sandstorm|[upkeep]
|upkeep
|
|t:|1705533178
|switch|p1a: Skarmory|Skarmory, M, shiny|98/100
|turn|11
|inactive|Clawdia Chauchat has 60 seconds left.
|
|t:|1705533198
|switch|p2a: Live At Bush Hall|Rotom-Wash, shiny|100/100
|move|p1a: Skarmory|Spikes|p2a: Live At Bush Hall
|-sidestart|p2: Clawdia Chauchat|Spikes
|
|-weather|Sandstorm|[upkeep]
|-damage|p2a: Live At Bush Hall|94/100|[from] Sandstorm
|-heal|p2a: Live At Bush Hall|100/100|[from] item: Leftovers
|upkeep
|turn|12
|
|t:|1705533207
|switch|p1a: Blissey|Blissey, F, shiny|100/100
|-damage|p1a: Blissey|76/100|[from] Spikes
|move|p2a: Live At Bush Hall|Volt Switch|p1a: Blissey
|-damage|p1a: Blissey|67/100
|inactive|Clawdia Chauchat has 60 seconds left.
|
|t:|1705533243
|switch|p2a: Joshua Graham|Landorus-Therian, M, shiny|84/100|[from] Volt Switch
|-ability|p2a: Joshua Graham|Intimidate|boost
|-unboost|p1a: Blissey|atk|1
|
|-weather|Sandstorm|[upkeep]
|-damage|p1a: Blissey|60/100|[from] Sandstorm
|-heal|p1a: Blissey|67/100|[from] item: Leftovers
|upkeep
|turn|13
|j| Sheik
|
|t:|1705533255
|switch|p1a: Skarmory|Skarmory, M, shiny|98/100
|move|p2a: Joshua Graham|Stealth Rock|p1a: Skarmory
|-sidestart|p1: yusei38|move: Stealth Rock
|
|-weather|Sandstorm|[upkeep]
|upkeep
|turn|14
|l| Sheik
|
|t:|1705533263
|switch|p2a: Colorado River|Hydreigon, F|100/100
|move|p1a: Skarmory|Spikes|p2a: Colorado River
|-sidestart|p2: Clawdia Chauchat|Spikes
|
|-weather|Sandstorm|[upkeep]
|-damage|p2a: Colorado River|94/100|[from] Sandstorm
|-heal|p2a: Colorado River|100/100|[from] item: Leftovers
|upkeep
|turn|15
|
|t:|1705533276
|switch|p1a: Politoed|Politoed, M, shiny|100/100
|-damage|p1a: Politoed|76/100|[from] Spikes
|-damage|p1a: Politoed|63/100|[from] Stealth Rock
|-weather|RainDance|[from] ability: Drizzle|[of] p1a: Politoed
|move|p2a: Colorado River|Fire Blast|p1a: Politoed
|-resisted|p1a: Politoed
|-damage|p1a: Politoed|55/100
|
|-weather|RainDance|[upkeep]
|upkeep
|turn|16
|
|t:|1705533293
|move|p2a: Colorado River|U-turn|p1a: Politoed
|-damage|p1a: Politoed|44/100
|
|t:|1705533309
|switch|p2a: Live At Bush Hall|Rotom-Wash, shiny|100/100|[from] U-turn
|move|p1a: Politoed|Rest|p1a: Politoed
|-status|p1a: Politoed|slp|[from] move: Rest
|-heal|p1a: Politoed|100/100 slp|[silent]
|-enditem|p1a: Politoed|Chesto Berry|[eat]
|-curestatus|p1a: Politoed|slp|[msg]
|
|-weather|RainDance|[upkeep]
|upkeep
|turn|17
|
|t:|1705533328
|move|p1a: Politoed|Protect|p1a: Politoed
|-singleturn|p1a: Politoed|Protect
|move|p2a: Live At Bush Hall|Volt Switch|p1a: Politoed
|-activate|p1a: Politoed|move: Protect
|
|-weather|RainDance|[upkeep]
|upkeep
|turn|18
|inactive|Clawdia Chauchat has 60 seconds left.
|inactive|yusei38 has 120 seconds left.
|
|t:|1705533371
|move|p2a: Live At Bush Hall|Volt Switch|p1a: Politoed
|-supereffective|p1a: Politoed
|-damage|p1a: Politoed|59/100
|
|t:|1705533374
|switch|p2a: Concorde I Miss U|Latios, M|100/100|[from] Volt Switch
|move|p1a: Politoed|Scald|p2a: Concorde I Miss U
|-resisted|p2a: Concorde I Miss U
|-damage|p2a: Concorde I Miss U|80/100
|
|-weather|RainDance|[upkeep]
|-heal|p2a: Concorde I Miss U|86/100|[from] item: Leftovers
|upkeep
|turn|19
|inactive|yusei38 has 120 seconds left.
|
|t:|1705533390
|move|p2a: Concorde I Miss U|Psyshock|p1a: Politoed
|-damage|p1a: Politoed|24/100
|move|p1a: Politoed|Perish Song|p1a: Politoed
|-start|p1a: Politoed|perish3|[silent]
|-start|p2a: Concorde I Miss U|perish3|[silent]
|-fieldactivate|move: Perish Song
|
|-weather|RainDance|[upkeep]
|-heal|p2a: Concorde I Miss U|92/100|[from] item: Leftovers
|-start|p2a: Concorde I Miss U|perish3
|-start|p1a: Politoed|perish3
|upkeep
|turn|20
|inactive|Clawdia Chauchat has 60 seconds left.
|
|t:|1705533405
|move|p1a: Politoed|Protect|p1a: Politoed
|-singleturn|p1a: Politoed|Protect
|move|p2a: Concorde I Miss U|Psyshock|p1a: Politoed
|-activate|p1a: Politoed|move: Protect
|
|-weather|RainDance|[upkeep]
|-heal|p2a: Concorde I Miss U|98/100|[from] item: Leftovers
|-start|p2a: Concorde I Miss U|perish2
|-start|p1a: Politoed|perish2
|upkeep
|turn|21
|
|t:|1705533416
|switch|p1a: Skarmory|Skarmory, M, shiny|98/100
|-damage|p1a: Skarmory|85/100|[from] Stealth Rock
|move|p2a: Concorde I Miss U|Psyshock|p1a: Skarmory
|-resisted|p1a: Skarmory
|-damage|p1a: Skarmory|74/100
|
|-weather|RainDance|[upkeep]
|-heal|p2a: Concorde I Miss U|100/100|[from] item: Leftovers
|-start|p2a: Concorde I Miss U|perish1
|upkeep
|turn|22
|inactive|yusei38 has 120 seconds left.
|inactive|Clawdia Chauchat has 60 seconds left.
|inactive|Clawdia Chauchat has 30 seconds left.
|inactive|Clawdia Chauchat has 20 seconds left.
|
|t:|1705533475
|switch|p2a: Live At Bush Hall|Rotom-Wash, shiny|100/100
|move|p1a: Skarmory|Brave Bird|p2a: Live At Bush Hall
|-resisted|p2a: Live At Bush Hall
|-damage|p2a: Live At Bush Hall|88/100
|-damage|p1a: Skarmory|70/100|[from] Recoil
|
|-weather|RainDance|[upkeep]
|-heal|p2a: Live At Bush Hall|94/100|[from] item: Leftovers
|upkeep
|turn|23
|inactive|Clawdia Chauchat has 30 seconds left this turn.
|
|t:|1705533487
|switch|p1a: Jolteon|Jolteon, M, shiny|100/100
|-damage|p1a: Jolteon|75/100|[from] Spikes
|-damage|p1a: Jolteon|63/100|[from] Stealth Rock
|move|p2a: Live At Bush Hall|Volt Switch|p1a: Jolteon
|-heal|p1a: Jolteon|88/100|[from] ability: Volt Absorb|[of] p2a: Live At Bush Hall
|
|-weather|RainDance|[upkeep]
|-heal|p2a: Live At Bush Hall|99/100|[from] item: Leftovers
|upkeep
|turn|24
|inactive|Clawdia Chauchat has 30 seconds left.
|inactive|Clawdia Chauchat has 20 seconds left.
|inactive|yusei38 has 90 seconds left.
|inactive|Clawdia Chauchat has 15 seconds left.
|
|t:|1705533526
|switch|p2a: Concorde I Miss U|Latios, M|100/100
|move|p1a: Jolteon|Volt Switch|p2a: Concorde I Miss U
|-resisted|p2a: Concorde I Miss U
|-damage|p2a: Concorde I Miss U|75/100
|inactive|Clawdia Chauchat has 20 seconds left this turn.
|
|t:|1705533538
|switch|p1a: Skarmory|Skarmory, M, shiny|70/100|[from] Volt Switch
|-damage|p1a: Skarmory|58/100|[from] Stealth Rock
|
|-weather|RainDance|[upkeep]
|-heal|p2a: Concorde I Miss U|81/100|[from] item: Leftovers
|upkeep
|turn|25
|inactive|Clawdia Chauchat has 30 seconds left this turn.
|inactive|Clawdia Chauchat has 20 seconds left.
|
|t:|1705533549
|switch|p2a: Live At Bush Hall|Rotom-Wash, shiny|99/100
|switch|p1a: Politoed|Politoed, M, shiny|24/100
|-damage|p1a: Politoed|0 fnt|[from] Spikes
|faint|p1a: Politoed
|
|-weather|RainDance|[upkeep]
|-heal|p2a: Live At Bush Hall|100/100|[from] item: Leftovers
|upkeep
|inactive|Clawdia Chauchat has 25 seconds left this turn.
|
|t:|1705533558
|switch|p1a: Blissey|Blissey, F, shiny|67/100
|-damage|p1a: Blissey|42/100|[from] Spikes
|-damage|p1a: Blissey|29/100|[from] Stealth Rock
|turn|26
|inactive|yusei38 has 90 seconds left.
|inactive|Clawdia Chauchat has 30 seconds left.
|
|t:|1705533569
|move|p2a: Live At Bush Hall|Volt Switch|p1a: Blissey
|-damage|p1a: Blissey|19/100
|inactive|Clawdia Chauchat has 30 seconds left this turn.
|
|t:|1705533571
|switch|p2a: Atlas|Tyranitar, M, shiny|72/100|[from] Volt Switch
|-damage|p2a: Atlas|56/100|[from] Spikes
|-weather|Sandstorm|[from] ability: Sand Stream|[of] p2a: Atlas
|move|p1a: Blissey|Soft-Boiled|p1a: Blissey
|-heal|p1a: Blissey|69/100
|
|-weather|Sandstorm|[upkeep]
|-damage|p1a: Blissey|63/100|[from] Sandstorm
|-heal|p1a: Blissey|69/100|[from] item: Leftovers
|upkeep
|turn|27
|inactive|Clawdia Chauchat has 30 seconds left.
|inactive|yusei38 has 90 seconds left.
|
|t:|1705533588
|move|p2a: Atlas|Superpower|p1a: Blissey
|-supereffective|p1a: Blissey
|-crit|p1a: Blissey
|-damage|p1a: Blissey|0 fnt
|-unboost|p2a: Atlas|atk|1
|-unboost|p2a: Atlas|def|1
|faint|p1a: Blissey
|
|-weather|Sandstorm|[upkeep]
|upkeep
|inactive|yusei38 has 90 seconds left.
|
|t:|1705533602
|switch|p1a: Skarmory|Skarmory, M, shiny|58/100
|-damage|p1a: Skarmory|45/100|[from] Stealth Rock
|turn|28
|inactive|yusei38 has 90 seconds left.
|
|t:|1705533624
|switch|p2a: Colorado River|Hydreigon, F|100/100
|move|p1a: Skarmory|Brave Bird|p2a: Colorado River
|-crit|p2a: Colorado River
|-damage|p2a: Colorado River|23/100
|-damage|p1a: Skarmory|21/100|[from] Recoil
|
|-weather|Sandstorm|[upkeep]
|-damage|p2a: Colorado River|16/100|[from] Sandstorm
|-heal|p2a: Colorado River|23/100|[from] item: Leftovers
|upkeep
|turn|29
|inactive|Clawdia Chauchat has 30 seconds left.
|
|t:|1705533650
|move|p2a: Colorado River|Fire Blast|p1a: Skarmory
|-supereffective|p1a: Skarmory
|-damage|p1a: Skarmory|0 fnt
|faint|p1a: Skarmory
|
|-weather|Sandstorm|[upkeep]
|-damage|p2a: Colorado River|16/100|[from] Sandstorm
|-heal|p2a: Colorado River|23/100|[from] item: Leftovers
|upkeep
|inactive|Clawdia Chauchat has 30 seconds left this turn.
|
|t:|1705533658
|switch|p1a: Jolteon|Jolteon, M, shiny|88/100
|-damage|p1a: Jolteon|63/100|[from] Spikes
|-damage|p1a: Jolteon|50/100|[from] Stealth Rock
|turn|30
|
|t:|1705533673
|move|p1a: Jolteon|Hidden Power|p2a: Colorado River
|-supereffective|p2a: Colorado River
|-damage|p2a: Colorado River|0 fnt
|faint|p2a: Colorado River
|
|-weather|Sandstorm|[upkeep]
|-damage|p1a: Jolteon|44/100|[from] Sandstorm
|upkeep
|inactive|Clawdia Chauchat has 30 seconds left.
|inactive|Clawdia Chauchat has 20 seconds left.
|
|t:|1705533695
|switch|p2a: Concorde I Miss U|Latios, M|81/100
|turn|31
|inactive|Clawdia Chauchat has 30 seconds left this turn.
|
|t:|1705533698
|move|p1a: Jolteon|Hidden Power|p2a: Concorde I Miss U
|-supereffective|p2a: Concorde I Miss U
|-damage|p2a: Concorde I Miss U|8/100
|move|p2a: Concorde I Miss U|Psyshock|p1a: Jolteon
|-damage|p1a: Jolteon|0 fnt
|faint|p1a: Jolteon
|
|win|Clawdia Chauchat
|raw|yusei38's rating: 1314 &rarr; <strong>1304</strong><br />(-10 for losing)
|raw|Clawdia Chauchat's rating: 1503 &rarr; <strong>1513</strong><br />(+10 for winning)
|l|☆Clawdia Chauchat
|player|p2|
