|j|‽daddy_days2
|j|☆chomp29
|t:|1746446687
|gametype|singles
|player|p1|daddy_days2|170|1484
|player|p2|chomp29|lucas|1617
|teamsize|p1|6
|teamsize|p2|6
|gen|5
|tier|[Gen 5] OU
|rated|
|rule|Species Clause: Limit one of each Pokémon
|rule|OHKO Clause: OHKO moves are banned
|rule|Moody Clause: Moody is banned
|rule|Evasion Items Clause: Evasion items are banned
|rule|Evasion Moves Clause: Evasion moves are banned
|rule|Endless Battle Clause: Forcing endless battles is banned
|rule|HP Percentage Mod: HP is shown in percentages
|rule|Evasion Abilities Clause: Evasion abilities are banned
|rule|Sleep Moves Clause: Sleep-inducing moves are banned
|rule|Swagger Clause: Swagger is banned
|rule|Baton Pass Stat Clause: No Baton Passer may have a way to boost its stats
|clearpoke
|poke|p1|Kyurem-Black|item
|poke|p1|Garchomp, M|item
|poke|p1|Conkeldurr, F|item
|poke|p1|Starmie|item
|poke|p1|Bisharp, F|item
|poke|p1|Scyther, M|item
|poke|p2|Rotom-Wash|item
|poke|p2|Starmie|item
|poke|p2|Tyranitar, M|item
|poke|p2|Landorus-Therian, M|item
|poke|p2|Terrakion|item
|poke|p2|Celebi|item
|teampreview
|inactive|Battle timer is ON: inactive players will automatically lose when time's up. (requested by chomp29)
|
|t:|1746446716
|start
|switch|p1a: Garchomp|Garchomp, M|100/100
|switch|p2a: Tyranitar|Tyranitar, M|100/100
|-weather|Sandstorm|[from] ability: Sand Stream|[of] p2a: Tyranitar
|turn|1
|
|t:|1746446724
|move|p1a: Garchomp|Stealth Rock|p2a: Tyranitar
|-sidestart|p2: chomp29|move: Stealth Rock
|move|p2a: Tyranitar|Superpower|p1a: Garchomp
|-damage|p1a: Garchomp|61/100
|-unboost|p2a: Tyranitar|atk|1
|-unboost|p2a: Tyranitar|def|1
|-damage|p2a: Tyranitar|88/100|[from] ability: Rough Skin|[of] p1a: Garchomp
|-damage|p2a: Tyranitar|72/100|[from] item: Rocky Helmet|[of] p1a: Garchomp
|
|-weather|Sandstorm|[upkeep]
|upkeep
|turn|2
|
|t:|1746446734
|switch|p2a: Landorus|Landorus-Therian, M|100/100
|-damage|p2a: Landorus|88/100|[from] Stealth Rock
|-ability|p2a: Landorus|Intimidate|boost
|-unboost|p1a: Garchomp|atk|1
|move|p1a: Garchomp|Dragon Tail|p2a: Landorus|[miss]
|-miss|p1a: Garchomp|p2a: Landorus
|
|-weather|Sandstorm|[upkeep]
|-heal|p2a: Landorus|94/100|[from] item: Leftovers
|upkeep
|turn|3
|
|t:|1746446743
|move|p2a: Landorus|Stealth Rock|p1a: Garchomp
|-sidestart|p1: daddy_days2|move: Stealth Rock
|move|p1a: Garchomp|Dragon Tail|p2a: Landorus|[miss]
|-miss|p1a: Garchomp|p2a: Landorus
|
|-weather|Sandstorm|[upkeep]
|-heal|p2a: Landorus|99/100|[from] item: Leftovers
|upkeep
|turn|4
|
|t:|1746446748
|move|p2a: Landorus|Hidden Power|p1a: Garchomp
|-supereffective|p1a: Garchomp
|-damage|p1a: Garchomp|0 fnt
|faint|p1a: Garchomp
|
|-weather|Sandstorm|[upkeep]
|-heal|p2a: Landorus|100/100|[from] item: Leftovers
|upkeep
|
|t:|1746446755
|switch|p1a: Starmie|Starmie|100/100
|-damage|p1a: Starmie|88/100|[from] Stealth Rock
|turn|5
|
|t:|1746446767
|switch|p2a: Rotom|Rotom-Wash|100/100
|-damage|p2a: Rotom|88/100|[from] Stealth Rock
|move|p1a: Starmie|Rapid Spin|p2a: Rotom
|-damage|p2a: Rotom|84/100
|-sideend|p1: daddy_days2|Stealth Rock|[from] move: Rapid Spin|[of] p1a: Starmie
|
|-weather|Sandstorm|[upkeep]
|-damage|p1a: Starmie|82/100|[from] Sandstorm
|-damage|p2a: Rotom|78/100|[from] Sandstorm
|-heal|p1a: Starmie|88/100|[from] item: Leftovers
|upkeep
|turn|6
|
|t:|1746446779
|move|p1a: Starmie|Thunder Wave|p2a: Rotom
|-status|p2a: Rotom|par
|move|p2a: Rotom|Thunderbolt|p1a: Starmie
|-supereffective|p1a: Starmie
|-damage|p1a: Starmie|0 fnt
|faint|p1a: Starmie
|
|-weather|Sandstorm|[upkeep]
|-damage|p2a: Rotom|72/100 par|[from] Sandstorm
|upkeep
|j| EndlessDark9
|
|t:|1746446788
|switch|p1a: Conkeldurr|Conkeldurr, F|100/100
|turn|7
|
|t:|1746446791
|move|p1a: Conkeldurr|Ice Punch|p2a: Rotom
|-resisted|p2a: Rotom
|-damage|p2a: Rotom|50/100 par
|move|p2a: Rotom|Hydro Pump|p1a: Conkeldurr|[miss]
|-miss|p2a: Rotom|p1a: Conkeldurr
|
|-weather|Sandstorm|[upkeep]
|-damage|p1a: Conkeldurr|94/100|[from] Sandstorm
|-damage|p2a: Rotom|45/100 par|[from] Sandstorm
|-heal|p1a: Conkeldurr|100/100|[from] item: Leftovers
|upkeep
|turn|8
|
|t:|1746446800
|move|p1a: Conkeldurr|Drain Punch|p2a: Rotom
|-crit|p2a: Rotom
|-damage|p2a: Rotom|0 fnt
|faint|p2a: Rotom
|
|-weather|Sandstorm|[upkeep]
|-damage|p1a: Conkeldurr|94/100|[from] Sandstorm
|-heal|p1a: Conkeldurr|100/100|[from] item: Leftovers
|upkeep
|
|t:|1746446810
|switch|p2a: Starmie|Starmie|100/100
|-damage|p2a: Starmie|88/100|[from] Stealth Rock
|turn|9
|
|t:|1746446815
|move|p2a: Starmie|Psychic|p1a: Conkeldurr
|-supereffective|p1a: Conkeldurr
|-damage|p1a: Conkeldurr|0 fnt
|faint|p1a: Conkeldurr
|-damage|p2a: Starmie|79/100|[from] item: Life Orb
|
|-weather|Sandstorm|[upkeep]
|-damage|p2a: Starmie|73/100|[from] Sandstorm
|upkeep
|
|t:|1746446824
|switch|p1a: Scyther|Scyther, M|100/100
|turn|10
|
|t:|1746446832
|move|p1a: Scyther|U-turn|p2a: Starmie
|-supereffective|p2a: Starmie
|-damage|p2a: Starmie|0 fnt
|faint|p2a: Starmie
|
|t:|1746446847
|switch|p1a: Kyurem|Kyurem-Black|100/100|[from] U-turn
|-ability|p1a: Kyurem|Teravolt
|
|-weather|Sandstorm|[upkeep]
|-damage|p1a: Kyurem|94/100|[from] Sandstorm
|upkeep
|
|t:|1746446862
|switch|p2a: Landorus|Landorus-Therian, M|100/100
|-damage|p2a: Landorus|88/100|[from] Stealth Rock
|-ability|p2a: Landorus|Intimidate|boost
|-unboost|p1a: Kyurem|atk|1
|turn|11
|
|t:|1746446867
|switch|p2a: Tyranitar|Tyranitar, M|72/100
|-damage|p2a: Tyranitar|59/100|[from] Stealth Rock
|move|p1a: Kyurem|Outrage|p2a: Tyranitar
|-damage|p2a: Tyranitar|0 fnt
|faint|p2a: Tyranitar
|
|-weather|Sandstorm|[upkeep]
|-damage|p1a: Kyurem|88/100|[from] Sandstorm
|upkeep
|
|t:|1746446897
|switch|p2a: Terrakion|Terrakion|100/100
|-damage|p2a: Terrakion|94/100|[from] Stealth Rock
|turn|12
|
|t:|1746446901
|move|p2a: Terrakion|Close Combat|p1a: Kyurem
|-supereffective|p1a: Kyurem
|-damage|p1a: Kyurem|0 fnt
|-unboost|p2a: Terrakion|def|1
|-unboost|p2a: Terrakion|spd|1
|faint|p1a: Kyurem
|
|-weather|Sandstorm|[upkeep]
|upkeep
|
|t:|1746446908
|switch|p1a: Scyther|Scyther, M|100/100
|turn|13
|
|t:|1746446914
|switch|p1a: Bisharp|Bisharp, F|100/100
|-item|p1a: Bisharp|Air Balloon
|switch|p2a: Landorus|Landorus-Therian, M|88/100
|-damage|p2a: Landorus|76/100|[from] Stealth Rock
|-ability|p2a: Landorus|Intimidate|boost
|-unboost|p1a: Bisharp|atk|1
|-ability|p1a: Bisharp|Defiant|boost
|-boost|p1a: Bisharp|atk|2
|
|-weather|Sandstorm|[upkeep]
|-heal|p2a: Landorus|82/100|[from] item: Leftovers
|upkeep
|turn|14
|
|t:|1746446926
|move|p2a: Landorus|Hidden Power|p1a: Bisharp
|-resisted|p1a: Bisharp
|-damage|p1a: Bisharp|90/100
|-enditem|p1a: Bisharp|Air Balloon
|move|p1a: Bisharp|Pursuit|p2a: Landorus
|-damage|p2a: Landorus|51/100
|
|-weather|Sandstorm|[upkeep]
|-heal|p2a: Landorus|57/100|[from] item: Leftovers
|upkeep
|turn|15
|
|t:|1746446935
|move|p1a: Bisharp|Sucker Punch|p2a: Landorus
|-damage|p2a: Landorus|0 fnt
|faint|p2a: Landorus
|
|-weather|Sandstorm|[upkeep]
|upkeep
|
|t:|1746446940
|switch|p2a: Terrakion|Terrakion|94/100
|-damage|p2a: Terrakion|88/100|[from] Stealth Rock
|turn|16
|
|t:|1746446943
|switch|p1a: Scyther|Scyther, M|100/100
|move|p2a: Terrakion|Close Combat|p1a: Scyther
|-resisted|p1a: Scyther
|-damage|p1a: Scyther|77/100
|-unboost|p2a: Terrakion|def|1
|-unboost|p2a: Terrakion|spd|1
|
|-weather|Sandstorm|[upkeep]
|-damage|p1a: Scyther|71/100|[from] Sandstorm
|upkeep
|turn|17
|
|t:|1746446958
|move|p1a: Scyther|U-turn|p2a: Terrakion
|-resisted|p2a: Terrakion
|-damage|p2a: Terrakion|56/100
|
|t:|1746446962
|switch|p1a: Bisharp|Bisharp, F|90/100|[from] U-turn
|move|p2a: Terrakion|Close Combat|p1a: Bisharp
|-supereffective|p1a: Bisharp
|-damage|p1a: Bisharp|0 fnt
|-unboost|p2a: Terrakion|def|1
|-unboost|p2a: Terrakion|spd|1
|faint|p1a: Bisharp
|
|-weather|Sandstorm|[upkeep]
|upkeep
|
|t:|1746446971
|switch|p1a: Scyther|Scyther, M|71/100
|turn|18
|
|t:|1746446979
|switch|p2a: Celebi|Celebi|100/100
|-damage|p2a: Celebi|88/100|[from] Stealth Rock
|move|p1a: Scyther|Aerial Ace|p2a: Celebi
|-supereffective|p2a: Celebi
|-damage|p2a: Celebi|11/100
|
|-weather|Sandstorm|[upkeep]
|-damage|p1a: Scyther|65/100|[from] Sandstorm
|-damage|p2a: Celebi|5/100|[from] Sandstorm
|-heal|p2a: Celebi|11/100|[from] item: Leftovers
|upkeep
|turn|19
|
|t:|1746446989
|move|p1a: Scyther|Aerial Ace|p2a: Celebi
|-supereffective|p2a: Celebi
|-damage|p2a: Celebi|0 fnt
|faint|p2a: Celebi
|
|-weather|Sandstorm|[upkeep]
|-damage|p1a: Scyther|59/100|[from] Sandstorm
|upkeep
|
|t:|1746446991
|switch|p2a: Terrakion|Terrakion|56/100
|-damage|p2a: Terrakion|50/100|[from] Stealth Rock
|turn|20
|
|t:|1746446999
|move|p1a: Scyther|Aerial Ace|p2a: Terrakion
|-damage|p2a: Terrakion|0 fnt
|faint|p2a: Terrakion
|
|win|daddy_days2
|raw|daddy_days2's rating: 1484 &rarr; <strong>1511</strong><br />(+27 for winning)
|raw|chomp29's rating: 1617 &rarr; <strong>1590</strong><br />(-27 for losing)
|l|☆chomp29
|player|p2|
