|j|☆MikeyTapsa
|j|☆GrinchsBankAccount
|player|p1|MikeyTapsa|sightseer|1386
|player|p2|GrinchsBankAccount|aetherfoundation|1280
|teamsize|p1|6
|teamsize|p2|6
|gametype|singles
|gen|5
|tier|[Gen 5] OU
|rated|
|rule|Species Clause: Limit one of each Pokémon
|rule|OHKO Clause: OHKO moves are banned
|rule|Moody Clause: Moody is banned
|rule|Evasion Moves Clause: Evasion moves are banned
|rule|Endless Battle Clause: Forcing endless battles is banned
|rule|HP Percentage Mod: HP is shown in percentages
|rule|Evasion Abilities Clause: Evasion abilities are banned
|rule|Baton Pass Clause: Limit one Baton Passer, can't pass Spe and other stats simultaneously
|rule|Sleep Clause: Sleep-inducing moves are banned
|rule|Swagger Clause: Swagger is banned
|clearpoke
|poke|p1|Scizor, M|item
|poke|p1|Heatran, M|item
|poke|p1|Landorus-Therian, M|item
|poke|p1|Espeon, M|item
|poke|p1|Vaporeon, M|item
|poke|p1|Lanturn, M|item
|poke|p2|Darmanitan, M|item
|poke|p2|Breloom, F|item
|poke|p2|Tyranitar, F|item
|poke|p2|Skarmory, F|item
|poke|p2|Tentacruel, F|item
|poke|p2|Latios, M|item
|teampreview
|inactive|Battle timer is ON: inactive players will automatically lose when time's up. (requested by MikeyTapsa)
|
|start
|switch|p1a: Landorus|Landorus-Therian, M|100/100
|switch|p2a: Latios|Latios, M|100/100
|-ability|p1a: Landorus|Intimidate|boost
|-unboost|p2a: Latios|atk|1
|turn|1
|
|switch|p2a: Skarmory|Skarmory, F|100/100
|move|p1a: Landorus|U-turn|p2a: Skarmory
|-resisted|p2a: Skarmory
|-damage|p2a: Skarmory|97/100
|-damage|p1a: Landorus|84/100|[from] item: Rocky Helmet|[of] p2a: Skarmory
|
|switch|p1a: Espeon|Espeon, M|100/100|[from]move: U-turn
|
|upkeep
|turn|2
|
|switch|p2a: Tyranitar|Tyranitar, F|100/100
|-weather|Sandstorm|[from] ability: Sand Stream|[of] p2a: Tyranitar
|move|p1a: Espeon|Baton Pass|p1a: Espeon
|
|switch|p1a: Scizor|Scizor, M|100/100|[from]move: Baton Pass
|
|-weather|Sandstorm|[upkeep]
|upkeep
|turn|3
|
|switch|p2a: Skarmory|Skarmory, F|97/100
|move|p1a: Scizor|U-turn|p2a: Skarmory
|-resisted|p2a: Skarmory
|-damage|p2a: Skarmory|89/100
|-damage|p1a: Scizor|84/100|[from] item: Rocky Helmet|[of] p2a: Skarmory
|
|switch|p1a: Heatran|Heatran, M|100/100|[from]move: U-turn
|-item|p1a: Heatran|Air Balloon
|
|-weather|Sandstorm|[upkeep]
|upkeep
|turn|4
|
|switch|p2a: Tentacruel|Tentacruel, F|100/100
|move|p1a: Heatran|Lava Plume|p2a: Tentacruel
|-resisted|p2a: Tentacruel
|-damage|p2a: Tentacruel|87/100
|
|-weather|Sandstorm|[upkeep]
|-damage|p2a: Tentacruel|81/100|[from] Sandstorm
|-heal|p2a: Tentacruel|87/100|[from] item: Black Sludge
|upkeep
|turn|5
|
|move|p1a: Heatran|Earth Power|p2a: Tentacruel
|-supereffective|p2a: Tentacruel
|-damage|p2a: Tentacruel|50/100
|move|p2a: Tentacruel|Scald|p1a: Heatran
|-supereffective|p1a: Heatran
|-damage|p1a: Heatran|56/100
|-enditem|p1a: Heatran|Air Balloon
|
|-weather|Sandstorm|[upkeep]
|-damage|p2a: Tentacruel|44/100|[from] Sandstorm
|-heal|p2a: Tentacruel|50/100|[from] item: Black Sludge
|upkeep
|turn|6
|-message|MikeyTapsa forfeited.
|
|win|GrinchsBankAccount
|l|☆MikeyTapsa
|raw|MikeyTapsa's rating: 1362 &rarr; <strong>1338</strong><br />(-24 for losing)
|raw|GrinchsBankAccount's rating: 1280 &rarr; <strong>1310</strong><br />(+30 for winning)
