|j|☆SpeedwagonPokemon
|j|☆Pythagorean Python
|t:|1598155729
|player|p1|SpeedwagonPokemon|265|1340
|player|p2|Pythagorean Python|159|1560
|teamsize|p1|6
|teamsize|p2|6
|gametype|singles
|gen|5
|tier|[Gen 5] OU
|rated|
|clearpoke
|poke|p1|Tyranitar, M|item
|poke|p1|Ferrothorn, F|item
|poke|p1|Gliscor, F|item
|poke|p1|Terrakion|item
|poke|p1|Latios, M|item
|poke|p1|Jirachi|item
|poke|p2|Salamence, M|item
|poke|p2|Garchomp, M|item
|poke|p2|Meloetta|item
|poke|p2|Raikou|item
|poke|p2|Mienshao, M|item
|poke|p2|Jirachi|item
|rule|Species Clause: Limit one of each Pokémon
|rule|OHKO Clause: OHKO moves are banned
|rule|Moody Clause: Moody is banned
|rule|Evasion Moves Clause: Evasion moves are banned
|rule|Endless Battle Clause: Forcing endless battles is banned
|rule|HP Percentage Mod: HP is shown in percentages
|rule|Evasion Abilities Clause: Evasion abilities are banned
|rule|Baton Pass Clause: Limit one Baton Passer, can't pass Spe and other stats simultaneously
|rule|Sleep Clause: Sleep-inducing moves are banned
|rule|Swagger Clause: Swagger is banned
|teampreview
|
|t:|1598155745
|start
|switch|p1a: Latios|Latios, M|100/100
|switch|p2a: Mienshao|Mienshao, M|100/100
|turn|1
|
|t:|1598155751
|switch|p2a: Jirachi|Jirachi|100/100
|move|p1a: Latios|Draco Meteor|p2a: Jirachi
|-resisted|p2a: Jirachi
|-damage|p2a: Jirachi|42/100
|-unboost|p1a: Latios|spa|2
|
|-heal|p2a: Jirachi|49/100|[from] item: Leftovers
|upkeep
|turn|2
|
|t:|1598155758
|switch|p1a: Gliscor|Gliscor, F|100/100
|move|p2a: Jirachi|Stealth Rock|p1a: Gliscor
|-sidestart|p1: SpeedwagonPokemon|move: Stealth Rock
|
|-heal|p2a: Jirachi|55/100|[from] item: Leftovers
|-status|p1a: Gliscor|tox|[from] item: Toxic Orb
|upkeep
|turn|3
|
|t:|1598155764
|switch|p2a: Salamence|Salamence, M|100/100
|-ability|p2a: Salamence|Intimidate|boost
|-unboost|p1a: Gliscor|atk|1
|move|p1a: Gliscor|Taunt|p2a: Salamence
|-start|p2a: Salamence|move: Taunt
|
|upkeep
|turn|4
|
|t:|1598155771
|move|p2a: Salamence|Hydro Pump|p1a: Gliscor|[miss]
|-miss|p2a: Salamence|p1a: Gliscor
|move|p1a: Gliscor|Ice Fang|p2a: Salamence
|-supereffective|p2a: Salamence
|-damage|p2a: Salamence|52/100
|
|upkeep
|turn|5
|
|t:|1598155781
|move|p2a: Salamence|Hydro Pump|p1a: Gliscor|[miss]
|-miss|p2a: Salamence|p1a: Gliscor
|move|p1a: Gliscor|Ice Fang|p2a: Salamence
|-supereffective|p2a: Salamence
|-damage|p2a: Salamence|9/100
|
|-end|p2a: Salamence|move: Taunt
|upkeep
|turn|6
|
|t:|1598155785
|move|p2a: Salamence|Roost|p2a: Salamence
|-heal|p2a: Salamence|59/100
|-singleturn|p2a: Salamence|move: Roost
|move|p1a: Gliscor|Ice Fang|p2a: Salamence
|-supereffective|p2a: Salamence
|-damage|p2a: Salamence|35/100
|
|upkeep
|turn|7
|
|t:|1598155791
|switch|p1a: Latios|Latios, M|100/100
|-damage|p1a: Latios|88/100|[from] Stealth Rock
|move|p2a: Salamence|Roost|p2a: Salamence
|-heal|p2a: Salamence|85/100
|-singleturn|p2a: Salamence|move: Roost
|
|upkeep
|turn|8
|
|t:|1598155798
|switch|p2a: Jirachi|Jirachi|55/100
|move|p1a: Latios|Draco Meteor|p2a: Jirachi
|-resisted|p2a: Jirachi
|-crit|p2a: Jirachi
|-damage|p2a: Jirachi|0 fnt
|-unboost|p1a: Latios|spa|2
|faint|p2a: Jirachi
|
|upkeep
|
|t:|1598155807
|switch|p2a: Meloetta|Meloetta|100/100
|turn|9
|
|t:|1598155815
|switch|p1a: Tyranitar|Tyranitar, M|100/100
|-damage|p1a: Tyranitar|88/100|[from] Stealth Rock
|-weather|Sandstorm|[from] ability: Sand Stream|[of] p1a: Tyranitar
|move|p2a: Meloetta|Calm Mind|p2a: Meloetta
|-boost|p2a: Meloetta|spa|1
|-boost|p2a: Meloetta|spd|1
|
|-weather|Sandstorm|[upkeep]
|-damage|p2a: Meloetta|94/100|[from] Sandstorm
|-heal|p2a: Meloetta|100/100|[from] item: Leftovers
|upkeep
|turn|10
|
|t:|1598155822
|move|p1a: Tyranitar|Pursuit|p2a: Meloetta
|-supereffective|p2a: Meloetta
|-damage|p2a: Meloetta|51/100
|move|p2a: Meloetta|Focus Blast|p1a: Tyranitar
|-supereffective|p1a: Tyranitar
|-damage|p1a: Tyranitar|0 fnt
|faint|p1a: Tyranitar
|
|-weather|Sandstorm|[upkeep]
|-damage|p2a: Meloetta|45/100|[from] Sandstorm
|-heal|p2a: Meloetta|51/100|[from] item: Leftovers
|upkeep
|
|t:|1598155830
|switch|p1a: Latios|Latios, M|88/100
|-damage|p1a: Latios|76/100|[from] Stealth Rock
|turn|11
|
|t:|1598155835
|move|p1a: Latios|Draco Meteor|p2a: Meloetta
|-damage|p2a: Meloetta|3/100
|-unboost|p1a: Latios|spa|2
|move|p2a: Meloetta|Shadow Ball|p1a: Latios
|-supereffective|p1a: Latios
|-damage|p1a: Latios|0 fnt
|faint|p1a: Latios
|
|-weather|Sandstorm|[upkeep]
|-damage|p2a: Meloetta|0 fnt|[from] Sandstorm
|faint|p2a: Meloetta
|upkeep
|
|t:|1598155849
|switch|p1a: Terrakion|Terrakion|100/100
|switch|p2a: Salamence|Salamence, M|85/100
|-damage|p1a: Terrakion|94/100|[from] Stealth Rock
|-ability|p2a: Salamence|Intimidate|boost
|-unboost|p1a: Terrakion|atk|1
|turn|12
|
|t:|1598155854
|switch|p1a: Gliscor|Gliscor, F|100/100 tox
|-damage|p1a: Gliscor|88/100 tox|[from] Stealth Rock
|switch|p2a: Garchomp|Garchomp, M|100/100
|
|-weather|Sandstorm|[upkeep]
|-heal|p1a: Gliscor|100/100 tox|[from] ability: Poison Heal
|upkeep
|turn|13
|
|t:|1598155861
|switch|p2a: Salamence|Salamence, M|85/100
|-ability|p2a: Salamence|Intimidate|boost
|-unboost|p1a: Gliscor|atk|1
|move|p1a: Gliscor|Ice Fang|p2a: Salamence|[miss]
|-miss|p1a: Gliscor|p2a: Salamence
|
|-weather|Sandstorm|[upkeep]
|-damage|p2a: Salamence|79/100|[from] Sandstorm
|upkeep
|turn|14
|
|t:|1598155868
|switch|p1a: Ferrothorn|Ferrothorn, F|100/100
|-damage|p1a: Ferrothorn|94/100|[from] Stealth Rock
|move|p2a: Salamence|Hydro Pump|p1a: Ferrothorn
|-resisted|p1a: Ferrothorn
|-damage|p1a: Ferrothorn|81/100
|
|-weather|Sandstorm|[upkeep]
|-damage|p2a: Salamence|73/100|[from] Sandstorm
|-heal|p1a: Ferrothorn|88/100|[from] item: Leftovers
|upkeep
|turn|15
|
|t:|1598155874
|move|p2a: Salamence|Fire Blast|p1a: Ferrothorn
|-supereffective|p1a: Ferrothorn
|-damage|p1a: Ferrothorn|0 fnt
|faint|p1a: Ferrothorn
|
|-weather|Sandstorm|[upkeep]
|-damage|p2a: Salamence|67/100|[from] Sandstorm
|upkeep
|
|t:|1598155877
|switch|p1a: Terrakion|Terrakion|94/100
|-damage|p1a: Terrakion|88/100|[from] Stealth Rock
|turn|16
|
|t:|1598155891
|move|p1a: Terrakion|Stone Edge|p2a: Salamence|[miss]
|-miss|p1a: Terrakion|p2a: Salamence
|move|p2a: Salamence|Hydro Pump|p1a: Terrakion|[miss]
|-miss|p2a: Salamence|p1a: Terrakion
|
|-weather|Sandstorm|[upkeep]
|-damage|p2a: Salamence|61/100|[from] Sandstorm
|upkeep
|turn|17
|
|t:|1598155905
|switch|p2a: Garchomp|Garchomp, M|100/100
|move|p1a: Terrakion|Stone Edge|p2a: Garchomp
|-resisted|p2a: Garchomp
|-crit|p2a: Garchomp
|-damage|p2a: Garchomp|23/100
|
|-weather|Sandstorm|[upkeep]
|upkeep
|turn|18
|
|t:|1598155911
|move|p2a: Garchomp|Earthquake|p1a: Terrakion
|-supereffective|p1a: Terrakion
|-damage|p1a: Terrakion|0 fnt
|faint|p1a: Terrakion
|
|-weather|Sandstorm|[upkeep]
|upkeep
|
|t:|1598155914
|switch|p1a: Gliscor|Gliscor, F|100/100 tox
|-damage|p1a: Gliscor|88/100 tox|[from] Stealth Rock
|turn|19
|
|t:|1598155920
|switch|p2a: Mienshao|Mienshao, M|100/100
|move|p1a: Gliscor|Ice Fang|p2a: Mienshao
|-damage|p2a: Mienshao|72/100
|
|-weather|Sandstorm|[upkeep]
|-damage|p2a: Mienshao|66/100|[from] Sandstorm
|-heal|p1a: Gliscor|100/100 tox|[from] ability: Poison Heal
|upkeep
|turn|20
|
|t:|1598155923
|move|p2a: Mienshao|Hidden Power|p1a: Gliscor
|-supereffective|p1a: Gliscor
|-damage|p1a: Gliscor|22/100 tox
|move|p1a: Gliscor|Earthquake|p2a: Mienshao
|-damage|p2a: Mienshao|3/100
|
|-weather|Sandstorm|[upkeep]
|-damage|p2a: Mienshao|0 fnt|[from] Sandstorm
|faint|p2a: Mienshao
|-heal|p1a: Gliscor|35/100 tox|[from] ability: Poison Heal
|upkeep
|
|t:|1598155929
|switch|p2a: Salamence|Salamence, M|61/100
|-ability|p2a: Salamence|Intimidate|boost
|-unboost|p1a: Gliscor|atk|1
|turn|21
|
|t:|1598155936
|move|p2a: Salamence|Fire Blast|p1a: Gliscor
|-damage|p1a: Gliscor|0 fnt
|faint|p1a: Gliscor
|
|-weather|Sandstorm|[upkeep]
|-damage|p2a: Salamence|55/100|[from] Sandstorm
|upkeep
|
|t:|1598155938
|switch|p1a: Jirachi|Jirachi|100/100
|-damage|p1a: Jirachi|94/100|[from] Stealth Rock
|turn|22
|
|t:|1598155949
|move|p2a: Salamence|Fire Blast|p1a: Jirachi|[miss]
|-miss|p2a: Salamence|p1a: Jirachi
|move|p1a: Jirachi|Substitute|p1a: Jirachi
|-start|p1a: Jirachi|Substitute
|-damage|p1a: Jirachi|69/100
|
|-weather|Sandstorm|[upkeep]
|-damage|p2a: Salamence|49/100|[from] Sandstorm
|-heal|p1a: Jirachi|75/100|[from] item: Leftovers
|upkeep
|turn|23
|
|t:|1598155953
|move|p2a: Salamence|Fire Blast|p1a: Jirachi
|-supereffective|p1a: Jirachi
|-end|p1a: Jirachi|Substitute
|move|p1a: Jirachi|Thunder|p2a: Salamence
|-damage|p2a: Salamence|17/100
|-status|p2a: Salamence|par
|
|-weather|Sandstorm|[upkeep]
|-damage|p2a: Salamence|11/100 par|[from] Sandstorm
|-heal|p1a: Jirachi|82/100|[from] item: Leftovers
|upkeep
|turn|24
|
|t:|1598155965
|move|p1a: Jirachi|Substitute|p1a: Jirachi
|-start|p1a: Jirachi|Substitute
|-damage|p1a: Jirachi|57/100
|move|p2a: Salamence|Fire Blast|p1a: Jirachi
|-supereffective|p1a: Jirachi
|-end|p1a: Jirachi|Substitute
|
|-weather|Sandstorm|[upkeep]
|-damage|p2a: Salamence|5/100 par|[from] Sandstorm
|-heal|p1a: Jirachi|63/100|[from] item: Leftovers
|upkeep
|turn|25
|
|t:|1598155968
|move|p1a: Jirachi|Substitute|p1a: Jirachi
|-start|p1a: Jirachi|Substitute
|-damage|p1a: Jirachi|38/100
|move|p2a: Salamence|Fire Blast|p1a: Jirachi
|-supereffective|p1a: Jirachi
|-end|p1a: Jirachi|Substitute
|
|-weather|Sandstorm|[upkeep]
|-damage|p2a: Salamence|0 fnt|[from] Sandstorm
|faint|p2a: Salamence
|-heal|p1a: Jirachi|44/100|[from] item: Leftovers
|upkeep
|
|t:|1598155971
|switch|p2a: Garchomp|Garchomp, M|23/100
|turn|26
|
|t:|1598155979
|move|p2a: Garchomp|Earthquake|p1a: Jirachi
|-supereffective|p1a: Jirachi
|-damage|p1a: Jirachi|0 fnt
|faint|p1a: Jirachi
|
|win|Pythagorean Python
|l|☆SpeedwagonPokemon
|raw|SpeedwagonPokemon's rating: 1340 &rarr; <strong>1332</strong><br />(-8 for losing)
|raw|Pythagorean Python's rating: 1561 &rarr; <strong>1570</strong><br />(+9 for winning)
