|j|☆anglemort33
|j|☆woahhgh
|t:|1722895668
|gametype|singles
|player|p1|anglemort33|2|1341
|player|p2|woahhgh|1|1311
|teamsize|p1|6
|teamsize|p2|6
|gen|5
|tier|[Gen 5] OU
|rated|
|rule|Species Clause: Limit one of each Pokémon
|rule|OHKO Clause: OHKO moves are banned
|rule|Moody Clause: Moody is banned
|rule|Evasion Items Clause: Evasion items are banned
|rule|Evasion Moves Clause: Evasion moves are banned
|rule|Endless Battle Clause: Forcing endless battles is banned
|rule|HP Percentage Mod: HP is shown in percentages
|rule|Evasion Abilities Clause: Evasion abilities are banned
|rule|Sleep Moves Clause: Sleep-inducing moves are banned
|rule|Swagger Clause: Swagger is banned
|rule|Baton Pass Stat Clause: No Baton Passer may have a way to boost its stats
|clearpoke
|poke|p1|Tyranitar, F|item
|poke|p1|Skarmory, M|item
|poke|p1|Jellicent, F|item
|poke|p1|Latios, M|item
|poke|p1|Alakazam, M|item
|poke|p1|Gliscor, F|item
|poke|p2|Tyranitar, F|item
|poke|p2|Garchomp, M|item
|poke|p2|Alakazam, F|item
|poke|p2|Ferrothorn, F|item
|poke|p2|Volcarona, F|item
|poke|p2|Starmie|item
|teampreview
|inactive|Battle timer is ON: inactive players will automatically lose when time's up. (requested by woahhgh)
|
|t:|1722895734
|start
|switch|p1a: Gliscor|Gliscor, F|100/100
|switch|p2a: Tyranitar|Tyranitar, F, shiny|100/100
|-weather|Sandstorm|[from] ability: Sand Stream|[of] p2a: Tyranitar
|turn|1
|
|t:|1722895749
|move|p2a: Tyranitar|Ice Punch|p1a: Gliscor
|-supereffective|p1a: Gliscor
|-damage|p1a: Gliscor|30/100
|move|p1a: Gliscor|Stealth Rock|p2a: Tyranitar
|-sidestart|p2: woahhgh|move: Stealth Rock
|
|-weather|Sandstorm|[upkeep]
|-status|p1a: Gliscor|tox|[from] item: Toxic Orb
|upkeep
|turn|2
|inactive|anglemort33 has 120 seconds left.
|
|t:|1722895795
|switch|p2a: Starmie|Starmie, shiny|100/100
|-damage|p2a: Starmie|88/100|[from] Stealth Rock
|switch|p1a: Jellicent|Jellicent, F|100/100
|
|-weather|Sandstorm|[upkeep]
|-damage|p2a: Starmie|82/100|[from] Sandstorm
|-damage|p1a: Jellicent|94/100|[from] Sandstorm
|-heal|p2a: Starmie|88/100|[from] item: Leftovers
|-heal|p1a: Jellicent|100/100|[from] item: Leftovers
|upkeep
|turn|3
|
|t:|1722895810
|switch|p1a: Tyranitar|Tyranitar, F|100/100
|move|p2a: Starmie|Thunderbolt|p1a: Tyranitar
|-damage|p1a: Tyranitar|87/100
|
|-weather|Sandstorm|[upkeep]
|-damage|p2a: Starmie|82/100|[from] Sandstorm
|-heal|p2a: Starmie|88/100|[from] item: Leftovers
|upkeep
|turn|4
|
|t:|1722895819
|move|p2a: Starmie|Rapid Spin|p1a: Tyranitar
|-resisted|p1a: Tyranitar
|-damage|p1a: Tyranitar|85/100
|-sideend|p2: woahhgh|Stealth Rock|[from] move: Rapid Spin|[of] p2a: Starmie
|move|p1a: Tyranitar|Pursuit|p2a: Starmie
|-supereffective|p2a: Starmie
|-damage|p2a: Starmie|21/100
|
|-weather|Sandstorm|[upkeep]
|-damage|p2a: Starmie|15/100|[from] Sandstorm
|-heal|p2a: Starmie|21/100|[from] item: Leftovers
|upkeep
|turn|5
|
|t:|1722895822
|-activate|p2a: Starmie|move: Pursuit
|move|p1a: Tyranitar|Pursuit|p2a: Starmie|[from]Pursuit
|-supereffective|p2a: Starmie
|-damage|p2a: Starmie|0 fnt
|faint|p2a: Starmie
|-hint|A Pokemon can't switch between when it runs out of HP and when it faints
|
|-weather|Sandstorm|[upkeep]
|upkeep
|
|t:|1722895832
|switch|p2a: Ferrothorn|Ferrothorn, F, shiny|100/100
|turn|6
|
|t:|1722895844
|switch|p1a: Gliscor|Gliscor, F|30/100 tox
|move|p2a: Ferrothorn|Power Whip|p1a: Gliscor
|-damage|p1a: Gliscor|3/100 tox
|
|-weather|Sandstorm|[upkeep]
|-heal|p1a: Gliscor|16/100 tox|[from] ability: Poison Heal
|upkeep
|turn|7
|
|t:|1722895854
|switch|p2a: Volcarona|Volcarona, F, shiny|100/100
|move|p1a: Gliscor|Protect||[still]
|-fail|p1a: Gliscor
|
|-weather|Sandstorm|[upkeep]
|-damage|p2a: Volcarona|94/100|[from] Sandstorm
|-heal|p1a: Gliscor|28/100 tox|[from] ability: Poison Heal
|upkeep
|turn|8
|
|t:|1722895863
|move|p2a: Volcarona|Quiver Dance|p2a: Volcarona
|-boost|p2a: Volcarona|spa|1
|-boost|p2a: Volcarona|spd|1
|-boost|p2a: Volcarona|spe|1
|move|p1a: Gliscor|Earthquake|p2a: Volcarona
|-damage|p2a: Volcarona|43/100
|
|-weather|Sandstorm|[upkeep]
|-damage|p2a: Volcarona|37/100|[from] Sandstorm
|-heal|p1a: Gliscor|41/100 tox|[from] ability: Poison Heal
|upkeep
|turn|9
|
|t:|1722895878
|move|p1a: Gliscor|Protect|p1a: Gliscor
|-singleturn|p1a: Gliscor|Protect
|move|p2a: Volcarona|Fiery Dance|p1a: Gliscor
|-activate|p1a: Gliscor|move: Protect
|
|-weather|Sandstorm|[upkeep]
|-damage|p2a: Volcarona|31/100|[from] Sandstorm
|-heal|p1a: Gliscor|53/100 tox|[from] ability: Poison Heal
|upkeep
|turn|10
|inactive|anglemort33 has 120 seconds left.
|
|t:|1722895919
|move|p2a: Volcarona|Fiery Dance|p1a: Gliscor
|-damage|p1a: Gliscor|0 fnt
|-boost|p2a: Volcarona|spa|1
|faint|p1a: Gliscor
|
|-weather|Sandstorm|[upkeep]
|-damage|p2a: Volcarona|25/100|[from] Sandstorm
|upkeep
|inactive|anglemort33 has 90 seconds left.
|inactive|anglemort33 has 60 seconds left.
|
|t:|1722895989
|switch|p1a: Alakazam|Alakazam, M|100/100
|turn|11
|
|t:|1722895994
|move|p2a: Volcarona|Giga Drain|p1a: Alakazam
|-damage|p1a: Alakazam|22/100
|-heal|p2a: Volcarona|57/100|[from] drain|[of] p1a: Alakazam
|move|p1a: Alakazam|Psyshock|p2a: Volcarona
|-damage|p2a: Volcarona|0 fnt
|faint|p2a: Volcarona
|
|-weather|Sandstorm|[upkeep]
|upkeep
|
|t:|1722896000
|switch|p2a: Alakazam|Alakazam, F|100/100
|turn|12
|inactive|anglemort33 has 60 seconds left.
|
|t:|1722896016
|switch|p1a: Skarmory|Skarmory, M|100/100
|move|p2a: Alakazam|Shadow Ball|p1a: Skarmory
|-resisted|p1a: Skarmory
|-damage|p1a: Skarmory|87/100
|-unboost|p1a: Skarmory|spd|1
|
|-weather|Sandstorm|[upkeep]
|-heal|p1a: Skarmory|93/100|[from] item: Leftovers
|upkeep
|turn|13
|
|t:|1722896022
|move|p2a: Alakazam|Calm Mind|p2a: Alakazam
|-boost|p2a: Alakazam|spa|1
|-boost|p2a: Alakazam|spd|1
|move|p1a: Skarmory|Spikes|p2a: Alakazam
|-sidestart|p2: woahhgh|Spikes
|
|-weather|Sandstorm|[upkeep]
|-heal|p1a: Skarmory|99/100|[from] item: Leftovers
|upkeep
|turn|14
|inactive|anglemort33 has 60 seconds left.
|
|t:|1722896045
|move|p2a: Alakazam|Focus Blast|p1a: Skarmory
|-damage|p1a: Skarmory|13/100
|move|p1a: Skarmory|Brave Bird|p2a: Alakazam
|-damage|p2a: Alakazam|20/100
|-damage|p1a: Skarmory|0 fnt|[from] Recoil
|faint|p1a: Skarmory
|
|-weather|Sandstorm|[upkeep]
|upkeep
|inactive|anglemort33 has 30 seconds left.
|
|t:|1722896068
|switch|p1a: Tyranitar|Tyranitar, F|85/100
|turn|15
|
|t:|1722896072
|move|p2a: Alakazam|Focus Blast|p1a: Tyranitar
|-supereffective|p1a: Tyranitar
|-enditem|p1a: Tyranitar|Chople Berry|[eat]
|-enditem|p1a: Tyranitar|Chople Berry|[weaken]
|-damage|p1a: Tyranitar|29/100
|move|p1a: Tyranitar|Pursuit|p2a: Alakazam
|-supereffective|p2a: Alakazam
|-damage|p2a: Alakazam|0 fnt
|faint|p2a: Alakazam
|
|-weather|Sandstorm|[upkeep]
|upkeep
|
|t:|1722896081
|switch|p2a: Ferrothorn|Ferrothorn, F, shiny|100/100
|-damage|p2a: Ferrothorn|88/100|[from] Spikes
|turn|16
|inactive|anglemort33 has 30 seconds left.
|
|t:|1722896111
|move|p1a: Tyranitar|Superpower|p2a: Ferrothorn
|-supereffective|p2a: Ferrothorn
|-damage|p2a: Ferrothorn|36/100
|-unboost|p1a: Tyranitar|atk|1
|-unboost|p1a: Tyranitar|def|1
|-damage|p1a: Tyranitar|17/100|[from] ability: Iron Barbs|[of] p2a: Ferrothorn
|-damage|p1a: Tyranitar|0 fnt|[from] item: Rocky Helmet|[of] p2a: Ferrothorn
|faint|p1a: Tyranitar
|move|p2a: Ferrothorn|Power Whip|p1: Tyranitar|[notarget]
|-fail|p2a: Ferrothorn
|
|-weather|Sandstorm|[upkeep]
|upkeep
|inactive|anglemort33 has 30 seconds left this turn.
|inactive|anglemort33 has 20 seconds left.
|inactive|anglemort33 has 15 seconds left.
|inactive|anglemort33 has 10 seconds left.
|
|t:|1722896135
|switch|p1a: Latios|Latios, M|100/100
|turn|17
|inactive|anglemort33 has 20 seconds left this turn.
|inactive|anglemort33 has 15 seconds left.
|
|t:|1722896140
|move|p1a: Latios|Surf|p2a: Ferrothorn
|-resisted|p2a: Ferrothorn
|-damage|p2a: Ferrothorn|23/100
|move|p2a: Ferrothorn|Thunder Wave|p1a: Latios
|-status|p1a: Latios|par
|
|-weather|Sandstorm|[upkeep]
|-damage|p1a: Latios|95/100 par|[from] Sandstorm
|upkeep
|turn|18
|inactive|anglemort33 has 25 seconds left this turn.
|
|t:|1722896148
|cant|p1a: Latios|par
|move|p2a: Ferrothorn|Leech Seed|p1a: Latios
|-start|p1a: Latios|move: Leech Seed
|
|-weather|Sandstorm|[upkeep]
|-damage|p1a: Latios|89/100 par|[from] Sandstorm
|-damage|p1a: Latios|76/100 par|[from] Leech Seed|[of] p2a: Ferrothorn
|-heal|p2a: Ferrothorn|33/100|[silent]
|upkeep
|turn|19
|
|t:|1722896151
|cant|p1a: Latios|par
|move|p2a: Ferrothorn|Power Whip|p1a: Latios
|-resisted|p1a: Latios
|-damage|p1a: Latios|50/100 par
|
|-weather|Sandstorm|[upkeep]
|-damage|p1a: Latios|44/100 par|[from] Sandstorm
|-damage|p1a: Latios|31/100 par|[from] Leech Seed|[of] p2a: Ferrothorn
|-heal|p2a: Ferrothorn|44/100|[silent]
|upkeep
|turn|20
|
|t:|1722896156
|move|p1a: Latios|Hidden Power|p2a: Ferrothorn
|-supereffective|p2a: Ferrothorn
|-damage|p2a: Ferrothorn|0 fnt
|faint|p2a: Ferrothorn
|
|-weather|Sandstorm|[upkeep]
|-damage|p1a: Latios|25/100 par|[from] Sandstorm
|upkeep
|
|t:|1722896162
|switch|p2a: Tyranitar|Tyranitar, F, shiny|100/100
|-damage|p2a: Tyranitar|88/100|[from] Spikes
|turn|21
|
|t:|1722896167
|move|p2a: Tyranitar|Crunch|p1a: Latios
|-supereffective|p1a: Latios
|-enditem|p1a: Latios|Colbur Berry|[eat]
|-enditem|p1a: Latios|Colbur Berry|[weaken]
|-damage|p1a: Latios|0 fnt
|faint|p1a: Latios
|
|-weather|Sandstorm|[upkeep]
|upkeep
|
|t:|1722896174
|switch|p1a: Alakazam|Alakazam, M|22/100
|turn|22
|
|t:|1722896177
|move|p1a: Alakazam|Focus Blast|p2a: Tyranitar
|-supereffective|p2a: Tyranitar
|-damage|p2a: Tyranitar|0 fnt
|faint|p2a: Tyranitar
|
|-weather|Sandstorm|[upkeep]
|upkeep
|
|t:|1722896179
|switch|p2a: Garchomp|Garchomp, M, shiny|100/100
|-damage|p2a: Garchomp|88/100|[from] Spikes
|turn|23
|c|☆woahhgh|gg
|
|t:|1722896185
|move|p1a: Alakazam|Hidden Power|p2a: Garchomp
|-supereffective|p2a: Garchomp
|-enditem|p2a: Garchomp|Yache Berry|[eat]
|-enditem|p2a: Garchomp|Yache Berry|[weaken]
|-damage|p2a: Garchomp|32/100
|move|p2a: Garchomp|Earthquake|p1a: Alakazam
|-crit|p1a: Alakazam
|-damage|p1a: Alakazam|0 fnt
|faint|p1a: Alakazam
|
|-weather|Sandstorm|[upkeep]
|upkeep
|
|t:|1722896194
|switch|p1a: Jellicent|Jellicent, F|100/100
|turn|24
|
|t:|1722896196
|move|p2a: Garchomp|Swords Dance|p2a: Garchomp
|-boost|p2a: Garchomp|atk|2
|move|p1a: Jellicent|Night Shade|p2a: Garchomp
|-damage|p2a: Garchomp|4/100
|
|-weather|Sandstorm|[upkeep]
|-damage|p1a: Jellicent|94/100|[from] Sandstorm
|-heal|p1a: Jellicent|100/100|[from] item: Leftovers
|upkeep
|turn|25
|inactive|anglemort33 has 90 seconds left.
|
|t:|1722896208
|move|p2a: Garchomp|Outrage|p1a: Jellicent
|-damage|p1a: Jellicent|0 fnt
|faint|p1a: Jellicent
|
|win|woahhgh
|raw|anglemort33's rating: 1341 &rarr; <strong>1319</strong><br />(-22 for losing)
|raw|woahhgh's rating: 1311 &rarr; <strong>1333</strong><br />(+22 for winning)
|c|☆anglemort33|ggs
|l|☆woahhgh
|player|p2|
