|j|☆Whenitshak
|j|☆le imposteur
|t:|1736438316
|gametype|singles
|player|p1|Whenitshak|2|1326
|player|p2|le imposteur|artist-gen4|1327
|teamsize|p1|6
|teamsize|p2|6
|gen|5
|tier|[Gen 5] OU
|rated|
|rule|Species Clause: Limit one of each Pokémon
|rule|OHKO Clause: OHKO moves are banned
|rule|Moody Clause: Moody is banned
|rule|Evasion Items Clause: Evasion items are banned
|rule|Evasion Moves Clause: Evasion moves are banned
|rule|Endless Battle Clause: Forcing endless battles is banned
|rule|HP Percentage Mod: HP is shown in percentages
|rule|Evasion Abilities Clause: Evasion abilities are banned
|rule|Sleep Moves Clause: Sleep-inducing moves are banned
|rule|Swagger Clause: Swagger is banned
|rule|Baton Pass Stat Clause: No Baton Passer may have a way to boost its stats
|clearpoke
|poke|p1|Garchomp, F|item
|poke|p1|Terrakion|item
|poke|p1|Starmie|item
|poke|p1|Dragonite, M|item
|poke|p1|Scizor, F|item
|poke|p1|Breloom, M|item
|poke|p2|Politoed, M|item
|poke|p2|Tornadus, M|item
|poke|p2|Tentacruel, M|item
|poke|p2|Ferrothorn, M|item
|poke|p2|Thundurus-Therian, M|item
|poke|p2|Keldeo|item
|teampreview
|inactive|Battle timer is ON: inactive players will automatically lose when time's up. (requested by le imposteur)
|inactive|le imposteur has 120 seconds left.
|
|t:|1736438355
|start
|switch|p1a: David|Garchomp, F|100/100
|switch|p2a: Raffaele Esposito|Politoed, M, shiny|100/100
|-weather|RainDance|[from] ability: Drizzle|[of] p2a: Raffaele Esposito
|turn|1
|
|t:|1736438367
|move|p1a: David|Outrage|p2a: Raffaele Esposito
|-damage|p2a: Raffaele Esposito|44/100
|move|p2a: Raffaele Esposito|Scald|p1a: David
|-damage|p1a: David|55/100
|-status|p1a: David|brn
|
|-weather|RainDance|[upkeep]
|-heal|p2a: Raffaele Esposito|50/100|[from] item: Leftovers
|-damage|p1a: David|43/100 brn|[from] brn
|upkeep
|turn|2
|
|t:|1736438376
|move|p1a: David|Outrage|p2a: Raffaele Esposito|[from]lockedmove
|-damage|p2a: Raffaele Esposito|25/100
|move|p2a: Raffaele Esposito|Scald|p1a: David
|-damage|p1a: David|0 fnt
|faint|p1a: David
|
|-weather|RainDance|[upkeep]
|-heal|p2a: Raffaele Esposito|31/100|[from] item: Leftovers
|upkeep
|
|t:|1736438389
|switch|p1a: Hiii|Starmie|100/100
|-item|p1a: Hiii|Air Balloon
|turn|3
|
|t:|1736438397
|move|p2a: Raffaele Esposito|Protect|p2a: Raffaele Esposito
|-singleturn|p2a: Raffaele Esposito|Protect
|move|p1a: Hiii|Thunder|p2a: Raffaele Esposito
|-activate|p2a: Raffaele Esposito|move: Protect
|
|-weather|RainDance|[upkeep]
|-heal|p2a: Raffaele Esposito|37/100|[from] item: Leftovers
|upkeep
|turn|4
|
|t:|1736438401
|move|p1a: Hiii|Hydro Pump|p2a: Raffaele Esposito
|-resisted|p2a: Raffaele Esposito
|-damage|p2a: Raffaele Esposito|2/100
|move|p2a: Raffaele Esposito|Encore|p1a: Hiii
|-start|p1a: Hiii|Encore
|
|-weather|RainDance|[upkeep]
|-heal|p2a: Raffaele Esposito|8/100|[from] item: Leftovers
|upkeep
|turn|5
|
|t:|1736438406
|move|p1a: Hiii|Hydro Pump|p2a: Raffaele Esposito
|-resisted|p2a: Raffaele Esposito
|-damage|p2a: Raffaele Esposito|0 fnt
|faint|p2a: Raffaele Esposito
|
|-weather|RainDance|[upkeep]
|upkeep
|
|t:|1736438421
|switch|p2a: Fugazza|Ferrothorn, M, shiny|100/100
|turn|6
|
|t:|1736438436
|switch|p2a: Capricciosa|Tornadus, M, shiny|100/100
|move|p1a: Hiii|Hydro Pump|p2a: Capricciosa
|-damage|p2a: Capricciosa|0 fnt
|faint|p2a: Capricciosa
|
|-weather|RainDance|[upkeep]
|upkeep
|c|☆le imposteur|oh my god
|c|☆le imposteur|who stays there
|-message|le imposteur forfeited.
|
|win|Whenitshak
|raw|Whenitshak's rating: 1326 &rarr; <strong>1346</strong><br />(+20 for winning)
|raw|le imposteur's rating: 1327 &rarr; <strong>1307</strong><br />(-20 for losing)
|l|☆le imposteur
|player|p2|
