|j|☆ZeroTheHero77
|j|☆2iq gaming
|t:|1708958139
|gametype|singles
|player|p1|ZeroTheHero77|n|1274
|player|p2|2iq gaming|266|1441
|teamsize|p1|6
|teamsize|p2|6
|gen|5
|tier|[Gen 5] OU
|rated|
|rule|Species Clause: Limit one of each Pokémon
|rule|OHKO Clause: OHKO moves are banned
|rule|Moody Clause: Moody is banned
|rule|Evasion Items Clause: Evasion items are banned
|rule|Evasion Moves Clause: Evasion moves are banned
|rule|Endless Battle Clause: Forcing endless battles is banned
|rule|HP Percentage Mod: HP is shown in percentages
|rule|Evasion Abilities Clause: Evasion abilities are banned
|rule|Sleep Moves Clause: Sleep-inducing moves are banned
|rule|Swagger Clause: Swagger is banned
|rule|Baton Pass Stat Clause: No Baton Passer may have a way to boost its stats
|clearpoke
|poke|p1|Shaymin|item
|poke|p1|Zoroark, M|item
|poke|p1|Conkeldurr, M|item
|poke|p1|Ninetales, M|item
|poke|p1|Crobat, F|item
|poke|p1|Jellicent, M|item
|poke|p2|Tyranitar, M|item
|poke|p2|Gliscor, M|item
|poke|p2|Skarmory, F|item
|poke|p2|Gastrodon, M|item
|poke|p2|Reuniclus, M|item
|poke|p2|Alakazam, F|item
|teampreview
|inactive|Battle timer is ON: inactive players will automatically lose when time's up. (requested by 2iq gaming)
|
|t:|1708958150
|start
|switch|p1a: Rouge|Crobat, F|100/100
|switch|p2a: Gliscor|Gliscor, M|100/100
|turn|1
|
|t:|1708958155
|move|p2a: Gliscor|Protect|p2a: Gliscor
|-singleturn|p2a: Gliscor|Protect
|move|p1a: Rouge|Taunt|p2a: Gliscor
|-activate|p2a: Gliscor|move: Protect
|
|-status|p2a: Gliscor|tox|[from] item: Toxic Orb
|upkeep
|turn|2
|
|t:|1708958159
|move|p1a: Rouge|Taunt|p2a: Gliscor
|-start|p2a: Gliscor|move: Taunt
|move|p2a: Gliscor|Knock Off|p1a: Rouge
|-damage|p1a: Rouge|95/100
|-enditem|p1a: Rouge|Focus Sash|[from] move: Knock Off|[of] p2a: Gliscor
|
|upkeep
|turn|3
|inactive|2iq gaming has 120 seconds left.
|
|t:|1708958196
|switch|p2a: Tyranitar|Tyranitar, M|100/100
|-weather|Sandstorm|[from] ability: Sand Stream|[of] p2a: Tyranitar
|move|p1a: Rouge|U-turn|p2a: Tyranitar
|-supereffective|p2a: Tyranitar
|-damage|p2a: Tyranitar|68/100
|
|t:|1708958202
|switch|p1a: Tails|Ninetales, M|100/100|[from] U-turn
|-weather|SunnyDay|[from] ability: Drought|[of] p1a: Tails
|
|-weather|SunnyDay|[upkeep]
|upkeep
|turn|4
|
|t:|1708958207
|switch|p2a: Reuniclus|Reuniclus, M|100/100
|move|p1a: Tails|Solar Beam||[still]
|-prepare|p1a: Tails|Solar Beam
|-anim|p1a: Tails|Solar Beam|p2a: Reuniclus
|-damage|p2a: Reuniclus|61/100
|
|-weather|SunnyDay|[upkeep]
|-heal|p2a: Reuniclus|67/100|[from] item: Leftovers
|upkeep
|turn|5
|
|t:|1708958214
|switch|p1a: Chaos|Jellicent, M|100/100
|move|p2a: Reuniclus|Recover|p2a: Reuniclus
|-heal|p2a: Reuniclus|100/100
|
|-weather|SunnyDay|[upkeep]
|upkeep
|turn|6
|
|t:|1708958224
|move|p1a: Chaos|Dark Pulse|p2a: Reuniclus
|-supereffective|p2a: Reuniclus
|-damage|p2a: Reuniclus|0 fnt
|faint|p2a: Reuniclus
|
|-weather|SunnyDay|[upkeep]
|upkeep
|
|t:|1708958231
|switch|p2a: Gliscor|Gliscor, M|100/100 tox
|turn|7
|
|t:|1708958237
|switch|p1a: Rouge|Crobat, F|95/100
|move|p2a: Gliscor|Stealth Rock|p1a: Rouge
|-sidestart|p1: ZeroTheHero77|move: Stealth Rock
|
|-weather|SunnyDay|[upkeep]
|upkeep
|turn|8
|
|t:|1708958247
|move|p2a: Gliscor|Protect|p2a: Gliscor
|-singleturn|p2a: Gliscor|Protect
|move|p1a: Rouge|Taunt|p2a: Gliscor
|-activate|p2a: Gliscor|move: Protect
|
|-weather|SunnyDay|[upkeep]
|upkeep
|turn|9
|
|t:|1708958249
|move|p1a: Rouge|Taunt|p2a: Gliscor
|-start|p2a: Gliscor|move: Taunt
|move|p2a: Gliscor|Knock Off|p1a: Rouge
|-damage|p1a: Rouge|89/100
|
|-weather|SunnyDay|[upkeep]
|upkeep
|turn|10
|
|t:|1708958255
|move|p1a: Rouge|U-turn|p2a: Gliscor
|-resisted|p2a: Gliscor
|-damage|p2a: Gliscor|93/100 tox
|
|t:|1708958266
|switch|p1a: Knuckles|Conkeldurr, M|100/100|[from] U-turn
|-damage|p1a: Knuckles|94/100|[from] Stealth Rock
|move|p2a: Gliscor|Earthquake|p1a: Knuckles
|-damage|p1a: Knuckles|68/100
|
|-weather|SunnyDay|[upkeep]
|-heal|p2a: Gliscor|100/100 tox|[from] ability: Poison Heal
|upkeep
|turn|11
|
|t:|1708958273
|switch|p2a: Skarmory|Skarmory, F, shiny|100/100
|move|p1a: Knuckles|Ice Punch|p2a: Skarmory
|-damage|p2a: Skarmory|66/100
|
|-weather|SunnyDay|[upkeep]
|-heal|p2a: Skarmory|72/100|[from] item: Leftovers
|upkeep
|turn|12
|
|t:|1708958283
|move|p2a: Skarmory|Spikes|p1a: Knuckles
|-sidestart|p1: ZeroTheHero77|Spikes
|move|p1a: Knuckles|Drain Punch|p2a: Skarmory
|-damage|p2a: Skarmory|33/100
|-heal|p1a: Knuckles|83/100|[from] drain|[of] p2a: Skarmory
|-damage|p1a: Knuckles|73/100|[from] item: Life Orb
|
|-weather|SunnyDay|[upkeep]
|-heal|p2a: Skarmory|39/100|[from] item: Leftovers
|upkeep
|turn|13
|
|t:|1708958297
|move|p2a: Skarmory|Brave Bird|p1a: Knuckles
|-supereffective|p1a: Knuckles
|-damage|p1a: Knuckles|14/100
|-damage|p2a: Skarmory|15/100|[from] Recoil
|move|p1a: Knuckles|Drain Punch|p2a: Skarmory
|-damage|p2a: Skarmory|0 fnt
|-heal|p1a: Knuckles|20/100|[from] drain|[of] p2a: Skarmory
|faint|p2a: Skarmory
|-damage|p1a: Knuckles|10/100|[from] item: Life Orb
|
|-weather|SunnyDay|[upkeep]
|upkeep
|
|t:|1708958303
|switch|p2a: Gliscor|Gliscor, M|100/100 tox
|turn|14
|
|t:|1708958306
|move|p2a: Gliscor|Earthquake|p1a: Knuckles
|-damage|p1a: Knuckles|0 fnt
|faint|p1a: Knuckles
|
|-weather|SunnyDay|[upkeep]
|upkeep
|
|t:|1708958312
|switch|p1a: Chaos|Jellicent, M|100/100
|-damage|p1a: Chaos|88/100|[from] Stealth Rock
|-damage|p1a: Chaos|76/100|[from] Spikes
|turn|15
|
|t:|1708958315
|move|p2a: Gliscor|Protect|p2a: Gliscor
|-singleturn|p2a: Gliscor|Protect
|move|p1a: Chaos|Hidden Power|p2a: Gliscor
|-activate|p2a: Gliscor|move: Protect
|
|-weather|SunnyDay|[upkeep]
|upkeep
|turn|16
|
|t:|1708958322
|switch|p2a: Tyranitar|Tyranitar, M|68/100
|-weather|Sandstorm|[from] ability: Sand Stream|[of] p2a: Tyranitar
|move|p1a: Chaos|Hidden Power|p2a: Tyranitar
|-damage|p2a: Tyranitar|50/100
|
|-weather|Sandstorm|[upkeep]
|-damage|p1a: Chaos|70/100|[from] Sandstorm
|upkeep
|turn|17
|
|t:|1708958330
|switch|p1a: Rouge|Crobat, F|89/100
|-damage|p1a: Rouge|64/100|[from] Stealth Rock
|move|p2a: Tyranitar|Rock Slide|p1a: Rouge
|-supereffective|p1a: Rouge
|-damage|p1a: Rouge|0 fnt
|faint|p1a: Rouge
|
|-weather|Sandstorm|[upkeep]
|upkeep
|
|t:|1708958338
|switch|p1a: Tails|Ninetales, M|100/100
|-damage|p1a: Tails|76/100|[from] Stealth Rock
|-damage|p1a: Tails|64/100|[from] Spikes
|-weather|SunnyDay|[from] ability: Drought|[of] p1a: Tails
|turn|18
|
|t:|1708958342
|switch|p2a: Gliscor|Gliscor, M|100/100 tox
|move|p1a: Tails|Solar Beam||[still]
|-prepare|p1a: Tails|Solar Beam
|-anim|p1a: Tails|Solar Beam|p2a: Gliscor
|-damage|p2a: Gliscor|65/100 tox
|
|-weather|SunnyDay|[upkeep]
|-heal|p2a: Gliscor|78/100 tox|[from] ability: Poison Heal
|upkeep
|turn|19
|
|t:|1708958347
|move|p2a: Gliscor|Protect|p2a: Gliscor
|-singleturn|p2a: Gliscor|Protect
|move|p1a: Tails|Solar Beam||[still]
|-prepare|p1a: Tails|Solar Beam
|-anim|p1a: Tails|Solar Beam|p2a: Gliscor
|-activate|p2a: Gliscor|move: Protect
|
|-weather|SunnyDay|[upkeep]
|-heal|p2a: Gliscor|90/100 tox|[from] ability: Poison Heal
|upkeep
|turn|20
|
|t:|1708958350
|switch|p1a: Sonic|Shaymin, shiny|100/100
|-damage|p1a: Sonic|88/100|[from] Stealth Rock
|-damage|p1a: Sonic|76/100|[from] Spikes
|move|p2a: Gliscor|Earthquake|p1a: Sonic
|-resisted|p1a: Sonic
|-damage|p1a: Sonic|61/100
|
|-weather|SunnyDay|[upkeep]
|-heal|p2a: Gliscor|100/100 tox|[from] ability: Poison Heal
|upkeep
|turn|21
|
|t:|1708958361
|move|p2a: Gliscor|Protect|p2a: Gliscor
|-singleturn|p2a: Gliscor|Protect
|move|p1a: Sonic|Seed Flare|p2a: Gliscor
|-activate|p2a: Gliscor|move: Protect
|
|-weather|SunnyDay|[upkeep]
|upkeep
|turn|22
|
|t:|1708958367
|move|p1a: Sonic|Seed Flare|p2a: Gliscor
|-damage|p2a: Gliscor|36/100 tox
|-unboost|p2a: Gliscor|spd|2
|move|p2a: Gliscor|Knock Off|p1a: Sonic
|-damage|p1a: Sonic|56/100
|-enditem|p1a: Sonic|Choice Specs|[from] move: Knock Off|[of] p2a: Gliscor
|
|-weather|SunnyDay|[upkeep]
|-heal|p2a: Gliscor|48/100 tox|[from] ability: Poison Heal
|upkeep
|turn|23
|
|t:|1708958375
|move|p2a: Gliscor|Protect|p2a: Gliscor
|-singleturn|p2a: Gliscor|Protect
|move|p1a: Sonic|Air Slash|p2a: Gliscor
|-activate|p2a: Gliscor|move: Protect
|
|-weather|SunnyDay|[upkeep]
|-heal|p2a: Gliscor|61/100 tox|[from] ability: Poison Heal
|upkeep
|turn|24
|
|t:|1708958381
|switch|p2a: Tyranitar|Tyranitar, M|50/100
|-weather|Sandstorm|[from] ability: Sand Stream|[of] p2a: Tyranitar
|move|p1a: Sonic|Seed Flare|p2a: Tyranitar
|-supereffective|p2a: Tyranitar
|-damage|p2a: Tyranitar|1/100
|-unboost|p2a: Tyranitar|spd|2
|
|-weather|Sandstorm|[upkeep]
|-damage|p1a: Sonic|49/100|[from] Sandstorm
|upkeep
|turn|25
|
|t:|1708958389
|move|p1a: Sonic|Air Slash|p2a: Tyranitar
|-resisted|p2a: Tyranitar
|-damage|p2a: Tyranitar|0 fnt
|faint|p2a: Tyranitar
|
|-weather|Sandstorm|[upkeep]
|-damage|p1a: Sonic|43/100|[from] Sandstorm
|upkeep
|
|t:|1708958394
|switch|p2a: Alakazam|Alakazam, F|100/100
|turn|26
|
|t:|1708958397
|move|p2a: Alakazam|Psyshock|p1a: Sonic
|-damage|p1a: Sonic|3/100
|move|p1a: Sonic|Seed Flare|p2a: Alakazam
|-damage|p2a: Alakazam|18/100
|-unboost|p2a: Alakazam|spd|2
|
|-weather|Sandstorm|[upkeep]
|-damage|p1a: Sonic|0 fnt|[from] Sandstorm
|faint|p1a: Sonic
|upkeep
|
|t:|1708958426
|switch|p1a: Chaos|Jellicent, M|70/100
|-damage|p1a: Chaos|58/100|[from] Stealth Rock
|-damage|p1a: Chaos|45/100|[from] Spikes
|turn|27
|
|t:|1708958431
|switch|p2a: Gastrodon|Gastrodon, M, shiny|100/100
|move|p1a: Chaos|Dark Pulse|p2a: Gastrodon
|-damage|p2a: Gastrodon|41/100
|
|-weather|Sandstorm|[upkeep]
|-damage|p1a: Chaos|39/100|[from] Sandstorm
|-heal|p2a: Gastrodon|47/100|[from] item: Leftovers
|upkeep
|turn|28
|
|t:|1708958440
|move|p1a: Chaos|Dark Pulse|p2a: Gastrodon
|-damage|p2a: Gastrodon|0 fnt
|faint|p2a: Gastrodon
|
|-weather|Sandstorm|[upkeep]
|-damage|p1a: Chaos|33/100|[from] Sandstorm
|upkeep
|
|t:|1708958442
|switch|p2a: Gliscor|Gliscor, M|61/100 tox
|turn|29
|
|t:|1708958443
|move|p2a: Gliscor|Protect|p2a: Gliscor
|-singleturn|p2a: Gliscor|Protect
|move|p1a: Chaos|Dark Pulse|p2a: Gliscor
|-activate|p2a: Gliscor|move: Protect
|
|-weather|Sandstorm|[upkeep]
|-damage|p1a: Chaos|27/100|[from] Sandstorm
|-heal|p2a: Gliscor|73/100 tox|[from] ability: Poison Heal
|upkeep
|turn|30
|
|t:|1708958447
|move|p1a: Chaos|Dark Pulse|p2a: Gliscor
|-damage|p2a: Gliscor|27/100 tox
|move|p2a: Gliscor|Earthquake|p1a: Chaos
|-damage|p1a: Chaos|0 fnt
|replace|p1a: Shadow|Zoroark, M
|-end|p1a: Shadow|Illusion
|faint|p1a: Shadow
|
|-weather|Sandstorm|[upkeep]
|-heal|p2a: Gliscor|39/100 tox|[from] ability: Poison Heal
|upkeep
|
|t:|1708958451
|switch|p1a: Tails|Ninetales, M|64/100
|-damage|p1a: Tails|39/100|[from] Stealth Rock
|-damage|p1a: Tails|27/100|[from] Spikes
|-weather|SunnyDay|[from] ability: Drought|[of] p1a: Tails
|turn|31
|
|t:|1708958454
|move|p2a: Gliscor|Protect|p2a: Gliscor
|-singleturn|p2a: Gliscor|Protect
|move|p1a: Tails|Flamethrower|p2a: Gliscor
|-activate|p2a: Gliscor|move: Protect
|
|-weather|SunnyDay|[upkeep]
|-heal|p2a: Gliscor|52/100 tox|[from] ability: Poison Heal
|upkeep
|turn|32
|
|t:|1708958456
|move|p1a: Tails|Flamethrower|p2a: Gliscor
|-damage|p2a: Gliscor|0 fnt
|faint|p2a: Gliscor
|
|-weather|SunnyDay|[upkeep]
|upkeep
|
|t:|1708958459
|switch|p2a: Alakazam|Alakazam, F|18/100
|turn|33
|
|t:|1708958462
|move|p2a: Alakazam|Psyshock|p1a: Tails
|-damage|p1a: Tails|0 fnt
|faint|p1a: Tails
|
|-weather|SunnyDay|[upkeep]
|upkeep
|
|t:|1708958464
|switch|p1a: Chaos|Jellicent, M|100/100
|-damage|p1a: Chaos|88/100|[from] Stealth Rock
|-damage|p1a: Chaos|76/100|[from] Spikes
|turn|34
|
|t:|1708958466
|move|p2a: Alakazam|Shadow Ball|p1a: Chaos
|-supereffective|p1a: Chaos
|-damage|p1a: Chaos|31/100
|move|p1a: Chaos|Shadow Ball|p2a: Alakazam
|-supereffective|p2a: Alakazam
|-damage|p2a: Alakazam|0 fnt
|faint|p2a: Alakazam
|
|win|ZeroTheHero77
|raw|ZeroTheHero77's rating: 1274 &rarr; <strong>1310</strong><br />(+36 for winning)
|raw|2iq gaming's rating: 1441 &rarr; <strong>1412</strong><br />(-29 for losing)
|l|☆2iq gaming
|player|p2|
