|j|☆Vampere151 (⌐▨_▨)
|j|☆LanceDC
|t:|1717645427
|gametype|singles
|player|p1|Vampere151 (⌐▨_▨)|red-masters2|1355
|player|p2|LanceDC|lance|1366
|teamsize|p1|6
|teamsize|p2|6
|gen|5
|tier|[Gen 5] OU
|rated|
|rule|Species Clause: Limit one of each Pokémon
|rule|OHKO Clause: OHKO moves are banned
|rule|Moody Clause: Moody is banned
|rule|Evasion Items Clause: Evasion items are banned
|rule|Evasion Moves Clause: Evasion moves are banned
|rule|Endless Battle Clause: Forcing endless battles is banned
|rule|HP Percentage Mod: HP is shown in percentages
|rule|Evasion Abilities Clause: Evasion abilities are banned
|rule|Sleep Moves Clause: Sleep-inducing moves are banned
|rule|Swagger Clause: Swagger is banned
|rule|Baton Pass Stat Clause: No Baton Passer may have a way to boost its stats
|clearpoke
|poke|p1|Reuniclus, M|item
|poke|p1|Tyranitar, M|item
|poke|p1|Latios, M|item
|poke|p1|Excadrill, F|item
|poke|p1|Ferrothorn, F|item
|poke|p1|Gastrodon, F|item
|poke|p2|Excadrill, M|item
|poke|p2|Volcarona, M|item
|poke|p2|Espeon, F|item
|poke|p2|Suicune|item
|poke|p2|Dragonite, M|item
|poke|p2|Latias, F|item
|teampreview
|c|☆Vampere151 (⌐▨_▨)|hf
|
|t:|1717645437
|start
|switch|p1a: Ferrothorn|Ferrothorn, F|100/100
|switch|p2a: Excadrill|Excadrill, M|100/100
|-ability|p2a: Excadrill|Mold Breaker
|turn|1
|inactive|Battle timer is ON: inactive players will automatically lose when time's up. (requested by Vampere151 (⌐▨_▨))
|
|t:|1717645447
|move|p2a: Excadrill|Stealth Rock|p1a: Ferrothorn
|-sidestart|p1: Vampere151 (⌐▨_▨)|move: Stealth Rock
|move|p1a: Ferrothorn|Knock Off|p2a: Excadrill
|-resisted|p2a: Excadrill
|-damage|p2a: Excadrill|97/100
|-enditem|p2a: Excadrill|Focus Sash|[from] move: Knock Off|[of] p1a: Ferrothorn
|
|upkeep
|turn|2
|
|t:|1717645454
|move|p2a: Excadrill|Earthquake|p1a: Ferrothorn
|-damage|p1a: Ferrothorn|63/100
|move|p1a: Ferrothorn|Stealth Rock|p2a: Excadrill
|-sidestart|p2: LanceDC|move: Stealth Rock
|
|-heal|p1a: Ferrothorn|69/100|[from] item: Leftovers
|upkeep
|turn|3
|
|t:|1717645466
|switch|p1a: Tyranitar|Tyranitar, M|100/100
|-damage|p1a: Tyranitar|88/100|[from] Stealth Rock
|-weather|Sandstorm|[from] ability: Sand Stream|[of] p1a: Tyranitar
|move|p2a: Excadrill|Earthquake|p1a: Tyranitar
|-supereffective|p1a: Tyranitar
|-damage|p1a: Tyranitar|8/100
|
|-weather|Sandstorm|[upkeep]
|upkeep
|turn|4
|
|t:|1717645477
|move|p2a: Excadrill|Rapid Spin|p1a: Tyranitar
|-resisted|p1a: Tyranitar
|-crit|p1a: Tyranitar
|-damage|p1a: Tyranitar|1/100
|-sideend|p2: LanceDC|Stealth Rock|[from] move: Rapid Spin|[of] p2a: Excadrill
|move|p1a: Tyranitar|Superpower|p2a: Excadrill
|-supereffective|p2a: Excadrill
|-damage|p2a: Excadrill|0 fnt
|-unboost|p1a: Tyranitar|atk|1
|-unboost|p1a: Tyranitar|def|1
|faint|p2a: Excadrill
|
|-weather|Sandstorm|[upkeep]
|upkeep
|inactive|LanceDC has 120 seconds left.
|
|t:|1717645510
|switch|p2a: Espeon|Espeon, F|100/100
|turn|5
|inactive|LanceDC has 120 seconds left.
|
|t:|1717645519
|move|p2a: Espeon|Reflect|p2a: Espeon
|-sidestart|p2: LanceDC|Reflect
|move|p1a: Tyranitar|Pursuit|p2a: Espeon
|-supereffective|p2a: Espeon
|-damage|p2a: Espeon|78/100
|
|-weather|Sandstorm|[upkeep]
|-damage|p2a: Espeon|72/100|[from] Sandstorm
|upkeep
|turn|6
|
|t:|1717645527
|move|p2a: Espeon|Light Screen|p2a: Espeon
|-sidestart|p2: LanceDC|move: Light Screen
|move|p1a: Tyranitar|Crunch|p2a: Espeon
|-supereffective|p2a: Espeon
|-damage|p2a: Espeon|30/100
|-unboost|p2a: Espeon|def|1
|
|-weather|Sandstorm|[upkeep]
|-damage|p2a: Espeon|24/100|[from] Sandstorm
|upkeep
|turn|7
|
|t:|1717645542
|-activate|p2a: Espeon|move: Pursuit
|move|p1a: Tyranitar|Pursuit|p2a: Espeon|[from]Pursuit
|-supereffective|p2a: Espeon
|-damage|p2a: Espeon|0 fnt
|faint|p2a: Espeon
|-hint|A Pokemon can't switch between when it runs out of HP and when it faints
|
|-weather|Sandstorm|[upkeep]
|upkeep
|inactive|LanceDC has 120 seconds left.
|
|t:|1717645552
|switch|p2a: Dragonite|Dragonite, M|100/100
|turn|8
|
|t:|1717645557
|move|p2a: Dragonite|Dragon Dance|p2a: Dragonite
|-boost|p2a: Dragonite|atk|1
|-boost|p2a: Dragonite|spe|1
|move|p1a: Tyranitar|Thunder Wave|p2a: Dragonite
|-status|p2a: Dragonite|par
|
|-weather|Sandstorm|[upkeep]
|-damage|p2a: Dragonite|94/100 par|[from] Sandstorm
|-heal|p2a: Dragonite|100/100 par|[from] item: Leftovers
|upkeep
|turn|9
|inactive|LanceDC has 120 seconds left.
|
|t:|1717645572
|move|p2a: Dragonite|Extreme Speed|p1a: Tyranitar
|-resisted|p1a: Tyranitar
|-damage|p1a: Tyranitar|0 fnt
|faint|p1a: Tyranitar
|
|-weather|Sandstorm|[upkeep]
|-damage|p2a: Dragonite|94/100 par|[from] Sandstorm
|-heal|p2a: Dragonite|100/100 par|[from] item: Leftovers
|upkeep
|
|t:|1717645577
|switch|p1a: Latios|Latios, M|100/100
|-damage|p1a: Latios|88/100|[from] Stealth Rock
|turn|10
|
|t:|1717645585
|move|p2a: Dragonite|Extreme Speed|p1a: Latios
|-damage|p1a: Latios|26/100
|move|p1a: Latios|Dragon Pulse|p2a: Dragonite
|-supereffective|p2a: Dragonite
|-damage|p2a: Dragonite|75/100 par
|
|-weather|Sandstorm|[upkeep]
|-damage|p1a: Latios|20/100|[from] Sandstorm
|-damage|p2a: Dragonite|69/100 par|[from] Sandstorm
|-heal|p2a: Dragonite|75/100 par|[from] item: Leftovers
|upkeep
|turn|11
|
|t:|1717645596
|switch|p1a: Ferrothorn|Ferrothorn, F|69/100
|-damage|p1a: Ferrothorn|63/100|[from] Stealth Rock
|cant|p2a: Dragonite|par
|
|-weather|Sandstorm|[upkeep]
|-damage|p2a: Dragonite|69/100 par|[from] Sandstorm
|-heal|p2a: Dragonite|75/100 par|[from] item: Leftovers
|-heal|p1a: Ferrothorn|69/100|[from] item: Leftovers
|upkeep
|turn|12
|
|t:|1717645607
|move|p2a: Dragonite|Fire Punch|p1a: Ferrothorn
|-supereffective|p1a: Ferrothorn
|-damage|p1a: Ferrothorn|0 fnt
|-damage|p2a: Dragonite|63/100 par|[from] ability: Iron Barbs|[of] p1a: Ferrothorn
|faint|p1a: Ferrothorn
|
|-weather|Sandstorm|[upkeep]
|-damage|p2a: Dragonite|57/100 par|[from] Sandstorm
|-heal|p2a: Dragonite|63/100 par|[from] item: Leftovers
|-sideend|p2: LanceDC|Reflect
|upkeep
|
|t:|1717645614
|switch|p1a: Latios|Latios, M|20/100
|-damage|p1a: Latios|8/100|[from] Stealth Rock
|turn|13
|
|t:|1717645620
|move|p2a: Dragonite|Extreme Speed|p1a: Latios
|-damage|p1a: Latios|0 fnt
|faint|p1a: Latios
|
|-weather|Sandstorm|[upkeep]
|-damage|p2a: Dragonite|57/100 par|[from] Sandstorm
|-heal|p2a: Dragonite|63/100 par|[from] item: Leftovers
|-sideend|p2: LanceDC|move: Light Screen
|upkeep
|
|t:|1717645624
|switch|p1a: Reuniclus|Reuniclus, M|100/100
|turn|14
|
|t:|1717645638
|switch|p2a: Volcarona|Volcarona, M|100/100
|move|p1a: Reuniclus|Psyshock|p2a: Volcarona
|-damage|p2a: Volcarona|59/100
|
|-weather|Sandstorm|[upkeep]
|-damage|p2a: Volcarona|53/100|[from] Sandstorm
|upkeep
|turn|15
|
|t:|1717645650
|move|p2a: Volcarona|Quiver Dance|p2a: Volcarona
|-boost|p2a: Volcarona|spa|1
|-boost|p2a: Volcarona|spd|1
|-boost|p2a: Volcarona|spe|1
|move|p1a: Reuniclus|Psyshock|p2a: Volcarona
|-damage|p2a: Volcarona|10/100
|
|-weather|Sandstorm|[upkeep]
|-damage|p2a: Volcarona|4/100|[from] Sandstorm
|upkeep
|turn|16
|
|t:|1717645665
|switch|p1a: Excadrill|Excadrill, F|100/100
|-damage|p1a: Excadrill|97/100|[from] Stealth Rock
|move|p2a: Volcarona|Rest|p2a: Volcarona
|-status|p2a: Volcarona|slp|[from] move: Rest
|-heal|p2a: Volcarona|100/100 slp|[silent]
|-enditem|p2a: Volcarona|Chesto Berry|[eat]
|-curestatus|p2a: Volcarona|slp|[msg]
|
|-weather|Sandstorm|[upkeep]
|-damage|p2a: Volcarona|94/100|[from] Sandstorm
|-heal|p1a: Excadrill|100/100|[from] item: Leftovers
|upkeep
|turn|17
|
|t:|1717645680
|move|p2a: Volcarona|Fiery Dance|p1a: Excadrill
|-supereffective|p1a: Excadrill
|-damage|p1a: Excadrill|0 fnt
|-boost|p2a: Volcarona|spa|1
|faint|p1a: Excadrill
|
|-weather|Sandstorm|[upkeep]
|-damage|p2a: Volcarona|88/100|[from] Sandstorm
|upkeep
|
|t:|1717645686
|switch|p1a: Gastrodon|Gastrodon, F|100/100
|-damage|p1a: Gastrodon|94/100|[from] Stealth Rock
|turn|18
|
|t:|1717645692
|move|p2a: Volcarona|Bug Buzz|p1a: Gastrodon
|-damage|p1a: Gastrodon|3/100
|move|p1a: Gastrodon|Scald|p2a: Volcarona
|-supereffective|p2a: Volcarona
|-crit|p2a: Volcarona
|-damage|p2a: Volcarona|0 fnt
|faint|p2a: Volcarona
|
|-weather|Sandstorm|[upkeep]
|-heal|p1a: Gastrodon|9/100|[from] item: Leftovers
|upkeep
|
|t:|1717645707
|switch|p2a: Latias|Latias, F|100/100
|turn|19
|
|t:|1717645713
|move|p2a: Latias|Shadow Ball|p1a: Gastrodon
|-damage|p1a: Gastrodon|0 fnt
|faint|p1a: Gastrodon
|
|-weather|Sandstorm|[upkeep]
|-damage|p2a: Latias|95/100|[from] Sandstorm
|upkeep
|
|t:|1717645714
|switch|p1a: Reuniclus|Reuniclus, M|100/100
|turn|20
|
|t:|1717645722
|move|p2a: Latias|Shadow Ball|p1a: Reuniclus
|-supereffective|p1a: Reuniclus
|-damage|p1a: Reuniclus|57/100
|move|p1a: Reuniclus|Calm Mind|p1a: Reuniclus
|-boost|p1a: Reuniclus|spa|1
|-boost|p1a: Reuniclus|spd|1
|
|-weather|Sandstorm|[upkeep]
|-damage|p2a: Latias|89/100|[from] Sandstorm
|-heal|p1a: Reuniclus|63/100|[from] item: Leftovers
|upkeep
|turn|21
|
|t:|1717645735
|switch|p2a: Suicune|Suicune, shiny|100/100
|-ability|p2a: Suicune|Pressure
|move|p1a: Reuniclus|Recover|p1a: Reuniclus
|-heal|p1a: Reuniclus|100/100
|
|-weather|Sandstorm|[upkeep]
|-damage|p2a: Suicune|94/100|[from] Sandstorm
|upkeep
|turn|22
|
|t:|1717645747
|move|p2a: Suicune|Calm Mind|p2a: Suicune
|-boost|p2a: Suicune|spa|1
|-boost|p2a: Suicune|spd|1
|move|p1a: Reuniclus|Calm Mind|p1a: Reuniclus
|-boost|p1a: Reuniclus|spa|1
|-boost|p1a: Reuniclus|spd|1
|
|-weather|Sandstorm|[upkeep]
|-damage|p2a: Suicune|88/100|[from] Sandstorm
|upkeep
|turn|23
|
|t:|1717645756
|move|p2a: Suicune|Calm Mind|p2a: Suicune
|-boost|p2a: Suicune|spa|1
|-boost|p2a: Suicune|spd|1
|move|p1a: Reuniclus|Calm Mind|p1a: Reuniclus
|-boost|p1a: Reuniclus|spa|1
|-boost|p1a: Reuniclus|spd|1
|
|-weather|Sandstorm|[upkeep]
|-damage|p2a: Suicune|82/100|[from] Sandstorm
|upkeep
|turn|24
|
|t:|1717645765
|move|p2a: Suicune|Calm Mind|p2a: Suicune
|-boost|p2a: Suicune|spa|1
|-boost|p2a: Suicune|spd|1
|move|p1a: Reuniclus|Calm Mind|p1a: Reuniclus
|-boost|p1a: Reuniclus|spa|1
|-boost|p1a: Reuniclus|spd|1
|
|-weather|Sandstorm|[upkeep]
|-damage|p2a: Suicune|76/100|[from] Sandstorm
|upkeep
|turn|25
|
|t:|1717645777
|move|p2a: Suicune|Scald|p1a: Reuniclus
|-damage|p1a: Reuniclus|82/100
|-status|p1a: Reuniclus|brn
|move|p1a: Reuniclus|Calm Mind|p1a: Reuniclus
|-boost|p1a: Reuniclus|spa|1
|-boost|p1a: Reuniclus|spd|1
|
|-weather|Sandstorm|[upkeep]
|-damage|p2a: Suicune|70/100|[from] Sandstorm
|-heal|p1a: Reuniclus|88/100 brn|[from] item: Leftovers
|upkeep
|turn|26
|
|t:|1717645789
|move|p2a: Suicune|Scald|p1a: Reuniclus
|-damage|p1a: Reuniclus|72/100 brn
|move|p1a: Reuniclus|Psyshock|p2a: Suicune
|-damage|p2a: Suicune|0 fnt
|faint|p2a: Suicune
|
|-weather|Sandstorm|[upkeep]
|-heal|p1a: Reuniclus|78/100 brn|[from] item: Leftovers
|upkeep
|
|t:|1717645800
|switch|p2a: Latias|Latias, F|89/100
|turn|27
|c|☆LanceDC|u so lucky
|-message|LanceDC forfeited.
|
|win|Vampere151 (⌐▨_▨)
|raw|Vampere151 (⌐▨_▨)'s rating: 1355 &rarr; <strong>1376</strong><br />(+21 for winning)
|raw|LanceDC's rating: 1366 &rarr; <strong>1345</strong><br />(-21 for losing)
|l|☆LanceDC
|player|p2|
