|j|☆Excaliburn88tests
|j|☆Clawdia Chauchat
|t:|1705144701
|gametype|singles
|player|p1|Excaliburn88tests|flannery|1428
|player|p2|Clawdia Chauchat|winona|1392
|teamsize|p1|6
|teamsize|p2|6
|gen|5
|tier|[Gen 5] OU
|rated|
|rule|Species Clause: Limit one of each Pokémon
|rule|OHKO Clause: OHKO moves are banned
|rule|Moody Clause: Moody is banned
|rule|Evasion Items Clause: Evasion items are banned
|rule|Evasion Moves Clause: Evasion moves are banned
|rule|Endless Battle Clause: Forcing endless battles is banned
|rule|HP Percentage Mod: HP is shown in percentages
|rule|Evasion Abilities Clause: Evasion abilities are banned
|rule|Sleep Moves Clause: Sleep-inducing moves are banned
|rule|Swagger Clause: Swagger is banned
|rule|Baton Pass Stat Clause: No Baton Passer may have a way to boost its stats
|clearpoke
|poke|p1|Ninetales, F|item
|poke|p1|Heatran, F|item
|poke|p1|Excadrill, F|item
|poke|p1|Zapdos|item
|poke|p1|Xatu, M|item
|poke|p1|Scizor, M|item
|poke|p2|Milotic, F|item
|poke|p2|Latios, M|item
|poke|p2|Excadrill, M|item
|poke|p2|Magnezone|item
|poke|p2|Celebi|item
|poke|p2|Landorus-Therian, M|item
|teampreview
|
|t:|1705144731
|start
|switch|p1a: All Apologies|Ninetales, F, shiny|100/100
|switch|p2a: Landorus|Landorus-Therian, M, shiny|100/100
|-ability|p2a: Landorus|Intimidate|boost
|-unboost|p1a: All Apologies|atk|1
|-weather|SunnyDay|[from] ability: Drought|[of] p1a: All Apologies
|turn|1
|
|t:|1705144740
|switch|p1a: one drippy birb|Xatu, M, shiny|100/100
|move|p2a: Landorus|Earthquake|p1a: one drippy birb
|-immune|p1a: one drippy birb
|
|-weather|SunnyDay|[upkeep]
|upkeep
|turn|2
|
|t:|1705144750
|switch|p2a: Magnezone|Magnezone, shiny|100/100
|move|p1a: one drippy birb|U-turn|p2a: Magnezone
|-resisted|p2a: Magnezone
|-damage|p2a: Magnezone|94/100
|
|t:|1705144755
|switch|p1a: Pizza Nightmare|Heatran, F, shiny|100/100|[from] U-turn
|
|-weather|SunnyDay|[upkeep]
|upkeep
|turn|3
|
|t:|1705144782
|switch|p2a: Milotic|Milotic, F, shiny|100/100
|move|p1a: Pizza Nightmare|Protect||[still]
|-fail|p1a: Pizza Nightmare
|
|-weather|SunnyDay|[upkeep]
|upkeep
|turn|4
|
|t:|1705144790
|switch|p2a: Latios|Latios, M|100/100
|move|p1a: Pizza Nightmare|Torment|p2a: Latios
|-start|p2a: Latios|Torment
|
|-weather|SunnyDay|[upkeep]
|upkeep
|turn|5
|
|t:|1705144797
|move|p1a: Pizza Nightmare|Protect|p1a: Pizza Nightmare
|-singleturn|p1a: Pizza Nightmare|Protect
|move|p2a: Latios|Earthquake|p1a: Pizza Nightmare
|-activate|p1a: Pizza Nightmare|move: Protect
|
|-weather|SunnyDay|[upkeep]
|upkeep
|turn|6
|
|t:|1705144809
|move|p2a: Latios|Dragon Pulse|p1a: Pizza Nightmare
|-resisted|p1a: Pizza Nightmare
|-damage|p1a: Pizza Nightmare|76/100
|-damage|p2a: Latios|91/100|[from] item: Life Orb
|move|p1a: Pizza Nightmare|Lava Plume|p2a: Latios
|-resisted|p2a: Latios
|-damage|p2a: Latios|65/100
|-status|p2a: Latios|brn
|
|-weather|SunnyDay|[upkeep]
|-heal|p1a: Pizza Nightmare|82/100|[from] item: Leftovers
|-damage|p2a: Latios|53/100 brn|[from] brn
|upkeep
|turn|7
|-message|Clawdia Chauchat forfeited.
|
|win|Excaliburn88tests
|raw|Excaliburn88tests's rating: 1428 &rarr; <strong>1444</strong><br />(+16 for winning)
|raw|Clawdia Chauchat's rating: 1362 &rarr; <strong>1346</strong><br />(-16 for losing)
|l|☆Clawdia Chauchat
|player|p2|
