|j|☆cinema staff fan
|j|☆baixiaohen
|t:|1741437633
|gametype|singles
|player|p1|cinema staff fan|sordward-shielbert|1315
|player|p2|baixiaohen|steven|1369
|teamsize|p1|6
|teamsize|p2|6
|gen|5
|tier|[Gen 5] OU
|rated|
|rule|Species Clause: Limit one of each Pokémon
|rule|OHKO Clause: OHKO moves are banned
|rule|Moody Clause: Moody is banned
|rule|Evasion Items Clause: Evasion items are banned
|rule|Evasion Moves Clause: Evasion moves are banned
|rule|Endless Battle Clause: Forcing endless battles is banned
|rule|HP Percentage Mod: HP is shown in percentages
|rule|Evasion Abilities Clause: Evasion abilities are banned
|rule|Sleep Moves Clause: Sleep-inducing moves are banned
|rule|Swagger Clause: Swagger is banned
|rule|Baton Pass Stat Clause: No Baton Passer may have a way to boost its stats
|clearpoke
|poke|p1|Keldeo|item
|poke|p1|Politoed, M|item
|poke|p1|Heatran, F|item
|poke|p1|Forretress, F|item
|poke|p1|Toxicroak, M|item
|poke|p1|Jirachi|item
|poke|p2|Jirachi|item
|poke|p2|Scizor, F|item
|poke|p2|Celebi|item
|poke|p2|Gyarados, F|item
|poke|p2|Heatran, M|item
|poke|p2|Starmie|item
|teampreview
|inactive|Battle timer is ON: inactive players will automatically lose when time's up. (requested by cinema staff fan)
|j| lzgboys
|
|t:|1741437654
|start
|switch|p1a: Forretress|Forretress, F|100/100
|switch|p2a: Jirachi|Jirachi, shiny|100/100
|turn|1
|
|t:|1741437658
|move|p2a: Jirachi|Trick|p1a: Forretress
|-activate|p2a: Jirachi|move: Trick|[of] p1a: Forretress
|-item|p1a: Forretress|Choice Scarf|[from] move: Trick
|-item|p2a: Jirachi|Leftovers|[from] move: Trick
|move|p1a: Forretress|Stealth Rock|p2a: Jirachi
|-sidestart|p2: baixiaohen|move: Stealth Rock
|
|upkeep
|turn|2
|
|t:|1741437669
|switch|p1a: Heatran|Heatran, F|100/100
|-item|p1a: Heatran|Air Balloon
|move|p2a: Jirachi|U-turn|p1a: Heatran
|-resisted|p1a: Heatran
|-damage|p1a: Heatran|96/100
|-enditem|p1a: Heatran|Air Balloon
|
|t:|1741437681
|switch|p2a: Starmie|Starmie, shiny|100/100|[from] U-turn
|-damage|p2a: Starmie|88/100|[from] Stealth Rock
|
|upkeep
|turn|3
|
|t:|1741437687
|move|p2a: Starmie|Rapid Spin|p1a: Heatran
|-resisted|p1a: Heatran
|-damage|p1a: Heatran|94/100
|-sideend|p2: baixiaohen|Stealth Rock|[from] move: Rapid Spin|[of] p2a: Starmie
|-damage|p2a: Starmie|78/100|[from] item: Life Orb
|move|p1a: Heatran|Magma Storm|p2a: Starmie
|-resisted|p2a: Starmie
|-damage|p2a: Starmie|23/100
|-activate|p2a: Starmie|move: Magma Storm|[of] p1a: Heatran
|
|-damage|p2a: Starmie|17/100|[from] move: Magma Storm|[partiallytrapped]
|upkeep
|turn|4
|
|t:|1741437698
|switch|p1a: Toxicroak|Toxicroak, M|100/100
|-item|p1a: Toxicroak|Air Balloon
|move|p2a: Starmie|Hydro Pump|p1a: Toxicroak
|-immune|p1a: Toxicroak|[from] ability: Dry Skin
|
|upkeep
|turn|5
|
|t:|1741437707
|switch|p2a: Celebi|Celebi|100/100
|move|p1a: Toxicroak|Sucker Punch||[still]
|-fail|p1a: Toxicroak
|
|upkeep
|turn|6
|
|t:|1741437710
|move|p1a: Toxicroak|Swords Dance|p1a: Toxicroak
|-boost|p1a: Toxicroak|atk|2
|move|p2a: Celebi|Psychic|p1a: Toxicroak
|-supereffective|p1a: Toxicroak
|-damage|p1a: Toxicroak|0 fnt
|-enditem|p1a: Toxicroak|Air Balloon
|faint|p1a: Toxicroak
|
|upkeep
|
|t:|1741437726
|switch|p1a: Jirachi|Jirachi|100/100
|turn|7
|
|t:|1741437732
|move|p1a: Jirachi|U-turn|p2a: Celebi
|-supereffective|p2a: Celebi
|-damage|p2a: Celebi|30/100
|
|t:|1741437739
|switch|p1a: Forretress|Forretress, F|100/100|[from] U-turn
|move|p2a: Celebi|Thunder Wave|p1a: Forretress
|-status|p1a: Forretress|par
|
|-heal|p2a: Celebi|36/100|[from] item: Leftovers
|upkeep
|turn|8
|
|t:|1741437765
|move|p2a: Celebi|Recover|p2a: Celebi
|-heal|p2a: Celebi|86/100
|cant|p1a: Forretress|par
|
|-heal|p2a: Celebi|93/100|[from] item: Leftovers
|upkeep
|turn|9
|
|t:|1741437774
|switch|p2a: Heatran|Heatran, M, shiny|100/100
|move|p1a: Forretress|Stealth Rock|p2a: Heatran
|-sidestart|p2: baixiaohen|move: Stealth Rock
|
|upkeep
|turn|10
|
|t:|1741437785
|switch|p1a: Heatran|Heatran, F|94/100
|move|p2a: Heatran|Stealth Rock|p1a: Heatran
|-sidestart|p1: cinema staff fan|move: Stealth Rock
|
|upkeep
|turn|11
|inactive|baixiaohen has 120 seconds left.
|
|t:|1741437818
|switch|p2a: Gyarados|Gyarados, F, shiny|100/100
|-damage|p2a: Gyarados|75/100|[from] Stealth Rock
|-ability|p2a: Gyarados|Intimidate|boost
|-unboost|p1a: Heatran|atk|1
|move|p1a: Heatran|Earth Power|p2a: Gyarados
|-immune|p2a: Gyarados
|
|-heal|p2a: Gyarados|82/100|[from] item: Leftovers
|upkeep
|turn|12
|inactive|baixiaohen has 120 seconds left.
|
|t:|1741437833
|switch|p1a: Forretress|Forretress, F|100/100 par
|-damage|p1a: Forretress|88/100 par|[from] Stealth Rock
|move|p2a: Gyarados|Earthquake|p1a: Forretress
|-damage|p1a: Forretress|60/100 par
|
|-heal|p2a: Gyarados|88/100|[from] item: Leftovers
|upkeep
|turn|13
|inactive|baixiaohen has 120 seconds left.
|
|t:|1741437853
|move|p2a: Gyarados|Dragon Dance|p2a: Gyarados
|-boost|p2a: Gyarados|atk|1
|-boost|p2a: Gyarados|spe|1
|cant|p1a: Forretress|par
|
|-heal|p2a: Gyarados|94/100|[from] item: Leftovers
|upkeep
|turn|14
|
|t:|1741437864
|move|p2a: Gyarados|Dragon Dance|p2a: Gyarados
|-boost|p2a: Gyarados|atk|1
|-boost|p2a: Gyarados|spe|1
|move|p1a: Forretress|Volt Switch|p2a: Gyarados
|-supereffective|p2a: Gyarados
|-damage|p2a: Gyarados|48/100
|
|t:|1741437872
|switch|p1a: Keldeo|Keldeo|100/100|[from] Volt Switch
|-damage|p1a: Keldeo|94/100|[from] Stealth Rock
|
|-heal|p2a: Gyarados|54/100|[from] item: Leftovers
|upkeep
|turn|15
|inactive|baixiaohen has 120 seconds left.
|
|t:|1741437890
|move|p2a: Gyarados|Earthquake|p1a: Keldeo
|-damage|p1a: Keldeo|15/100
|move|p1a: Keldeo|Hydro Pump|p2a: Gyarados
|-resisted|p2a: Gyarados
|-damage|p2a: Gyarados|3/100
|
|-heal|p2a: Gyarados|9/100|[from] item: Leftovers
|upkeep
|turn|16
|
|t:|1741437898
|switch|p1a: Forretress|Forretress, F|60/100 par
|-damage|p1a: Forretress|48/100 par|[from] Stealth Rock
|move|p2a: Gyarados|Earthquake|p1a: Forretress
|-damage|p1a: Forretress|0 fnt
|faint|p1a: Forretress
|
|-heal|p2a: Gyarados|15/100|[from] item: Leftovers
|upkeep
|
|t:|1741437913
|switch|p1a: Jirachi|Jirachi|100/100
|-damage|p1a: Jirachi|94/100|[from] Stealth Rock
|turn|17
|
|t:|1741437917
|move|p2a: Gyarados|Earthquake|p1a: Jirachi
|-supereffective|p1a: Jirachi
|-damage|p1a: Jirachi|0 fnt
|faint|p1a: Jirachi
|
|-heal|p2a: Gyarados|21/100|[from] item: Leftovers
|upkeep
|j| dhdhdhdhbdbdb
|
|t:|1741437922
|switch|p1a: Politoed|Politoed, M|100/100
|-damage|p1a: Politoed|88/100|[from] Stealth Rock
|-weather|RainDance|[from] ability: Drizzle|[of] p1a: Politoed
|turn|18
|
|t:|1741437931
|move|p2a: Gyarados|Earthquake|p1a: Politoed
|-damage|p1a: Politoed|0 fnt
|faint|p1a: Politoed
|
|-weather|RainDance|[upkeep]
|-heal|p2a: Gyarados|27/100|[from] item: Leftovers
|upkeep
|
|t:|1741437934
|switch|p1a: Keldeo|Keldeo|15/100
|-damage|p1a: Keldeo|9/100|[from] Stealth Rock
|turn|19
|
|t:|1741437941
|move|p2a: Gyarados|Waterfall|p1a: Keldeo
|-resisted|p1a: Keldeo
|-damage|p1a: Keldeo|0 fnt
|faint|p1a: Keldeo
|
|-weather|RainDance|[upkeep]
|-heal|p2a: Gyarados|33/100|[from] item: Leftovers
|upkeep
|
|t:|1741437942
|switch|p1a: Heatran|Heatran, F|94/100
|-damage|p1a: Heatran|82/100|[from] Stealth Rock
|turn|20
|
|t:|1741437948
|move|p2a: Gyarados|Waterfall|p1a: Heatran
|-supereffective|p1a: Heatran
|-damage|p1a: Heatran|0 fnt
|faint|p1a: Heatran
|
|win|baixiaohen
|raw|cinema staff fan's rating: 1315 &rarr; <strong>1298</strong><br />(-17 for losing)
|raw|baixiaohen's rating: 1369 &rarr; <strong>1386</strong><br />(+17 for winning)
