|j|☆njX
|j|☆XaviBun
|t:|1717456626
|gametype|singles
|player|p1|njX|lady-gen4|1363
|player|p2|XaviBun|youngcouple-gen4dp|1373
|teamsize|p1|6
|teamsize|p2|6
|gen|5
|tier|[Gen 5] OU
|rated|
|rule|Species Clause: Limit one of each Pokémon
|rule|OHKO Clause: OHKO moves are banned
|rule|Moody Clause: Moody is banned
|rule|Evasion Items Clause: Evasion items are banned
|rule|Evasion Moves Clause: Evasion moves are banned
|rule|Endless Battle Clause: Forcing endless battles is banned
|rule|HP Percentage Mod: HP is shown in percentages
|rule|Evasion Abilities Clause: Evasion abilities are banned
|rule|Sleep Moves Clause: Sleep-inducing moves are banned
|rule|Swagger Clause: Swagger is banned
|rule|Baton Pass Stat Clause: No Baton Passer may have a way to boost its stats
|clearpoke
|poke|p1|Tyranitar, F|item
|poke|p1|Forretress, M|item
|poke|p1|Xatu, F|item
|poke|p1|Gliscor, F|item
|poke|p1|Blissey, F|item
|poke|p1|Jellicent, M|item
|poke|p2|Politoed, M|item
|poke|p2|Ferrothorn, F|item
|poke|p2|Tentacruel, M|item
|poke|p2|Latios, M|item
|poke|p2|Thundurus-Therian, M|item
|poke|p2|Reuniclus, M|item
|teampreview
|inactive|Battle timer is ON: inactive players will automatically lose when time's up. (requested by XaviBun)
|inactive|njX has 120 seconds left.
|inactive|njX has 90 seconds left.
|
|t:|1717456689
|start
|switch|p1a: Jellicent|Jellicent, M, shiny|100/100
|switch|p2a: Politoed|Politoed, M|100/100
|-weather|RainDance|[from] ability: Drizzle|[of] p2a: Politoed
|turn|1
|
|t:|1717456711
|switch|p2a: Thundurus|Thundurus-Therian, M|100/100
|move|p1a: Jellicent|Taunt|p2a: Thundurus
|-start|p2a: Thundurus|move: Taunt
|
|-weather|RainDance|[upkeep]
|upkeep
|turn|2
|inactive|njX has 120 seconds left.
|
|t:|1717456737
|switch|p1a: Blissey|Blissey, F, shiny|100/100
|move|p2a: Thundurus|Thunder|p1a: Blissey
|-damage|p1a: Blissey|76/100
|
|-weather|RainDance|[upkeep]
|-heal|p1a: Blissey|82/100|[from] item: Leftovers
|upkeep
|turn|3
|inactive|njX has 120 seconds left.
|
|t:|1717456758
|move|p2a: Thundurus|Focus Blast|p1a: Blissey
|-supereffective|p1a: Blissey
|-damage|p1a: Blissey|51/100
|move|p1a: Blissey|Stealth Rock|p2a: Thundurus
|-sidestart|p2: XaviBun|move: Stealth Rock
|
|-weather|RainDance|[upkeep]
|-heal|p1a: Blissey|57/100|[from] item: Leftovers
|-end|p2a: Thundurus|move: Taunt
|upkeep
|turn|4
|
|t:|1717456769
|switch|p2a: Tentacruel|Tentacruel, M|100/100
|-damage|p2a: Tentacruel|88/100|[from] Stealth Rock
|move|p1a: Blissey|Soft-Boiled|p1a: Blissey
|-heal|p1a: Blissey|100/100
|
|-weather|RainDance|[upkeep]
|-heal|p2a: Tentacruel|94/100|[from] ability: Rain Dish
|-heal|p2a: Tentacruel|99/100|[from] item: Black Sludge
|upkeep
|turn|5
|inactive|njX has 90 seconds left.
|
|t:|1717456823
|switch|p1a: Jellicent|Jellicent, M, shiny|100/100
|move|p2a: Tentacruel|Toxic|p1a: Jellicent
|-status|p1a: Jellicent|tox
|
|-weather|RainDance|[upkeep]
|-heal|p2a: Tentacruel|100/100|[from] ability: Rain Dish
|-damage|p1a: Jellicent|94/100 tox|[from] psn
|upkeep
|turn|6
|inactive|njX has 60 seconds left.
|
|t:|1717456848
|switch|p2a: Thundurus|Thundurus-Therian, M|100/100
|-damage|p2a: Thundurus|76/100|[from] Stealth Rock
|move|p1a: Jellicent|Will-O-Wisp|p2a: Thundurus
|-status|p2a: Thundurus|brn
|
|-weather|RainDance|[upkeep]
|-heal|p2a: Thundurus|82/100 brn|[from] item: Leftovers
|-heal|p1a: Jellicent|100/100 tox|[from] item: Leftovers
|-damage|p1a: Jellicent|88/100 tox|[from] psn
|-damage|p2a: Thundurus|69/100 brn|[from] brn
|upkeep
|turn|7
|
|t:|1717456862
|switch|p1a: Blissey|Blissey, F, shiny|100/100
|move|p2a: Thundurus|Thunder|p1a: Blissey
|-damage|p1a: Blissey|75/100
|
|-weather|RainDance|[upkeep]
|-heal|p2a: Thundurus|76/100 brn|[from] item: Leftovers
|-heal|p1a: Blissey|81/100|[from] item: Leftovers
|-damage|p2a: Thundurus|63/100 brn|[from] brn
|upkeep
|turn|8
|
|t:|1717456876
|switch|p2a: Ferrothorn|Ferrothorn, F|100/100
|-damage|p2a: Ferrothorn|94/100|[from] Stealth Rock
|move|p1a: Blissey|Seismic Toss|p2a: Ferrothorn
|-damage|p2a: Ferrothorn|66/100
|-damage|p1a: Blissey|69/100|[from] ability: Iron Barbs|[of] p2a: Ferrothorn
|
|-weather|RainDance|[upkeep]
|-heal|p1a: Blissey|75/100|[from] item: Leftovers
|-heal|p2a: Ferrothorn|72/100|[from] item: Leftovers
|upkeep
|turn|9
|
|t:|1717456900
|switch|p1a: Xatu|Xatu, F, shiny|100/100
|move|p2a: Ferrothorn|Knock Off|p1a: Xatu
|-supereffective|p1a: Xatu
|-crit|p1a: Xatu
|-damage|p1a: Xatu|83/100
|-damage|p2a: Ferrothorn|56/100|[from] item: Rocky Helmet|[of] p1a: Xatu
|-enditem|p1a: Xatu|Rocky Helmet|[from] move: Knock Off|[of] p2a: Ferrothorn
|
|-weather|RainDance|[upkeep]
|-heal|p2a: Ferrothorn|62/100|[from] item: Leftovers
|upkeep
|turn|10
|inactive|njX has 30 seconds left.
|
|t:|1717456921
|switch|p2a: Tentacruel|Tentacruel, M|100/100
|-damage|p2a: Tentacruel|88/100|[from] Stealth Rock
|move|p1a: Xatu|Night Shade|p2a: Tentacruel
|-damage|p2a: Tentacruel|61/100
|
|-weather|RainDance|[upkeep]
|-heal|p2a: Tentacruel|67/100|[from] ability: Rain Dish
|-heal|p2a: Tentacruel|73/100|[from] item: Black Sludge
|upkeep
|turn|11
|inactive|njX has 30 seconds left.
|
|t:|1717456933
|switch|p1a: Jellicent|Jellicent, M, shiny|88/100 tox
|move|p2a: Tentacruel|Rapid Spin|p1a: Jellicent
|-immune|p1a: Jellicent
|
|-weather|RainDance|[upkeep]
|-heal|p2a: Tentacruel|79/100|[from] ability: Rain Dish
|-heal|p2a: Tentacruel|85/100|[from] item: Black Sludge
|-heal|p1a: Jellicent|94/100 tox|[from] item: Leftovers
|-damage|p1a: Jellicent|88/100 tox|[from] psn
|upkeep
|turn|12
|
|t:|1717456943
|move|p2a: Tentacruel|Protect|p2a: Tentacruel
|-singleturn|p2a: Tentacruel|Protect
|move|p1a: Jellicent|Night Shade|p2a: Tentacruel
|-activate|p2a: Tentacruel|move: Protect
|
|-weather|RainDance|[upkeep]
|-heal|p2a: Tentacruel|91/100|[from] ability: Rain Dish
|-heal|p2a: Tentacruel|97/100|[from] item: Black Sludge
|-heal|p1a: Jellicent|94/100 tox|[from] item: Leftovers
|-damage|p1a: Jellicent|82/100 tox|[from] psn
|upkeep
|turn|13
|
|t:|1717456955
|switch|p2a: Ferrothorn|Ferrothorn, F|62/100
|-damage|p2a: Ferrothorn|56/100|[from] Stealth Rock
|move|p1a: Jellicent|Will-O-Wisp|p2a: Ferrothorn
|-status|p2a: Ferrothorn|brn
|
|-weather|RainDance|[upkeep]
|-heal|p1a: Jellicent|88/100 tox|[from] item: Leftovers
|-heal|p2a: Ferrothorn|62/100 brn|[from] item: Leftovers
|-damage|p1a: Jellicent|69/100 tox|[from] psn
|-damage|p2a: Ferrothorn|49/100 brn|[from] brn
|upkeep
|turn|14
|j| Go ez Im Drunk
|
|t:|1717456966
|switch|p1a: Xatu|Xatu, F, shiny|83/100
|move|p2a: Ferrothorn|Knock Off|p1a: Xatu
|-supereffective|p1a: Xatu
|-damage|p1a: Xatu|78/100
|
|-weather|RainDance|[upkeep]
|-heal|p2a: Ferrothorn|56/100 brn|[from] item: Leftovers
|-damage|p2a: Ferrothorn|43/100 brn|[from] brn
|upkeep
|turn|15
|
|t:|1717456978
|switch|p2a: Latios|Latios, M|100/100
|-damage|p2a: Latios|88/100|[from] Stealth Rock
|move|p1a: Xatu|Night Shade|p2a: Latios
|-damage|p2a: Latios|55/100
|
|-weather|RainDance|[upkeep]
|upkeep
|turn|16
|
|t:|1717457008
|switch|p1a: Forretress|Forretress, M, shiny|100/100
|move|p2a: Latios|Draco Meteor|p1a: Forretress
|-resisted|p1a: Forretress
|-damage|p1a: Forretress|51/100
|-unboost|p2a: Latios|spa|2
|
|-weather|RainDance|[upkeep]
|-heal|p1a: Forretress|58/100|[from] item: Leftovers
|upkeep
|turn|17
|inactive|njX has 30 seconds left.
|
|t:|1717457030
|switch|p2a: Tentacruel|Tentacruel, M|97/100
|-damage|p2a: Tentacruel|85/100|[from] Stealth Rock
|move|p1a: Forretress|Hidden Power|p2a: Tentacruel
|-resisted|p2a: Tentacruel
|-damage|p2a: Tentacruel|80/100
|
|-weather|RainDance|[upkeep]
|-heal|p2a: Tentacruel|86/100|[from] ability: Rain Dish
|-heal|p2a: Tentacruel|92/100|[from] item: Black Sludge
|-heal|p1a: Forretress|64/100|[from] item: Leftovers
|upkeep
|turn|18
|inactive|njX has 30 seconds left.
|inactive|XaviBun has 120 seconds left.
|
|t:|1717457053
|switch|p2a: Reuniclus|Reuniclus, M|100/100
|switch|p1a: Jellicent|Jellicent, M, shiny|69/100 tox
|
|-weather|RainDance|[upkeep]
|-heal|p1a: Jellicent|76/100 tox|[from] item: Leftovers
|-damage|p1a: Jellicent|69/100 tox|[from] psn
|upkeep
|turn|19
|
|t:|1717457061
|switch|p1a: Tyranitar|Tyranitar, F, shiny|100/100
|-weather|Sandstorm|[from] ability: Sand Stream|[of] p1a: Tyranitar
|move|p2a: Reuniclus|Calm Mind|p2a: Reuniclus
|-boost|p2a: Reuniclus|spa|1
|-boost|p2a: Reuniclus|spd|1
|
|-weather|Sandstorm|[upkeep]
|upkeep
|turn|20
|
|t:|1717457069
|move|p1a: Tyranitar|Crunch|p2a: Reuniclus
|-supereffective|p2a: Reuniclus
|-damage|p2a: Reuniclus|44/100
|move|p2a: Reuniclus|Focus Blast|p1a: Tyranitar
|-supereffective|p1a: Tyranitar
|-enditem|p1a: Tyranitar|Chople Berry|[eat]
|-enditem|p1a: Tyranitar|Chople Berry|[weaken]
|-damage|p1a: Tyranitar|55/100
|
|-weather|Sandstorm|[upkeep]
|-heal|p2a: Reuniclus|50/100|[from] item: Leftovers
|upkeep
|turn|21
|j| mihac
|
|t:|1717457080
|-activate|p2a: Reuniclus|move: Pursuit
|move|p1a: Tyranitar|Pursuit|p2a: Reuniclus|[from]Pursuit
|-supereffective|p2a: Reuniclus
|-crit|p2a: Reuniclus
|-damage|p2a: Reuniclus|0 fnt
|faint|p2a: Reuniclus
|-hint|A Pokemon can't switch between when it runs out of HP and when it faints
|
|-weather|Sandstorm|[upkeep]
|upkeep
|
|t:|1717457087
|switch|p2a: Politoed|Politoed, M|100/100
|-damage|p2a: Politoed|88/100|[from] Stealth Rock
|-weather|RainDance|[from] ability: Drizzle|[of] p2a: Politoed
|turn|22
|
|t:|1717457098
|switch|p2a: Thundurus|Thundurus-Therian, M|63/100 brn
|-damage|p2a: Thundurus|38/100 brn|[from] Stealth Rock
|switch|p1a: Blissey|Blissey, F, shiny|75/100
|
|-weather|RainDance|[upkeep]
|-heal|p2a: Thundurus|44/100 brn|[from] item: Leftovers
|-heal|p1a: Blissey|81/100|[from] item: Leftovers
|-damage|p2a: Thundurus|32/100 brn|[from] brn
|upkeep
|turn|23
|
|t:|1717457109
|move|p2a: Thundurus|Focus Blast|p1a: Blissey|[miss]
|-miss|p2a: Thundurus|p1a: Blissey
|move|p1a: Blissey|Seismic Toss|p2a: Thundurus
|-damage|p2a: Thundurus|0 fnt
|faint|p2a: Thundurus
|
|-weather|RainDance|[upkeep]
|-heal|p1a: Blissey|87/100|[from] item: Leftovers
|upkeep
|
|t:|1717457125
|switch|p2a: Latios|Latios, M|55/100
|-damage|p2a: Latios|43/100|[from] Stealth Rock
|turn|24
|
|t:|1717457137
|move|p2a: Latios|Trick|p1a: Blissey
|-activate|p2a: Latios|move: Trick|[of] p1a: Blissey
|-item|p1a: Blissey|Choice Scarf|[from] move: Trick
|-item|p2a: Latios|Leftovers|[from] move: Trick
|move|p1a: Blissey|Seismic Toss|p2a: Latios
|-damage|p2a: Latios|9/100
|
|-weather|RainDance|[upkeep]
|-heal|p2a: Latios|15/100|[from] item: Leftovers
|upkeep
|turn|25
|
|t:|1717457147
|switch|p2a: Tentacruel|Tentacruel, M|92/100
|-damage|p2a: Tentacruel|80/100|[from] Stealth Rock
|move|p1a: Blissey|Seismic Toss|p2a: Tentacruel
|-damage|p2a: Tentacruel|52/100
|
|-weather|RainDance|[upkeep]
|-heal|p2a: Tentacruel|58/100|[from] ability: Rain Dish
|-heal|p2a: Tentacruel|64/100|[from] item: Black Sludge
|upkeep
|turn|26
|inactive|njX has 90 seconds left.
|
|t:|1717457157
|switch|p1a: Jellicent|Jellicent, M, shiny|69/100 tox
|move|p2a: Tentacruel|Toxic|p1a: Jellicent|[miss]
|-miss|p2a: Tentacruel|p1a: Jellicent
|
|-weather|RainDance|[upkeep]
|-heal|p2a: Tentacruel|70/100|[from] ability: Rain Dish
|-heal|p2a: Tentacruel|76/100|[from] item: Black Sludge
|-heal|p1a: Jellicent|76/100 tox|[from] item: Leftovers
|-damage|p1a: Jellicent|69/100 tox|[from] psn
|upkeep
|turn|27
|
|t:|1717457167
|switch|p2a: Politoed|Politoed, M|88/100
|-damage|p2a: Politoed|75/100|[from] Stealth Rock
|move|p1a: Jellicent|Recover|p1a: Jellicent
|-heal|p1a: Jellicent|100/100 tox
|
|-weather|RainDance|[upkeep]
|-heal|p2a: Politoed|82/100|[from] item: Leftovers
|-damage|p1a: Jellicent|88/100 tox|[from] psn
|upkeep
|turn|28
|
|t:|1717457178
|switch|p1a: Blissey|Blissey, F, shiny|87/100
|move|p2a: Politoed|Encore||[still]
|-fail|p2a: Politoed
|
|-weather|RainDance|[upkeep]
|-heal|p2a: Politoed|88/100|[from] item: Leftovers
|upkeep
|turn|29
|
|t:|1717457186
|move|p1a: Blissey|Seismic Toss|p2a: Politoed
|-damage|p2a: Politoed|62/100
|move|p2a: Politoed|Scald|p1a: Blissey
|-damage|p1a: Blissey|72/100
|
|-weather|RainDance|[upkeep]
|-heal|p2a: Politoed|68/100|[from] item: Leftovers
|upkeep
|turn|30
|
|t:|1717457196
|move|p1a: Blissey|Seismic Toss|p2a: Politoed
|-damage|p2a: Politoed|42/100
|move|p2a: Politoed|Scald|p1a: Blissey
|-damage|p1a: Blissey|57/100
|-status|p1a: Blissey|brn
|
|-weather|RainDance|[upkeep]
|-heal|p2a: Politoed|48/100|[from] item: Leftovers
|-damage|p1a: Blissey|44/100 brn|[from] brn
|upkeep
|turn|31
|inactive|njX has 120 seconds left.
|
|t:|1717457207
|-curestatus|p1a: Blissey|brn|[from] ability: Natural Cure
|switch|p1a: Jellicent|Jellicent, M, shiny|88/100 tox
|switch|p2a: Tentacruel|Tentacruel, M|76/100
|-damage|p2a: Tentacruel|64/100|[from] Stealth Rock
|
|-weather|RainDance|[upkeep]
|-heal|p2a: Tentacruel|70/100|[from] ability: Rain Dish
|-heal|p2a: Tentacruel|76/100|[from] item: Black Sludge
|-heal|p1a: Jellicent|94/100 tox|[from] item: Leftovers
|-damage|p1a: Jellicent|88/100 tox|[from] psn
|upkeep
|turn|32
|inactive|njX has 120 seconds left.
|
|t:|1717457219
|move|p2a: Tentacruel|Protect|p2a: Tentacruel
|-singleturn|p2a: Tentacruel|Protect
|move|p1a: Jellicent|Night Shade|p2a: Tentacruel
|-activate|p2a: Tentacruel|move: Protect
|
|-weather|RainDance|[upkeep]
|-heal|p2a: Tentacruel|82/100|[from] ability: Rain Dish
|-heal|p2a: Tentacruel|88/100|[from] item: Black Sludge
|-heal|p1a: Jellicent|94/100 tox|[from] item: Leftovers
|-damage|p1a: Jellicent|82/100 tox|[from] psn
|upkeep
|turn|33
|
|t:|1717457238
|switch|p2a: Politoed|Politoed, M|48/100
|-damage|p2a: Politoed|36/100|[from] Stealth Rock
|move|p1a: Jellicent|Night Shade|p2a: Politoed
|-damage|p2a: Politoed|10/100
|
|-weather|RainDance|[upkeep]
|-heal|p1a: Jellicent|88/100 tox|[from] item: Leftovers
|-heal|p2a: Politoed|16/100|[from] item: Leftovers
|-damage|p1a: Jellicent|69/100 tox|[from] psn
|upkeep
|turn|34
|
|t:|1717457249
|switch|p1a: Blissey|Blissey, F, shiny|44/100
|move|p2a: Politoed|Encore||[still]
|-fail|p2a: Politoed
|
|-weather|RainDance|[upkeep]
|-heal|p2a: Politoed|22/100|[from] item: Leftovers
|upkeep
|turn|35
|
|t:|1717457255
|move|p1a: Blissey|Soft-Boiled|p1a: Blissey
|-heal|p1a: Blissey|94/100
|move|p2a: Politoed|Scald|p1a: Blissey
|-damage|p1a: Blissey|81/100
|-status|p1a: Blissey|brn
|
|-weather|RainDance|[upkeep]
|-heal|p2a: Politoed|29/100|[from] item: Leftovers
|-damage|p1a: Blissey|69/100 brn|[from] brn
|upkeep
|turn|36
|
|t:|1717457271
|-curestatus|p1a: Blissey|brn|[from] ability: Natural Cure
|switch|p1a: Jellicent|Jellicent, M, shiny|69/100 tox
|move|p2a: Politoed|Encore||[still]
|-fail|p2a: Politoed
|
|-weather|RainDance|[upkeep]
|-heal|p1a: Jellicent|76/100 tox|[from] item: Leftovers
|-heal|p2a: Politoed|35/100|[from] item: Leftovers
|-damage|p1a: Jellicent|69/100 tox|[from] psn
|upkeep
|turn|37
|
|t:|1717457282
|switch|p1a: Blissey|Blissey, F, shiny|69/100
|switch|p2a: Tentacruel|Tentacruel, M|88/100
|-damage|p2a: Tentacruel|76/100|[from] Stealth Rock
|
|-weather|RainDance|[upkeep]
|-heal|p2a: Tentacruel|82/100|[from] ability: Rain Dish
|-heal|p2a: Tentacruel|88/100|[from] item: Black Sludge
|upkeep
|turn|38
|
|t:|1717457293
|switch|p1a: Jellicent|Jellicent, M, shiny|69/100 tox
|move|p2a: Tentacruel|Rapid Spin|p1a: Jellicent
|-immune|p1a: Jellicent
|
|-weather|RainDance|[upkeep]
|-heal|p2a: Tentacruel|94/100|[from] ability: Rain Dish
|-heal|p2a: Tentacruel|99/100|[from] item: Black Sludge
|-heal|p1a: Jellicent|76/100 tox|[from] item: Leftovers
|-damage|p1a: Jellicent|69/100 tox|[from] psn
|upkeep
|turn|39
|
|t:|1717457303
|move|p2a: Tentacruel|Protect|p2a: Tentacruel
|-singleturn|p2a: Tentacruel|Protect
|move|p1a: Jellicent|Recover|p1a: Jellicent
|-heal|p1a: Jellicent|100/100 tox
|
|-weather|RainDance|[upkeep]
|-heal|p2a: Tentacruel|100/100|[from] ability: Rain Dish
|-damage|p1a: Jellicent|88/100 tox|[from] psn
|upkeep
|turn|40
|
|t:|1717457315
|switch|p2a: Latios|Latios, M|15/100
|-damage|p2a: Latios|3/100|[from] Stealth Rock
|move|p1a: Jellicent|Will-O-Wisp|p2a: Latios
|-status|p2a: Latios|brn
|
|-weather|RainDance|[upkeep]
|-heal|p2a: Latios|9/100 brn|[from] item: Leftovers
|-heal|p1a: Jellicent|94/100 tox|[from] item: Leftovers
|-damage|p1a: Jellicent|76/100 tox|[from] psn
|-damage|p2a: Latios|0 fnt|[from] brn
|faint|p2a: Latios
|upkeep
|
|t:|1717457327
|switch|p2a: Politoed|Politoed, M|35/100
|-damage|p2a: Politoed|22/100|[from] Stealth Rock
|turn|41
|
|t:|1717457331
|switch|p1a: Blissey|Blissey, F, shiny|69/100
|move|p2a: Politoed|Encore||[still]
|-fail|p2a: Politoed
|
|-weather|RainDance|[upkeep]
|-heal|p2a: Politoed|29/100|[from] item: Leftovers
|upkeep
|turn|42
|-message|XaviBun forfeited.
|
|win|njX
|raw|njX's rating: 1363 &rarr; <strong>1384</strong><br />(+21 for winning)
|raw|XaviBun's rating: 1373 &rarr; <strong>1352</strong><br />(-21 for losing)
|l|☆XaviBun
|player|p2|
|l| mihac
