|j|☆chomp29
|j|☆voidheartbw
|t:|1749615870
|gametype|singles
|player|p1|chomp29|lucas|1415
|player|p2|voidheartbw|265|1369
|teamsize|p1|6
|teamsize|p2|6
|gen|5
|tier|[Gen 5] OU
|rated|
|rule|Species Clause: Limit one of each Pokémon
|rule|OHKO Clause: OHKO moves are banned
|rule|Moody Clause: Moody is banned
|rule|Evasion Items Clause: Evasion items are banned
|rule|Evasion Moves Clause: Evasion moves are banned
|rule|Endless Battle Clause: Forcing endless battles is banned
|rule|HP Percentage Mod: HP is shown in percentages
|rule|Evasion Abilities Clause: Evasion abilities are banned
|rule|Sleep Moves Clause: Sleep-inducing moves are banned
|rule|Swagger Clause: Swagger is banned
|rule|Baton Pass Stat Clause: No Baton Passer may have a way to boost its stats
|clearpoke
|poke|p1|Gliscor, M|item
|poke|p1|Ninetales, M|item
|poke|p1|Heatran, F|item
|poke|p1|Dragonite, F|item
|poke|p1|Celebi|item
|poke|p1|Donphan, M|item
|poke|p2|Garchomp, F|item
|poke|p2|Tyranitar, F|item
|poke|p2|Ferrothorn, M|item
|poke|p2|Landorus-Therian, M|item
|poke|p2|Rotom-Wash|item
|poke|p2|Latios, M|item
|teampreview
|inactive|Battle timer is ON: inactive players will automatically lose when time's up. (requested by chomp29)
|
|t:|1749615896
|start
|switch|p1a: Ninetales|Ninetales, M|100/100
|switch|p2a: Garchomp|Garchomp, F|100/100
|-weather|SunnyDay|[from] ability: Drought|[of] p1a: Ninetales
|-item|p1a: Ninetales|Air Balloon
|turn|1
|
|t:|1749615903
|switch|p2a: Rotom|Rotom-Wash|100/100
|move|p1a: Ninetales|Will-O-Wisp|p2a: Rotom
|-status|p2a: Rotom|brn
|
|-weather|SunnyDay|[upkeep]
|-damage|p2a: Rotom|88/100 brn|[from] brn
|upkeep
|turn|2
|
|t:|1749615910
|switch|p1a: Gliscor|Gliscor, M|100/100
|move|p2a: Rotom|Volt Switch|p1a: Gliscor
|-immune|p1a: Gliscor
|
|-weather|SunnyDay|[upkeep]
|-heal|p2a: Rotom|94/100 brn|[from] item: Leftovers
|-damage|p2a: Rotom|82/100 brn|[from] brn
|-status|p1a: Gliscor|tox|[from] item: Toxic Orb
|upkeep
|turn|3
|
|t:|1749615920
|switch|p2a: Landorus|Landorus-Therian, M|100/100
|-ability|p2a: Landorus|Intimidate|boost
|-unboost|p1a: Gliscor|atk|1
|move|p1a: Gliscor|Swords Dance|p1a: Gliscor
|-boost|p1a: Gliscor|atk|2
|
|-weather|SunnyDay|[upkeep]
|upkeep
|turn|4
|
|t:|1749615931
|move|p2a: Landorus|Hidden Power|p1a: Gliscor
|-supereffective|p1a: Gliscor
|-damage|p1a: Gliscor|47/100 tox
|move|p1a: Gliscor|Facade|p2a: Landorus
|-damage|p2a: Landorus|53/100
|
|-weather|SunnyDay|[upkeep]
|-heal|p1a: Gliscor|60/100 tox|[from] ability: Poison Heal
|upkeep
|turn|5
|
|t:|1749615940
|move|p2a: Landorus|Hidden Power|p1a: Gliscor
|-supereffective|p1a: Gliscor
|-damage|p1a: Gliscor|3/100 tox
|move|p1a: Gliscor|Roost|p1a: Gliscor
|-heal|p1a: Gliscor|53/100 tox
|-singleturn|p1a: Gliscor|move: Roost
|
|-weather|SunnyDay|[upkeep]
|-heal|p1a: Gliscor|65/100 tox|[from] ability: Poison Heal
|upkeep
|turn|6
|
|t:|1749615946
|move|p2a: Landorus|Hidden Power|p1a: Gliscor
|-supereffective|p1a: Gliscor
|-damage|p1a: Gliscor|5/100 tox
|move|p1a: Gliscor|Roost|p1a: Gliscor
|-heal|p1a: Gliscor|55/100 tox
|-singleturn|p1a: Gliscor|move: Roost
|
|-weather|SunnyDay|[upkeep]
|-heal|p1a: Gliscor|68/100 tox|[from] ability: Poison Heal
|upkeep
|turn|7
|
|t:|1749615949
|switch|p1a: Heatran|Heatran, F|100/100
|move|p2a: Landorus|Hidden Power|p1a: Heatran
|-resisted|p1a: Heatran
|-damage|p1a: Heatran|98/100
|
|-weather|SunnyDay|[upkeep]
|-heal|p1a: Heatran|100/100|[from] item: Leftovers
|upkeep
|turn|8
|
|t:|1749615960
|switch|p2a: Tyranitar|Tyranitar, F|100/100
|-weather|Sandstorm|[from] ability: Sand Stream|[of] p2a: Tyranitar
|move|p1a: Heatran|Stealth Rock|p2a: Tyranitar
|-sidestart|p2: voidheartbw|move: Stealth Rock
|
|-weather|Sandstorm|[upkeep]
|upkeep
|turn|9
|
|t:|1749615972
|switch|p2a: Rotom|Rotom-Wash|82/100 brn
|-damage|p2a: Rotom|70/100 brn|[from] Stealth Rock
|move|p1a: Heatran|Toxic||[still]
|-fail|p1a: Heatran
|
|-weather|Sandstorm|[upkeep]
|-damage|p2a: Rotom|64/100 brn|[from] Sandstorm
|-heal|p2a: Rotom|70/100 brn|[from] item: Leftovers
|-damage|p2a: Rotom|58/100 brn|[from] brn
|upkeep
|turn|10
|
|t:|1749615984
|switch|p1a: Celebi|Celebi|100/100
|move|p2a: Rotom|Hydro Pump|p1a: Celebi
|-resisted|p1a: Celebi
|-damage|p1a: Celebi|82/100
|
|-weather|Sandstorm|[upkeep]
|-damage|p1a: Celebi|76/100|[from] Sandstorm
|-damage|p2a: Rotom|52/100 brn|[from] Sandstorm
|-heal|p1a: Celebi|82/100|[from] item: Leftovers
|-heal|p2a: Rotom|58/100 brn|[from] item: Leftovers
|-damage|p2a: Rotom|45/100 brn|[from] brn
|upkeep
|turn|11
|
|t:|1749615991
|switch|p2a: Tyranitar|Tyranitar, F|100/100
|-damage|p2a: Tyranitar|88/100|[from] Stealth Rock
|move|p1a: Celebi|Leaf Storm|p2a: Tyranitar
|-supereffective|p2a: Tyranitar
|-damage|p2a: Tyranitar|24/100
|-unboost|p1a: Celebi|spa|2
|
|-weather|Sandstorm|[upkeep]
|-damage|p1a: Celebi|76/100|[from] Sandstorm
|-heal|p1a: Celebi|82/100|[from] item: Leftovers
|upkeep
|turn|12
|j| kalimaridesertfan
|
|t:|1749616003
|switch|p1a: Ninetales|Ninetales, M|100/100
|-weather|SunnyDay|[from] ability: Drought|[of] p1a: Ninetales
|-item|p1a: Ninetales|Air Balloon
|move|p2a: Tyranitar|Crunch|p1a: Ninetales
|-damage|p1a: Ninetales|67/100
|-unboost|p1a: Ninetales|def|1
|-enditem|p1a: Ninetales|Air Balloon
|
|-weather|SunnyDay|[upkeep]
|upkeep
|turn|13
|
|t:|1749616012
|switch|p2a: Rotom|Rotom-Wash|45/100 brn
|-damage|p2a: Rotom|33/100 brn|[from] Stealth Rock
|move|p1a: Ninetales|Fire Blast|p2a: Rotom
|-resisted|p2a: Rotom
|-crit|p2a: Rotom
|-damage|p2a: Rotom|0 fnt
|faint|p2a: Rotom
|
|-weather|SunnyDay|[upkeep]
|upkeep
|
|t:|1749616019
|switch|p2a: Garchomp|Garchomp, F|100/100
|-damage|p2a: Garchomp|94/100|[from] Stealth Rock
|turn|14
|
|t:|1749616035
|move|p2a: Garchomp|Stealth Rock|p1a: Ninetales
|-sidestart|p1: chomp29|move: Stealth Rock
|move|p1a: Ninetales|Will-O-Wisp|p2a: Garchomp
|-status|p2a: Garchomp|brn
|
|-weather|SunnyDay|[upkeep]
|-damage|p2a: Garchomp|82/100 brn|[from] brn
|upkeep
|turn|15
|
|t:|1749616043
|switch|p1a: Gliscor|Gliscor, M|68/100 tox
|-damage|p1a: Gliscor|55/100 tox|[from] Stealth Rock
|move|p2a: Garchomp|Draco Meteor|p1a: Gliscor
|-crit|p1a: Gliscor
|-damage|p1a: Gliscor|0 fnt
|-unboost|p2a: Garchomp|spa|2
|faint|p1a: Gliscor
|-damage|p2a: Garchomp|72/100 brn|[from] item: Life Orb
|
|-weather|SunnyDay|[upkeep]
|-damage|p2a: Garchomp|60/100 brn|[from] brn
|upkeep
|
|t:|1749616045
|switch|p1a: Donphan|Donphan, M|100/100
|-damage|p1a: Donphan|94/100|[from] Stealth Rock
|turn|16
|
|t:|1749616052
|switch|p2a: Latios|Latios, M|100/100
|-damage|p2a: Latios|88/100|[from] Stealth Rock
|move|p1a: Donphan|Rapid Spin|p2a: Latios
|-damage|p2a: Latios|79/100
|-sideend|p1: chomp29|Stealth Rock|[from] move: Rapid Spin|[of] p1a: Donphan
|
|-weather|SunnyDay|[upkeep]
|-heal|p1a: Donphan|100/100|[from] item: Leftovers
|upkeep
|turn|17
|
|t:|1749616059
|switch|p1a: Heatran|Heatran, F|100/100
|move|p2a: Latios|Draco Meteor|p1a: Heatran|[miss]
|-miss|p2a: Latios|p1a: Heatran
|
|-weather|SunnyDay|[upkeep]
|upkeep
|turn|18
|
|t:|1749616069
|switch|p2a: Garchomp|Garchomp, F|60/100 brn
|-damage|p2a: Garchomp|54/100 brn|[from] Stealth Rock
|move|p1a: Heatran|Magma Storm|p2a: Garchomp
|-resisted|p2a: Garchomp
|-damage|p2a: Garchomp|13/100 brn
|-activate|p2a: Garchomp|move: Magma Storm|[of] p1a: Heatran
|
|-weather|SunnyDay|[upkeep]
|-damage|p2a: Garchomp|1/100 brn|[from] brn
|-damage|p2a: Garchomp|0 fnt|[from] move: Magma Storm|[partiallytrapped]
|faint|p2a: Garchomp
|upkeep
|
|t:|1749616076
|switch|p2a: Landorus|Landorus-Therian, M|53/100
|-damage|p2a: Landorus|41/100|[from] Stealth Rock
|-ability|p2a: Landorus|Intimidate|boost
|-unboost|p1a: Heatran|atk|1
|turn|19
|
|t:|1749616091
|switch|p1a: Donphan|Donphan, M|100/100
|move|p2a: Landorus|U-turn|p1a: Donphan
|-damage|p1a: Donphan|80/100
|
|t:|1749616094
|switch|p2a: Latios|Latios, M|79/100|[from] U-turn
|-damage|p2a: Latios|66/100|[from] Stealth Rock
|
|-weather|SunnyDay|[upkeep]
|-heal|p1a: Donphan|86/100|[from] item: Leftovers
|upkeep
|turn|20
|
|t:|1749616098
|move|p1a: Donphan|Ice Shard|p2a: Latios
|-supereffective|p2a: Latios
|-damage|p2a: Latios|26/100
|move|p2a: Latios|Trick|p1a: Donphan
|-activate|p2a: Latios|move: Trick|[of] p1a: Donphan
|-item|p1a: Donphan|Choice Specs|[from] move: Trick
|-item|p2a: Latios|Leftovers|[from] move: Trick
|
|-weather|SunnyDay|[upkeep]
|-heal|p2a: Latios|32/100|[from] item: Leftovers
|upkeep
|turn|21
|
|t:|1749616107
|switch|p2a: Ferrothorn|Ferrothorn, M|100/100
|-damage|p2a: Ferrothorn|95/100|[from] Stealth Rock
|move|p1a: Donphan|Fire Fang|p2a: Ferrothorn
|-supereffective|p2a: Ferrothorn
|-damage|p2a: Ferrothorn|4/100
|-damage|p1a: Donphan|74/100|[from] ability: Iron Barbs|[of] p2a: Ferrothorn
|
|-weather|SunnyDay|[upkeep]
|upkeep
|turn|22
|-message|voidheartbw forfeited.
|
|win|chomp29
|raw|chomp29's rating: 1415 &rarr; <strong>1432</strong><br />(+17 for winning)
|raw|voidheartbw's rating: 1369 &rarr; <strong>1352</strong><br />(-17 for losing)
