|j|W2J
|j|Ruscam
|player|p1|W2J|80
|teamsize|p1|6
|player|p2|Ruscam|163
|teamsize|p2|6
|gametype|singles
|gen|5
|tier|[Gen 5] OU
|rated|
|seed|49092,7152,65172,63231
|rule|Sleep Clause Mod: Limit one foe put to sleep
|rule|Species Clause: Limit one of each Pokémon
|rule|OHKO Clause: OHKO moves are banned
|rule|Moody Clause: Moody is banned
|rule|Evasion Moves Clause: Evasion moves are banned
|rule|Endless Battle Clause: Forcing endless battles is banned
|rule|HP Percentage Mod: HP is shown in percentages
|rule|Evasion Abilities Clause: Evasion abilities are banned
|rule|Baton Pass Clause: Limit one Baton Passer, can't pass Spe and other stats simultaneously
|rule|Swagger Clause: Swagger is banned
|clearpoke
|poke|p1|Garchomp, F|item
|poke|p1|Ferrothorn, M|item
|poke|p1|Hippowdon, M|item
|poke|p1|Jellicent, M|item
|poke|p1|Tyranitar, F|item
|poke|p1|Heatran, M|item
|poke|p2|Ferrothorn, M|item
|poke|p2|Keldeo-Resolute|item
|poke|p2|Terrakion|item
|poke|p2|Dragonite, M|item
|poke|p2|Starmie|item
|poke|p2|Chansey, F|item
|teampreview
|inactive|Battle timer is ON: inactive players will automatically lose when time's up. (requested by Ruscam)
|inactive|W2J has 135 seconds left.
|choice|team 6, team 2, team 3, team 4, team 5, team 1|team 4, team 2, team 3, team 1, team 5, team 6
|
|start
|switch|p1a: Heatran|Heatran, M|323/323
|switch|p2a: Belphegor|Dragonite, M|323/323
|turn|1
|choice|switch 3|move dragondance
|
|switch|p1a: Hippowdon|Hippowdon, M|420/420
|-weather|Sandstorm|[from] ability: Sand Stream|[of] p1a: Hippowdon
|move|p2a: Belphegor|Dragon Dance|p2a: Belphegor
|-boost|p2a: Belphegor|atk|1
|-boost|p2a: Belphegor|spe|1
|
|-weather|Sandstorm|[upkeep]
|-damage|p2a: Belphegor|303/323|[from] sandstorm
|upkeep
|turn|2
|choice|move whirlwind|move outrage
|
|move|p2a: Belphegor|Outrage|p1a: Hippowdon
|-damage|p1a: Hippowdon|173/420
|move|p1a: Hippowdon|Whirlwind|p2a: Belphegor
|drag|p2a: Bruttel Roots|Ferrothorn, M|352/352
|
|-weather|Sandstorm|[upkeep]
|-heal|p1a: Hippowdon|199/420|[from] item: Leftovers
|upkeep
|turn|3
|choice|move slackoff|move stealthrock
|
|move|p1a: Hippowdon|Slack Off|p1a: Hippowdon
|-heal|p1a: Hippowdon|409/420
|move|p2a: Bruttel Roots|Stealth Rock|p1a: Hippowdon
|-sidestart|p1: W2J|move: Stealth Rock
|
|-weather|Sandstorm|[upkeep]
|-heal|p1a: Hippowdon|420/420|[from] item: Leftovers
|upkeep
|turn|4
|choice|move stealthrock|switch 5
|
|switch|p2a: Mystic|Starmie|261/261
|move|p1a: Hippowdon|Stealth Rock|p2a: Mystic
|-sidestart|p2: Ruscam|move: Stealth Rock
|
|-weather|Sandstorm|[upkeep]
|-damage|p2a: Mystic|245/261|[from] sandstorm
|upkeep
|turn|5
|choice|move whirlwind|move thunderbolt
|
|move|p2a: Mystic|Thunderbolt|p1a: Hippowdon
|-immune|p1a: Hippowdon|[msg]
|move|p1a: Hippowdon|Whirlwind|p2a: Mystic
|drag|p2a: Uni|Keldeo-Resolute|323/323
|-damage|p2a: Uni|303/323|[from] Stealth Rock
|
|-weather|Sandstorm|[upkeep]
|-damage|p2a: Uni|283/323|[from] sandstorm
|-heal|p2a: Uni|303/323|[from] item: Leftovers
|upkeep
|turn|6
|choice|switch 4|switch 2
|
|switch|p2a: Mystic|Starmie|245/261
|-damage|p2a: Mystic|213/261|[from] Stealth Rock
|switch|p1a: Jellicent|Jellicent, M|404/404
|-damage|p1a: Jellicent|354/404|[from] Stealth Rock
|
|-weather|Sandstorm|[upkeep]
|-damage|p2a: Mystic|197/261|[from] sandstorm
|-damage|p1a: Jellicent|329/404|[from] sandstorm
|-heal|p1a: Jellicent|354/404|[from] item: Leftovers
|upkeep
|turn|7
|inactive|W2J has 135 seconds left.
|choice|move willowisp|move thunderbolt
|
|move|p2a: Mystic|Thunderbolt|p1a: Jellicent
|-supereffective|p1a: Jellicent
|-damage|p1a: Jellicent|177/404
|-damage|p2a: Mystic|171/261|[from] item: Life Orb
|move|p1a: Jellicent|Will-O-Wisp|p2a: Mystic
|-status|p2a: Mystic|brn
|
|-weather|Sandstorm|[upkeep]
|-damage|p2a: Mystic|155/261 brn|[from] sandstorm
|-damage|p1a: Jellicent|152/404|[from] sandstorm
|-heal|p1a: Jellicent|177/404|[from] item: Leftovers
|-damage|p2a: Mystic|123/261 brn|[from] brn
|upkeep
|turn|8
|choice|move recover|move rapidspin
|
|move|p2a: Mystic|Rapid Spin|p1a: Jellicent
|-immune|p1a: Jellicent|[msg]
|move|p1a: Jellicent|Recover|p1a: Jellicent
|-heal|p1a: Jellicent|379/404
|
|-weather|Sandstorm|[upkeep]
|-damage|p2a: Mystic|107/261 brn|[from] sandstorm
|-damage|p1a: Jellicent|354/404|[from] sandstorm
|-heal|p1a: Jellicent|379/404|[from] item: Leftovers
|-damage|p2a: Mystic|75/261 brn|[from] brn
|upkeep
|turn|9
|choice|move scald|move recover
|
|move|p2a: Mystic|Recover|p2a: Mystic
|-heal|p2a: Mystic|206/261 brn
|move|p1a: Jellicent|Scald|p2a: Mystic
|-resisted|p2a: Mystic
|-damage|p2a: Mystic|162/261 brn
|
|-weather|Sandstorm|[upkeep]
|-damage|p2a: Mystic|146/261 brn|[from] sandstorm
|-damage|p1a: Jellicent|354/404|[from] sandstorm
|-heal|p1a: Jellicent|379/404|[from] item: Leftovers
|-damage|p2a: Mystic|114/261 brn|[from] brn
|upkeep
|turn|10
|choice|move scald|move recover
|
|move|p2a: Mystic|Recover|p2a: Mystic
|-heal|p2a: Mystic|245/261 brn
|move|p1a: Jellicent|Scald|p2a: Mystic
|-resisted|p2a: Mystic
|-damage|p2a: Mystic|194/261 brn
|
|-weather|Sandstorm|[upkeep]
|-damage|p2a: Mystic|178/261 brn|[from] sandstorm
|-damage|p1a: Jellicent|354/404|[from] sandstorm
|-heal|p1a: Jellicent|379/404|[from] item: Leftovers
|-damage|p2a: Mystic|146/261 brn|[from] brn
|upkeep
|turn|11
|inactive|W2J has 135 seconds left.
|choice|move recover|move thunderbolt
|
|move|p2a: Mystic|Thunderbolt|p1a: Jellicent
|-supereffective|p1a: Jellicent
|-damage|p1a: Jellicent|192/404
|-damage|p2a: Mystic|120/261 brn|[from] item: Life Orb
|move|p1a: Jellicent|Recover|p1a: Jellicent
|-heal|p1a: Jellicent|394/404
|
|-weather|Sandstorm|[upkeep]
|-damage|p2a: Mystic|104/261 brn|[from] sandstorm
|-damage|p1a: Jellicent|369/404|[from] sandstorm
|-heal|p1a: Jellicent|394/404|[from] item: Leftovers
|-damage|p2a: Mystic|72/261 brn|[from] brn
|upkeep
|turn|12
|choice|move scald|move recover
|
|move|p2a: Mystic|Recover|p2a: Mystic
|-heal|p2a: Mystic|203/261 brn
|move|p1a: Jellicent|Scald|p2a: Mystic
|-resisted|p2a: Mystic
|-damage|p2a: Mystic|156/261 brn
|
|-weather|Sandstorm|[upkeep]
|-damage|p2a: Mystic|140/261 brn|[from] sandstorm
|-damage|p1a: Jellicent|369/404|[from] sandstorm
|-heal|p1a: Jellicent|394/404|[from] item: Leftovers
|-damage|p2a: Mystic|108/261 brn|[from] brn
|upkeep
|turn|13
|choice|move scald|move recover
|
|move|p2a: Mystic|Recover|p2a: Mystic
|-heal|p2a: Mystic|239/261 brn
|move|p1a: Jellicent|Scald|p2a: Mystic
|-resisted|p2a: Mystic
|-damage|p2a: Mystic|188/261 brn
|
|-weather|Sandstorm|[upkeep]
|-damage|p2a: Mystic|172/261 brn|[from] sandstorm
|-damage|p1a: Jellicent|369/404|[from] sandstorm
|-heal|p1a: Jellicent|394/404|[from] item: Leftovers
|-damage|p2a: Mystic|140/261 brn|[from] brn
|upkeep
|turn|14
|choice|move scald|move thunderbolt
|
|move|p2a: Mystic|Thunderbolt|p1a: Jellicent
|-supereffective|p1a: Jellicent
|-damage|p1a: Jellicent|225/404
|-status|p1a: Jellicent|par
|-damage|p2a: Mystic|114/261 brn|[from] item: Life Orb
|move|p1a: Jellicent|Scald|p2a: Mystic
|-resisted|p2a: Mystic
|-damage|p2a: Mystic|71/261 brn
|
|-weather|Sandstorm|[upkeep]
|-damage|p2a: Mystic|55/261 brn|[from] sandstorm
|-damage|p1a: Jellicent|200/404 par|[from] sandstorm
|-heal|p1a: Jellicent|225/404 par|[from] item: Leftovers
|-damage|p2a: Mystic|23/261 brn|[from] brn
|upkeep
|turn|15
|inactive|W2J has 135 seconds left.
|choice|switch 2|move recover
|
|switch|p1a: Ferrothorn|Ferrothorn, M|352/352
|-damage|p1a: Ferrothorn|330/352|[from] Stealth Rock
|move|p2a: Mystic|Recover|p2a: Mystic
|-heal|p2a: Mystic|154/261 brn
|
|-weather|Sandstorm|[upkeep]
|-damage|p2a: Mystic|138/261 brn|[from] sandstorm
|-heal|p1a: Ferrothorn|352/352|[from] item: Leftovers
|-damage|p2a: Mystic|106/261 brn|[from] brn
|upkeep
|turn|16
|inactive|Ruscam has 135 seconds left.
|choice|move spikes|switch 6
|
|-curestatus|p2a: Mystic|brn|[from] ability: Natural Cure
|switch|p2a: Queen|Chansey, F|642/642
|-damage|p2a: Queen|562/642|[from] Stealth Rock
|move|p1a: Ferrothorn|Spikes|p2a: Queen
|-sidestart|p2: Ruscam|Spikes
|
|-weather|Sandstorm|[upkeep]
|-damage|p2a: Queen|522/642|[from] sandstorm
|upkeep
|turn|17
|inactive|W2J has 135 seconds left.
|inactive|Ruscam has 135 seconds left.
|choice|move spikes|switch 3
|
|switch|p2a: Aldebaran|Terrakion|323/323
|-damage|p2a: Aldebaran|283/323|[from] Spikes
|-damage|p2a: Aldebaran|263/323|[from] Stealth Rock
|move|p1a: Ferrothorn|Spikes|p2a: Aldebaran
|-sidestart|p2: Ruscam|Spikes
|
|-weather|Sandstorm|[upkeep]
|-heal|p2a: Aldebaran|283/323|[from] item: Leftovers
|upkeep
|turn|18
|inactive|W2J has 135 seconds left.
|inactive|Ruscam has 135 seconds left.
|choice|switch 4|move swordsdance
|
|switch|p1a: Hippowdon|Hippowdon, M|420/420
|-damage|p1a: Hippowdon|394/420|[from] Stealth Rock
|move|p2a: Aldebaran|Swords Dance|p2a: Aldebaran
|-boost|p2a: Aldebaran|atk|2
|
|-weather|Sandstorm|[upkeep]
|-heal|p2a: Aldebaran|303/323|[from] item: Leftovers
|-heal|p1a: Hippowdon|420/420|[from] item: Leftovers
|upkeep
|turn|19
|inactive|W2J has 135 seconds left.
|choice|move earthquake|move closecombat
|
|move|p2a: Aldebaran|Close Combat|p1a: Hippowdon
|-damage|p1a: Hippowdon|143/420
|-unboost|p2a: Aldebaran|def|1
|-unboost|p2a: Aldebaran|spd|1
|move|p1a: Hippowdon|Earthquake|p2a: Aldebaran
|-supereffective|p2a: Aldebaran
|-damage|p2a: Aldebaran|0 fnt
|faint|p2a: Aldebaran
|
|-weather|Sandstorm|[upkeep]
|-heal|p1a: Hippowdon|169/420|[from] item: Leftovers
|upkeep
|choice||switch 6
|
|switch|p2a: Mystic|Starmie|106/261
|-damage|p2a: Mystic|63/261|[from] Spikes
|-damage|p2a: Mystic|31/261|[from] Stealth Rock
|turn|20
|inactive|W2J has 135 seconds left.
|choice|move earthquake|move recover
|
|move|p2a: Mystic|Recover|p2a: Mystic
|-heal|p2a: Mystic|162/261
|move|p1a: Hippowdon|Earthquake|p2a: Mystic
|-damage|p2a: Mystic|23/261
|
|-weather|Sandstorm|[upkeep]
|-damage|p2a: Mystic|7/261|[from] sandstorm
|-heal|p1a: Hippowdon|195/420|[from] item: Leftovers
|upkeep
|turn|21
|choice|move earthquake|move rapidspin
|
|move|p2a: Mystic|Rapid Spin|p1a: Hippowdon
|-damage|p1a: Hippowdon|186/420
|-sideend|p2: Ruscam|Spikes|[from] move: Rapid Spin|[of] p2a: Mystic
|-sideend|p2: Ruscam|Stealth Rock|[from] move: Rapid Spin|[of] p2a: Mystic
|-damage|p2a: Mystic|0 fnt|[from] item: Life Orb
|faint|p2a: Mystic
|move|p1a: Hippowdon|Earthquake|p2: Mystic|[notarget]
|-notarget
|
|-weather|Sandstorm|[upkeep]
|-heal|p1a: Hippowdon|212/420|[from] item: Leftovers
|upkeep
|inactive|Ruscam has 135 seconds left.
|inactive|Ruscam has 120 seconds left.
|choice||switch 2
|
|switch|p2a: Uni|Keldeo-Resolute|303/323
|turn|22
|choice|move stealthrock|switch 4
|
|switch|p2a: Belphegor|Dragonite, M|303/323
|move|p1a: Hippowdon|Stealth Rock|p2a: Belphegor
|-sidestart|p2: Ruscam|move: Stealth Rock
|
|-weather|Sandstorm|[upkeep]
|-damage|p2a: Belphegor|283/323|[from] sandstorm
|-heal|p1a: Hippowdon|238/420|[from] item: Leftovers
|upkeep
|turn|23
|choice|move whirlwind|move outrage
|
|move|p2a: Belphegor|Outrage|p1a: Hippowdon
|-damage|p1a: Hippowdon|82/420
|move|p1a: Hippowdon|Whirlwind|p2a: Belphegor
|drag|p2a: Queen|Chansey, F|522/642
|-damage|p2a: Queen|442/642|[from] Stealth Rock
|
|-weather|Sandstorm|[upkeep]
|-damage|p2a: Queen|402/642|[from] sandstorm
|-heal|p1a: Hippowdon|108/420|[from] item: Leftovers
|upkeep
|turn|24
|inactive|Ruscam has 135 seconds left.
|inactive|Ruscam has 120 seconds left.
|choice|move slackoff|move seismictoss
|
|move|p2a: Queen|Seismic Toss|p1a: Hippowdon
|-damage|p1a: Hippowdon|8/420
|move|p1a: Hippowdon|Slack Off|p1a: Hippowdon
|-heal|p1a: Hippowdon|218/420
|
|-weather|Sandstorm|[upkeep]
|-damage|p2a: Queen|362/642|[from] sandstorm
|-heal|p1a: Hippowdon|244/420|[from] item: Leftovers
|upkeep
|turn|25
|choice|move slackoff|move softboiled
|
|move|p2a: Queen|Soft-Boiled|p2a: Queen
|-heal|p2a: Queen|642/642
|move|p1a: Hippowdon|Slack Off|p1a: Hippowdon
|-heal|p1a: Hippowdon|420/420
|
|-weather|Sandstorm|[upkeep]
|-damage|p2a: Queen|602/642|[from] sandstorm
|upkeep
|turn|26
|choice|switch 4|move seismictoss
|
|switch|p1a: Ferrothorn|Ferrothorn, M|352/352
|-damage|p1a: Ferrothorn|330/352|[from] Stealth Rock
|move|p2a: Queen|Seismic Toss|p1a: Ferrothorn
|-damage|p1a: Ferrothorn|230/352
|-damage|p2a: Queen|522/642|[from] ability: Iron Barbs|[of] p1a: Ferrothorn
|
|-weather|Sandstorm|[upkeep]
|-damage|p2a: Queen|482/642|[from] sandstorm
|-heal|p1a: Ferrothorn|252/352|[from] item: Leftovers
|upkeep
|turn|27
|inactive|Ruscam has 135 seconds left.
|choice|move leechseed|switch 4
|
|switch|p2a: Uni|Keldeo-Resolute|303/323
|-damage|p2a: Uni|283/323|[from] Stealth Rock
|move|p1a: Ferrothorn|Leech Seed|p2a: Uni
|-start|p2a: Uni|move: Leech Seed
|
|-weather|Sandstorm|[upkeep]
|-damage|p2a: Uni|263/323|[from] sandstorm
|-heal|p2a: Uni|283/323|[from] item: Leftovers
|-heal|p1a: Ferrothorn|274/352|[from] item: Leftovers
|-damage|p2a: Uni|243/323|[from] Leech Seed|[of] p1a: Ferrothorn
|-heal|p1a: Ferrothorn|314/352|[silent]
|upkeep
|turn|28
|choice|move protect|switch 5
|
|switch|p2a: Bruttel Roots|Ferrothorn, M|352/352
|-damage|p2a: Bruttel Roots|330/352|[from] Stealth Rock
|move|p1a: Ferrothorn|Protect|p1a: Ferrothorn
|-fail|p1a: Ferrothorn
|
|-weather|Sandstorm|[upkeep]
|-heal|p2a: Bruttel Roots|352/352|[from] item: Leftovers
|-heal|p1a: Ferrothorn|336/352|[from] item: Leftovers
|upkeep
|turn|29
|choice|move spikes|switch 5
|
|switch|p2a: Uni|Keldeo-Resolute|243/323
|-damage|p2a: Uni|223/323|[from] Stealth Rock
|move|p1a: Ferrothorn|Spikes|p2a: Uni
|-sidestart|p2: Ruscam|Spikes
|
|-weather|Sandstorm|[upkeep]
|-damage|p2a: Uni|203/323|[from] sandstorm
|-heal|p2a: Uni|223/323|[from] item: Leftovers
|-heal|p1a: Ferrothorn|352/352|[from] item: Leftovers
|upkeep
|turn|30
|inactive|W2J has 135 seconds left.
|inactive|Ruscam has 135 seconds left.
|choice|switch 2|move substitute
|
|switch|p1a: Jellicent|Jellicent, M|225/404 par
|-damage|p1a: Jellicent|175/404 par|[from] Stealth Rock
|move|p2a: Uni|Substitute|p2a: Uni
|-start|p2a: Uni|Substitute
|-damage|p2a: Uni|143/323
|
|-weather|Sandstorm|[upkeep]
|-damage|p2a: Uni|123/323|[from] sandstorm
|-damage|p1a: Jellicent|150/404 par|[from] sandstorm
|-heal|p2a: Uni|143/323|[from] item: Leftovers
|-heal|p1a: Jellicent|175/404 par|[from] item: Leftovers
|upkeep
|turn|31
|inactive|W2J has 135 seconds left.
|choice|move scald|move calmmind
|
|move|p2a: Uni|Calm Mind|p2a: Uni
|-boost|p2a: Uni|spa|1
|-boost|p2a: Uni|spd|1
|move|p1a: Jellicent|Scald|p2a: Uni
|-resisted|p2a: Uni
|-activate|p2a: Uni|Substitute|[damage]
|
|-weather|Sandstorm|[upkeep]
|-damage|p2a: Uni|123/323|[from] sandstorm
|-damage|p1a: Jellicent|150/404 par|[from] sandstorm
|-heal|p2a: Uni|143/323|[from] item: Leftovers
|-heal|p1a: Jellicent|175/404 par|[from] item: Leftovers
|upkeep
|turn|32
|choice|move scald|move calmmind
|
|move|p2a: Uni|Calm Mind|p2a: Uni
|-boost|p2a: Uni|spa|1
|-boost|p2a: Uni|spd|1
|move|p1a: Jellicent|Scald|p2a: Uni
|-resisted|p2a: Uni
|-activate|p2a: Uni|Substitute|[damage]
|
|-weather|Sandstorm|[upkeep]
|-damage|p2a: Uni|123/323|[from] sandstorm
|-damage|p1a: Jellicent|150/404 par|[from] sandstorm
|-heal|p2a: Uni|143/323|[from] item: Leftovers
|-heal|p1a: Jellicent|175/404 par|[from] item: Leftovers
|upkeep
|turn|33
|c|☆Ruscam|TRY TO SCAPE
|choice|move scald|move calmmind
|
|move|p2a: Uni|Calm Mind|p2a: Uni
|-boost|p2a: Uni|spa|1
|-boost|p2a: Uni|spd|1
|move|p1a: Jellicent|Scald|p2a: Uni
|-resisted|p2a: Uni
|-activate|p2a: Uni|Substitute|[damage]
|
|-weather|Sandstorm|[upkeep]
|-damage|p2a: Uni|123/323|[from] sandstorm
|-damage|p1a: Jellicent|150/404 par|[from] sandstorm
|-heal|p2a: Uni|143/323|[from] item: Leftovers
|-heal|p1a: Jellicent|175/404 par|[from] item: Leftovers
|upkeep
|turn|34
|inactive|Ruscam has 135 seconds left.
|c|☆Ruscam|LOL
|choice|move scald|move calmmind
|
|move|p2a: Uni|Calm Mind|p2a: Uni
|-boost|p2a: Uni|spa|1
|-boost|p2a: Uni|spd|1
|move|p1a: Jellicent|Scald|p2a: Uni
|-resisted|p2a: Uni
|-end|p2a: Uni|Substitute
|
|-weather|Sandstorm|[upkeep]
|-damage|p2a: Uni|123/323|[from] sandstorm
|-damage|p1a: Jellicent|150/404 par|[from] sandstorm
|-heal|p2a: Uni|143/323|[from] item: Leftovers
|-heal|p1a: Jellicent|175/404 par|[from] item: Leftovers
|upkeep
|turn|35
|choice|move recover|move substitute
|
|move|p2a: Uni|Substitute|p2a: Uni
|-start|p2a: Uni|Substitute
|-damage|p2a: Uni|63/323
|move|p1a: Jellicent|Recover|p1a: Jellicent
|-heal|p1a: Jellicent|377/404 par
|
|-weather|Sandstorm|[upkeep]
|-damage|p2a: Uni|43/323|[from] sandstorm
|-damage|p1a: Jellicent|352/404 par|[from] sandstorm
|-heal|p2a: Uni|63/323|[from] item: Leftovers
|-heal|p1a: Jellicent|377/404 par|[from] item: Leftovers
|upkeep
|turn|36
|choice|move scald|move calmmind
|
|move|p2a: Uni|Calm Mind|p2a: Uni
|-boost|p2a: Uni|spa|1
|-boost|p2a: Uni|spd|1
|move|p1a: Jellicent|Scald|p2a: Uni
|-resisted|p2a: Uni
|-activate|p2a: Uni|Substitute|[damage]
|
|-weather|Sandstorm|[upkeep]
|-damage|p2a: Uni|43/323|[from] sandstorm
|-damage|p1a: Jellicent|352/404 par|[from] sandstorm
|-heal|p2a: Uni|63/323|[from] item: Leftovers
|-heal|p1a: Jellicent|377/404 par|[from] item: Leftovers
|upkeep
|turn|37
|choice|move scald|move calmmind
|
|move|p2a: Uni|Calm Mind|p2a: Uni
|-boost|p2a: Uni|spa|1
|-boost|p2a: Uni|spd|1
|cant|p1a: Jellicent|par
|
|-weather|Sandstorm|[upkeep]
|-damage|p2a: Uni|43/323|[from] sandstorm
|-damage|p1a: Jellicent|352/404 par|[from] sandstorm
|-heal|p2a: Uni|63/323|[from] item: Leftovers
|-heal|p1a: Jellicent|377/404 par|[from] item: Leftovers
|upkeep
|turn|38
|inactive|Ruscam has 135 seconds left.
|c|☆Ruscam|no way for me
|choice|move recover|move hydropump
|
|move|p2a: Uni|Hydro Pump|p1a: Jellicent
|-heal|p1a: Jellicent|404/404 par|[from] ability: Water Absorb|[of] p2a: Uni
|move|p1a: Jellicent|Recover|p1a: Jellicent
|-fail|p1a: Jellicent
|
|-weather|Sandstorm|[upkeep]
|-damage|p2a: Uni|43/323|[from] sandstorm
|-damage|p1a: Jellicent|379/404 par|[from] sandstorm
|-heal|p2a: Uni|63/323|[from] item: Leftovers
|-heal|p1a: Jellicent|404/404 par|[from] item: Leftovers
|upkeep
|turn|39
|choice|move icebeam|move secretsword
|
|move|p2a: Uni|Secret Sword|p1a: Jellicent
|-immune|p1a: Jellicent|[msg]
|move|p1a: Jellicent|Ice Beam|p2a: Uni
|-resisted|p2a: Uni
|-activate|p2a: Uni|Substitute|[damage]
|
|-weather|Sandstorm|[upkeep]
|-damage|p2a: Uni|43/323|[from] sandstorm
|-damage|p1a: Jellicent|379/404 par|[from] sandstorm
|-heal|p2a: Uni|63/323|[from] item: Leftovers
|-heal|p1a: Jellicent|404/404 par|[from] item: Leftovers
|upkeep
|turn|40
|choice|move icebeam|move secretsword
|
|move|p2a: Uni|Secret Sword|p1a: Jellicent
|-immune|p1a: Jellicent|[msg]
|move|p1a: Jellicent|Ice Beam|p2a: Uni
|-resisted|p2a: Uni
|-activate|p2a: Uni|Substitute|[damage]
|
|-weather|Sandstorm|[upkeep]
|-damage|p2a: Uni|43/323|[from] sandstorm
|-damage|p1a: Jellicent|379/404 par|[from] sandstorm
|-heal|p2a: Uni|63/323|[from] item: Leftovers
|-heal|p1a: Jellicent|404/404 par|[from] item: Leftovers
|upkeep
|turn|41
|choice|move icebeam|move calmmind
|
|move|p2a: Uni|Calm Mind|p2a: Uni
|-boost|p2a: Uni|spa|0
|-boost|p2a: Uni|spd|0
|cant|p1a: Jellicent|par
|
|-weather|Sandstorm|[upkeep]
|-damage|p2a: Uni|43/323|[from] sandstorm
|-damage|p1a: Jellicent|379/404 par|[from] sandstorm
|-heal|p2a: Uni|63/323|[from] item: Leftovers
|-heal|p1a: Jellicent|404/404 par|[from] item: Leftovers
|upkeep
|turn|42
|choice|move icebeam|move calmmind
|
|move|p2a: Uni|Calm Mind|p2a: Uni
|-boost|p2a: Uni|spa|0
|-boost|p2a: Uni|spd|0
|move|p1a: Jellicent|Ice Beam|p2a: Uni
|-resisted|p2a: Uni
|-activate|p2a: Uni|Substitute|[damage]
|
|-weather|Sandstorm|[upkeep]
|-damage|p2a: Uni|43/323|[from] sandstorm
|-damage|p1a: Jellicent|379/404 par|[from] sandstorm
|-heal|p2a: Uni|63/323|[from] item: Leftovers
|-heal|p1a: Jellicent|404/404 par|[from] item: Leftovers
|upkeep
|turn|43
|choice|move scald|move calmmind
|
|move|p2a: Uni|Calm Mind|p2a: Uni
|-boost|p2a: Uni|spa|0
|-boost|p2a: Uni|spd|0
|move|p1a: Jellicent|Scald|p2a: Uni
|-resisted|p2a: Uni
|-activate|p2a: Uni|Substitute|[damage]
|
|-weather|Sandstorm|[upkeep]
|-damage|p2a: Uni|43/323|[from] sandstorm
|-damage|p1a: Jellicent|379/404 par|[from] sandstorm
|-heal|p2a: Uni|63/323|[from] item: Leftovers
|-heal|p1a: Jellicent|404/404 par|[from] item: Leftovers
|upkeep
|turn|44
|choice|move scald|move calmmind
|
|move|p2a: Uni|Calm Mind|p2a: Uni
|-boost|p2a: Uni|spa|0
|-boost|p2a: Uni|spd|0
|move|p1a: Jellicent|Scald|p2a: Uni
|-resisted|p2a: Uni
|-activate|p2a: Uni|Substitute|[damage]
|
|-weather|Sandstorm|[upkeep]
|-damage|p2a: Uni|43/323|[from] sandstorm
|-damage|p1a: Jellicent|379/404 par|[from] sandstorm
|-heal|p2a: Uni|63/323|[from] item: Leftovers
|-heal|p1a: Jellicent|404/404 par|[from] item: Leftovers
|upkeep
|turn|45
|choice|move scald|move calmmind
|
|move|p2a: Uni|Calm Mind|p2a: Uni
|-boost|p2a: Uni|spa|0
|-boost|p2a: Uni|spd|0
|cant|p1a: Jellicent|par
|
|-weather|Sandstorm|[upkeep]
|-damage|p2a: Uni|43/323|[from] sandstorm
|-damage|p1a: Jellicent|379/404 par|[from] sandstorm
|-heal|p2a: Uni|63/323|[from] item: Leftovers
|-heal|p1a: Jellicent|404/404 par|[from] item: Leftovers
|upkeep
|turn|46
|choice|move scald|move calmmind
|
|move|p2a: Uni|Calm Mind|p2a: Uni
|-boost|p2a: Uni|spa|0
|-boost|p2a: Uni|spd|0
|cant|p1a: Jellicent|par
|
|-weather|Sandstorm|[upkeep]
|-damage|p2a: Uni|43/323|[from] sandstorm
|-damage|p1a: Jellicent|379/404 par|[from] sandstorm
|-heal|p2a: Uni|63/323|[from] item: Leftovers
|-heal|p1a: Jellicent|404/404 par|[from] item: Leftovers
|upkeep
|turn|47
|choice|move scald|move hydropump
|
|move|p2a: Uni|Hydro Pump|p1a: Jellicent
|-immune|p1a: Jellicent|[msg]|[from] ability: Water Absorb
|move|p1a: Jellicent|Scald|p2a: Uni
|-resisted|p2a: Uni
|-activate|p2a: Uni|Substitute|[damage]
|
|-weather|Sandstorm|[upkeep]
|-damage|p2a: Uni|43/323|[from] sandstorm
|-damage|p1a: Jellicent|379/404 par|[from] sandstorm
|-heal|p2a: Uni|63/323|[from] item: Leftovers
|-heal|p1a: Jellicent|404/404 par|[from] item: Leftovers
|upkeep
|turn|48
|choice|move scald|move calmmind
|
|move|p2a: Uni|Calm Mind|p2a: Uni
|-boost|p2a: Uni|spa|0
|-boost|p2a: Uni|spd|0
|move|p1a: Jellicent|Scald|p2a: Uni
|-resisted|p2a: Uni
|-end|p2a: Uni|Substitute
|
|-weather|Sandstorm|[upkeep]
|-damage|p2a: Uni|43/323|[from] sandstorm
|-damage|p1a: Jellicent|379/404 par|[from] sandstorm
|-heal|p2a: Uni|63/323|[from] item: Leftovers
|-heal|p1a: Jellicent|404/404 par|[from] item: Leftovers
|upkeep
|turn|49
|choice|move willowisp|move calmmind
|
|move|p2a: Uni|Calm Mind|p2a: Uni
|-boost|p2a: Uni|spa|0
|-boost|p2a: Uni|spd|0
|move|p1a: Jellicent|Will-O-Wisp|p2a: Uni
|-status|p2a: Uni|brn
|
|-weather|Sandstorm|[upkeep]
|-damage|p2a: Uni|43/323 brn|[from] sandstorm
|-damage|p1a: Jellicent|379/404 par|[from] sandstorm
|-heal|p2a: Uni|63/323 brn|[from] item: Leftovers
|-heal|p1a: Jellicent|404/404 par|[from] item: Leftovers
|-damage|p2a: Uni|23/323 brn|[from] brn
|upkeep
|turn|50
|choice|move willowisp|move calmmind
|
|move|p2a: Uni|Calm Mind|p2a: Uni
|-boost|p2a: Uni|spa|0
|-boost|p2a: Uni|spd|0
|cant|p1a: Jellicent|par
|
|-weather|Sandstorm|[upkeep]
|-damage|p2a: Uni|3/323 brn|[from] sandstorm
|-damage|p1a: Jellicent|379/404 par|[from] sandstorm
|-heal|p2a: Uni|23/323 brn|[from] item: Leftovers
|-heal|p1a: Jellicent|404/404 par|[from] item: Leftovers
|-damage|p2a: Uni|0 fnt|[from] brn
|upkeep
|faint|p2a: Uni
|choice||switch 5
|
|switch|p2a: Bruttel Roots|Ferrothorn, M|352/352
|-damage|p2a: Bruttel Roots|308/352|[from] Spikes
|-damage|p2a: Bruttel Roots|286/352|[from] Stealth Rock
|turn|51
|inactive|W2J has 135 seconds left.
|choice|switch 3|move powerwhip
|
|switch|p1a: Heatran|Heatran, M|323/323
|-damage|p1a: Heatran|283/323|[from] Stealth Rock
|move|p2a: Bruttel Roots|Power Whip|p1a: Heatran
|-resisted|p1a: Heatran
|-damage|p1a: Heatran|252/323
|
|-weather|Sandstorm|[upkeep]
|-heal|p2a: Bruttel Roots|308/352|[from] item: Leftovers
|upkeep
|turn|52
|choice|move overheat|switch 4
|
|switch|p2a: Queen|Chansey, F|482/642
|-damage|p2a: Queen|402/642|[from] Spikes
|-damage|p2a: Queen|322/642|[from] Stealth Rock
|move|p1a: Heatran|Overheat|p2a: Queen
|-damage|p2a: Queen|115/642
|-unboost|p1a: Heatran|spa|2
|
|-weather|Sandstorm|[upkeep]
|-damage|p2a: Queen|75/642|[from] sandstorm
|upkeep
|turn|53
|choice|move overheat|move thunderwave
|
|move|p1a: Heatran|Overheat|p2a: Queen
|-damage|p2a: Queen|0 fnt
|-unboost|p1a: Heatran|spa|2
|faint|p2a: Queen
|
|-weather|Sandstorm|[upkeep]
|upkeep
|choice||switch 4
|
|switch|p2a: Bruttel Roots|Ferrothorn, M|308/352
|-damage|p2a: Bruttel Roots|286/352|[from] Stealth Rock
|-damage|p2a: Bruttel Roots|242/352|[from] Spikes
|turn|54
|choice|move overheat|move leechseed
|
|move|p1a: Heatran|Overheat|p2a: Bruttel Roots
|-supereffective|p2a: Bruttel Roots
|-damage|p2a: Bruttel Roots|0 fnt
|-unboost|p1a: Heatran|spa|2
|faint|p2a: Bruttel Roots
|
|-weather|Sandstorm|[upkeep]
|upkeep
|choice||switch 3
|
|switch|p2a: Belphegor|Dragonite, M|283/323
|-damage|p2a: Belphegor|203/323|[from] Stealth Rock
|turn|55
|inactive|W2J has 135 seconds left.
|choice|switch 2|move dragondance
|
|switch|p1a: Ferrothorn|Ferrothorn, M|352/352
|-damage|p1a: Ferrothorn|330/352|[from] Stealth Rock
|move|p2a: Belphegor|Dragon Dance|p2a: Belphegor
|-boost|p2a: Belphegor|atk|1
|-boost|p2a: Belphegor|spe|1
|
|-weather|Sandstorm|[upkeep]
|-damage|p2a: Belphegor|183/323|[from] sandstorm
|-heal|p1a: Ferrothorn|352/352|[from] item: Leftovers
|upkeep
|turn|56
|choice|move gyroball|move firepunch
|
|move|p2a: Belphegor|Fire Punch|p1a: Ferrothorn
|-supereffective|p1a: Ferrothorn
|-damage|p1a: Ferrothorn|0 fnt
|-damage|p2a: Belphegor|143/323|[from] ability: Iron Barbs|[of] p1a: Ferrothorn
|faint|p1a: Ferrothorn
|
|-weather|Sandstorm|[upkeep]
|-damage|p2a: Belphegor|123/323|[from] sandstorm
|upkeep
|choice|switch 6|
|
|switch|p1a: Garchomp|Garchomp, F|357/357
|-damage|p1a: Garchomp|335/357|[from] Stealth Rock
|turn|57
|choice|move dragonclaw|move outrage
|
|move|p2a: Belphegor|Outrage|p1a: Garchomp
|-supereffective|p1a: Garchomp
|-damage|p1a: Garchomp|0 fnt
|-damage|p2a: Belphegor|83/323|[from] ability: Rough Skin|[of] p1a: Garchomp
|faint|p1a: Garchomp
|
|-weather|Sandstorm|[upkeep]
|-damage|p2a: Belphegor|63/323|[from] sandstorm
|upkeep
|choice|switch 2|
|
|switch|p1a: Heatran|Heatran, M|252/323
|-damage|p1a: Heatran|212/323|[from] Stealth Rock
|turn|58
|choice|move dragonpulse|move outrage
|
|move|p2a: Belphegor|Outrage|p1a: Heatran|[from]lockedmove
|-resisted|p1a: Heatran
|-damage|p1a: Heatran|53/323
|-start|p2a: Belphegor|confusion|[fatigue]
|-enditem|p2a: Belphegor|Lum Berry|[eat]
|-end|p2a: Belphegor|confusion
|move|p1a: Heatran|Dragon Pulse|p2a: Belphegor
|-supereffective|p2a: Belphegor
|-damage|p2a: Belphegor|0 fnt
|faint|p2a: Belphegor
|
|win|W2J
|raw|W2J's rating: 1293 &rarr; <strong>1323</strong><br />(+30 for winning)
|raw|Ruscam's rating: 1361 &rarr; <strong>1337</strong><br />(-24 for losing)