|j|☆Smurfer
|j|☆Internal Cannon
|player|p1|Smurfer|126
|player|p2|Internal Cannon|102
|teamsize|p1|6
|teamsize|p2|6
|gametype|singles
|gen|5
|tier|[Gen 5] OU
|rated|
|rule|Sleep Clause Mod: Limit one foe put to sleep
|rule|Species Clause: Limit one of each Pokémon
|rule|OHKO Clause: OHKO moves are banned
|rule|Moody Clause: Moody is banned
|rule|Evasion Moves Clause: Evasion moves are banned
|rule|Endless Battle Clause: Forcing endless battles is banned
|rule|HP Percentage Mod: HP is shown in percentages
|rule|Evasion Abilities Clause: Evasion abilities are banned
|rule|Baton Pass Clause: Limit one Baton Passer, can't pass Spe and other stats simultaneously
|rule|Swagger Clause: Swagger is banned
|clearpoke
|poke|p1|Staraptor, F|item
|poke|p1|Dragonite, F|item
|poke|p1|Excadrill, M|item
|poke|p1|Tornadus, M|item
|poke|p1|Kyurem-Black|item
|poke|p1|Jirachi|item
|poke|p2|Tyranitar, F|item
|poke|p2|Jellicent, M|item
|poke|p2|Landorus-Therian, M|item
|poke|p2|Ferrothorn, M|item
|poke|p2|Alakazam, M|item
|poke|p2|Mienshao, M|item
|teampreview
|
|start
|switch|p1a: Jirachi|Jirachi|100/100
|switch|p2a: Tyranitar|Tyranitar, F|100/100
|-weather|Sandstorm|[from] ability: Sand Stream|[of] p2a: Tyranitar
|turn|1
|
|move|p1a: Jirachi|Stealth Rock|p2a: Tyranitar
|-sidestart|p2: Internal Cannon|move: Stealth Rock
|move|p2a: Tyranitar|Stealth Rock|p1a: Jirachi
|-sidestart|p1: Smurfer|move: Stealth Rock
|
|-weather|Sandstorm|[upkeep]
|upkeep
|turn|2
|
|switch|p1a: Excadrill|Excadrill, M|100/100
|-damage|p1a: Excadrill|97/100|[from] Stealth Rock
|-item|p1a: Excadrill|Air Balloon
|move|p2a: Tyranitar|Fire Blast|p1a: Excadrill
|-supereffective|p1a: Excadrill
|-damage|p1a: Excadrill|28/100
|-enditem|p1a: Excadrill|Air Balloon
|
|-weather|Sandstorm|[upkeep]
|upkeep
|turn|3
|
|switch|p2a: Landorus|Landorus-Therian, M|100/100
|-damage|p2a: Landorus|88/100|[from] Stealth Rock
|-ability|p2a: Landorus|Intimidate|boost
|-unboost|p1a: Excadrill|atk|1
|move|p1a: Excadrill|Rapid Spin|p2a: Landorus
|-damage|p2a: Landorus|83/100
|-damage|p1a: Excadrill|11/100|[from] item: Rocky Helmet|[of] p2a: Landorus
|-sideend|p1: Smurfer|Stealth Rock|[from] move: Rapid Spin|[of] p1a: Excadrill
|
|-weather|Sandstorm|[upkeep]
|upkeep
|turn|4
|
|move|p1a: Excadrill|Iron Head|p2a: Landorus
|-damage|p2a: Landorus|54/100
|-damage|p1a: Excadrill|0 fnt|[from] item: Rocky Helmet|[of] p2a: Landorus
|faint|p1a: Excadrill
|-formechange|p1a: Excadrill|Excadrill|
|cant|p2a: Landorus|flinch
|
|-weather|Sandstorm|[upkeep]
|upkeep
|
|switch|p1a: Dragonite|Dragonite, F, shiny|100/100
|turn|5
|
|move|p2a: Landorus|U-turn|p1a: Dragonite
|-resisted|p1a: Dragonite
|-damage|p1a: Dragonite|94/100
|
|switch|p2a: Tyranitar|Tyranitar, F|100/100
|-damage|p2a: Tyranitar|88/100|[from] Stealth Rock
|move|p1a: Dragonite|Draco Meteor|p2a: Tyranitar
|-enditem|p1a: Dragonite|Dragon Gem|[from] gem|[move] Draco Meteor
|-damage|p2a: Tyranitar|39/100
|-unboost|p1a: Dragonite|spa|2
|
|-weather|Sandstorm|[upkeep]
|-damage|p1a: Dragonite|88/100|[from] Sandstorm
|upkeep
|turn|6
|
|switch|p2a: Landorus|Landorus-Therian, M|54/100
|-damage|p2a: Landorus|41/100|[from] Stealth Rock
|-ability|p2a: Landorus|Intimidate|boost
|-unboost|p1a: Dragonite|atk|1
|move|p1a: Dragonite|Earthquake|p2a: Landorus
|-immune|p2a: Landorus|[msg]
|
|-weather|Sandstorm|[upkeep]
|-damage|p1a: Dragonite|82/100|[from] Sandstorm
|upkeep
|turn|7
|
|move|p2a: Landorus|Hidden Power|p1a: Dragonite
|-supereffective|p1a: Dragonite
|-damage|p1a: Dragonite|5/100
|move|p1a: Dragonite|Outrage|p2a: Landorus
|-crit|p2a: Landorus
|-damage|p2a: Landorus|0 fnt
|-damage|p1a: Dragonite|0 fnt|[from] item: Rocky Helmet|[of] p2a: Landorus
|faint|p1a: Dragonite
|-formechange|p1a: Dragonite|Dragonite|
|faint|p2a: Landorus
|-formechange|p2a: Landorus|Landorus-Therian|
|
|-weather|Sandstorm|[upkeep]
|upkeep
|
|switch|p2a: Mienshao|Mienshao, M|100/100
|switch|p1a: Tornadus|Tornadus, M, shiny|100/100
|-damage|p2a: Mienshao|95/100|[from] Stealth Rock
|turn|8
|
|move|p2a: Mienshao|Stone Edge|p1a: Tornadus
|-supereffective|p1a: Tornadus
|-damage|p1a: Tornadus|0 fnt
|faint|p1a: Tornadus
|
|-weather|Sandstorm|[upkeep]
|-damage|p2a: Mienshao|89/100|[from] Sandstorm
|upkeep
|
|switch|p1a: Jirachi|Jirachi|100/100
|turn|9
|
|switch|p2a: Jellicent|Jellicent, M|100/100
|-damage|p2a: Jellicent|88/100|[from] Stealth Rock
|switch|p1a: the grand babido|Staraptor, F, shiny|100/100
|
|-weather|Sandstorm|[upkeep]
|-damage|p1a: the grand babido|95/100|[from] Sandstorm
|-damage|p2a: Jellicent|82/100|[from] Sandstorm
|-heal|p2a: Jellicent|88/100|[from] item: Leftovers
|upkeep
|turn|10
|
|move|p1a: the grand babido|Brave Bird|p2a: Jellicent
|-damage|p2a: Jellicent|16/100
|-damage|p1a: the grand babido|66/100|[from] Recoil
|move|p2a: Jellicent|Recover|p2a: Jellicent
|-heal|p2a: Jellicent|67/100
|
|-weather|Sandstorm|[upkeep]
|-damage|p1a: the grand babido|60/100|[from] Sandstorm
|-damage|p2a: Jellicent|60/100|[from] Sandstorm
|-heal|p2a: Jellicent|67/100|[from] item: Leftovers
|upkeep
|turn|11
|
|switch|p2a: Ferrothorn|Ferrothorn, M|100/100
|-damage|p2a: Ferrothorn|94/100|[from] Stealth Rock
|move|p1a: the grand babido|Brave Bird|p2a: Ferrothorn
|-damage|p2a: Ferrothorn|48/100
|-damage|p1a: the grand babido|48/100|[from] ability: Iron Barbs|[of] p2a: Ferrothorn
|-damage|p1a: the grand babido|32/100|[from] Recoil
|
|-weather|Sandstorm|[upkeep]
|-damage|p1a: the grand babido|26/100|[from] Sandstorm
|-heal|p2a: Ferrothorn|54/100|[from] item: Leftovers
|upkeep
|turn|12
|
|move|p1a: the grand babido|Brave Bird|p2a: Ferrothorn
|-crit|p2a: Ferrothorn
|-damage|p2a: Ferrothorn|0 fnt
|-damage|p1a: the grand babido|14/100|[from] ability: Iron Barbs|[of] p2a: Ferrothorn
|-damage|p1a: the grand babido|0 fnt|[from] Recoil
|faint|p2a: Ferrothorn
|faint|p1a: the grand babido
|
|-weather|Sandstorm|[upkeep]
|upkeep
|
|switch|p1a: Jirachi|Jirachi|100/100
|switch|p2a: Tyranitar|Tyranitar, F|39/100
|-damage|p2a: Tyranitar|27/100|[from] Stealth Rock
|turn|13
|
|move|p1a: Jirachi|Thunder|p2a: Tyranitar|[miss]
|-miss|p1a: Jirachi|p2a: Tyranitar
|move|p2a: Tyranitar|Stealth Rock|p1a: Jirachi
|-sidestart|p1: Smurfer|move: Stealth Rock
|
|-weather|Sandstorm|[upkeep]
|upkeep
|turn|14
|
|move|p1a: Jirachi|Thunder|p2a: Tyranitar
|-damage|p2a: Tyranitar|6/100
|move|p2a: Tyranitar|Crunch|p1a: Jirachi
|-damage|p1a: Jirachi|62/100
|-unboost|p1a: Jirachi|def|1
|
|-weather|Sandstorm|[upkeep]
|upkeep
|turn|15
|
|move|p1a: Jirachi|Hidden Power|p2a: Tyranitar
|-resisted|p2a: Tyranitar
|-damage|p2a: Tyranitar|0 fnt
|faint|p2a: Tyranitar
|
|-weather|Sandstorm|[upkeep]
|upkeep
|
|switch|p2a: Mienshao|Mienshao, M|100/100
|-damage|p2a: Mienshao|95/100|[from] Stealth Rock
|turn|16
|
|move|p2a: Mienshao|U-turn|p1a: Jirachi
|-damage|p1a: Jirachi|32/100
|
|switch|p2a: Jellicent|Jellicent, M|67/100
|-damage|p2a: Jellicent|54/100|[from] Stealth Rock
|move|p1a: Jirachi|Thunder|p2a: Jellicent
|-supereffective|p2a: Jellicent
|-damage|p2a: Jellicent|0 fnt
|faint|p2a: Jellicent
|
|-weather|Sandstorm|[upkeep]
|upkeep
|
|switch|p2a: Alakazam|Alakazam, M|100/100
|turn|17
|
|move|p2a: Alakazam|Hidden Power|p1a: Jirachi
|-supereffective|p1a: Jirachi
|-damage|p1a: Jirachi|0 fnt
|faint|p1a: Jirachi
|
|-weather|Sandstorm|[upkeep]
|upkeep
|
|switch|p1a: Kyurem|Kyurem-Black, shiny|100/100
|-damage|p1a: Kyurem|76/100|[from] Stealth Rock
|-ability|p1a: Kyurem|Teravolt
|turn|18
|
|move|p2a: Alakazam|Psychic|p1a: Kyurem
|-damage|p1a: Kyurem|29/100
|move|p1a: Kyurem|Outrage|p2a: Alakazam
|-enditem|p2a: Alakazam|Focus Sash
|-damage|p2a: Alakazam|1/100
|
|-weather|Sandstorm|[upkeep]
|-damage|p1a: Kyurem|22/100|[from] Sandstorm
|upkeep
|turn|19
|
|move|p2a: Alakazam|Psychic|p1a: Kyurem
|-damage|p1a: Kyurem|0 fnt
|faint|p1a: Kyurem
|
|win|Internal Cannon
|c|☆Internal Cannon|Gg
|l|☆Smurfer
|raw|Smurfer's rating: 1517 &rarr; <strong>1496</strong><br />(-21 for losing)
|raw|Internal Cannon's rating: 1511 &rarr; <strong>1532</strong><br />(+21 for winning)
