|j|☆WeR#4Hay!
|j|☆Coronet077
|t:|1702776970
|gametype|singles
|player|p1|WeR#4Hay!|101|1568
|player|p2|Coronet077|fisherman-gen4|1411
|teamsize|p1|6
|teamsize|p2|6
|gen|5
|tier|[Gen 5] OU
|rated|
|rule|Species Clause: Limit one of each Pokémon
|rule|OHKO Clause: OHKO moves are banned
|rule|Moody Clause: Moody is banned
|rule|Evasion Items Clause: Evasion items are banned
|rule|Evasion Moves Clause: Evasion moves are banned
|rule|Endless Battle Clause: Forcing endless battles is banned
|rule|HP Percentage Mod: HP is shown in percentages
|rule|Evasion Abilities Clause: Evasion abilities are banned
|rule|Sleep Moves Clause: Sleep-inducing moves are banned
|rule|Swagger Clause: Swagger is banned
|rule|Baton Pass Stat Clause: No Baton Passer may have a way to boost its stats
|clearpoke
|poke|p1|Tyranitar, M|item
|poke|p1|Alakazam, M|item
|poke|p1|Latios, M|item
|poke|p1|Ferrothorn, M|item
|poke|p1|Landorus-Therian, M|item
|poke|p1|Rotom-Wash|item
|poke|p2|Volcarona, M|item
|poke|p2|Breloom, M|item
|poke|p2|Starmie|item
|poke|p2|Garchomp, F|item
|poke|p2|Scizor, F|item
|poke|p2|Dragonite, M|item
|teampreview
|
|t:|1702776989
|start
|switch|p1a: Helga|Landorus-Therian, M|100/100
|switch|p2a: Garchomp|Garchomp, F|100/100
|-ability|p1a: Helga|Intimidate|boost
|-unboost|p2a: Garchomp|atk|1
|turn|1
|
|t:|1702776993
|move|p2a: Garchomp|Stealth Rock|p1a: Helga
|-sidestart|p1: WeR#4Hay!|move: Stealth Rock
|move|p1a: Helga|Hidden Power|p2a: Garchomp
|-supereffective|p2a: Garchomp
|-damage|p2a: Garchomp|30/100
|
|upkeep
|turn|2
|
|t:|1702777005
|move|p2a: Garchomp|Outrage|p1a: Helga
|-damage|p1a: Helga|60/100
|move|p1a: Helga|Earthquake|p2a: Garchomp
|-damage|p2a: Garchomp|0 fnt
|faint|p2a: Garchomp
|
|-heal|p1a: Helga|66/100|[from] item: Leftovers
|upkeep
|
|t:|1702777013
|switch|p2a: Scizor|Scizor, F|100/100
|turn|3
|
|t:|1702777018
|move|p1a: Helga|U-turn|p2a: Scizor
|-resisted|p2a: Scizor
|-damage|p2a: Scizor|88/100
|
|t:|1702777020
|switch|p1a: Stephen Stills|Rotom-Wash|100/100|[from] U-turn
|-damage|p1a: Stephen Stills|88/100|[from] Stealth Rock
|move|p2a: Scizor|Swords Dance|p2a: Scizor
|-boost|p2a: Scizor|atk|2
|
|-heal|p1a: Stephen Stills|94/100|[from] item: Leftovers
|upkeep
|turn|4
|
|t:|1702777027
|switch|p2a: Starmie|Starmie|100/100
|-item|p2a: Starmie|Air Balloon
|move|p1a: Stephen Stills|Will-O-Wisp|p2a: Starmie
|-status|p2a: Starmie|brn
|
|-heal|p1a: Stephen Stills|100/100|[from] item: Leftovers
|-damage|p2a: Starmie|88/100 brn|[from] brn
|upkeep
|turn|5
|
|t:|1702777034
|move|p2a: Starmie|Thunderbolt|p1a: Stephen Stills
|-damage|p1a: Stephen Stills|70/100
|-status|p1a: Stephen Stills|par
|move|p1a: Stephen Stills|Volt Switch|p2a: Starmie
|-supereffective|p2a: Starmie
|-damage|p2a: Starmie|16/100 brn
|-enditem|p2a: Starmie|Air Balloon
|
|t:|1702777041
|switch|p1a: Paul Giamatti|Ferrothorn, M|100/100|[from] Volt Switch
|-damage|p1a: Paul Giamatti|94/100|[from] Stealth Rock
|
|-heal|p1a: Paul Giamatti|100/100|[from] item: Leftovers
|-damage|p2a: Starmie|4/100 brn|[from] brn
|upkeep
|turn|6
|
|t:|1702777051
|-curestatus|p2a: Starmie|brn|[from] ability: Natural Cure
|switch|p2a: Volcarona|Volcarona, M|100/100
|move|p1a: Paul Giamatti|Stealth Rock|p2a: Volcarona
|-sidestart|p2: Coronet077|move: Stealth Rock
|
|upkeep
|turn|7
|
|t:|1702777056
|switch|p1a: Phillip Wittebane|Tyranitar, M|100/100
|-damage|p1a: Phillip Wittebane|88/100|[from] Stealth Rock
|-weather|Sandstorm|[from] ability: Sand Stream|[of] p1a: Phillip Wittebane
|move|p2a: Volcarona|Quiver Dance|p2a: Volcarona
|-boost|p2a: Volcarona|spa|1
|-boost|p2a: Volcarona|spd|1
|-boost|p2a: Volcarona|spe|1
|
|-weather|Sandstorm|[upkeep]
|-damage|p2a: Volcarona|94/100|[from] Sandstorm
|upkeep
|turn|8
|
|t:|1702777121
|move|p2a: Volcarona|Bug Buzz|p1a: Phillip Wittebane
|-supereffective|p1a: Phillip Wittebane
|-crit|p1a: Phillip Wittebane
|-damage|p1a: Phillip Wittebane|0 fnt
|faint|p1a: Phillip Wittebane
|
|-weather|Sandstorm|[upkeep]
|-damage|p2a: Volcarona|88/100|[from] Sandstorm
|upkeep
|
|t:|1702777139
|switch|p1a: Ice Cream Man|Alakazam, M|100/100
|turn|9
|
|t:|1702777144
|move|p2a: Volcarona|Bug Buzz|p1a: Ice Cream Man
|-supereffective|p1a: Ice Cream Man
|-enditem|p1a: Ice Cream Man|Focus Sash
|-damage|p1a: Ice Cream Man|1/100
|move|p1a: Ice Cream Man|Psychic|p2a: Volcarona
|-damage|p2a: Volcarona|55/100
|
|-weather|Sandstorm|[upkeep]
|-damage|p2a: Volcarona|49/100|[from] Sandstorm
|upkeep
|turn|10
|
|t:|1702777158
|switch|p1a: Helga|Landorus-Therian, M|66/100
|-damage|p1a: Helga|54/100|[from] Stealth Rock
|-ability|p1a: Helga|Intimidate|boost
|-unboost|p2a: Volcarona|atk|1
|move|p2a: Volcarona|Bug Buzz|p1a: Helga
|-resisted|p1a: Helga
|-damage|p1a: Helga|1/100
|
|-weather|Sandstorm|[upkeep]
|-damage|p2a: Volcarona|43/100|[from] Sandstorm
|-heal|p1a: Helga|7/100|[from] item: Leftovers
|upkeep
|turn|11
|
|t:|1702777163
|move|p1a: Helga|Protect|p1a: Helga
|-singleturn|p1a: Helga|Protect
|move|p2a: Volcarona|Psychic|p1a: Helga
|-activate|p1a: Helga|move: Protect
|
|-weather|Sandstorm|[upkeep]
|-damage|p2a: Volcarona|37/100|[from] Sandstorm
|-heal|p1a: Helga|13/100|[from] item: Leftovers
|upkeep
|turn|12
|c|☆WeR#4Hay!|gg
|
|t:|1702777182
|move|p2a: Volcarona|Fire Blast|p1a: Helga
|-damage|p1a: Helga|0 fnt
|faint|p1a: Helga
|
|-weather|Sandstorm|[upkeep]
|-damage|p2a: Volcarona|31/100|[from] Sandstorm
|upkeep
|
|t:|1702777184
|switch|p1a: Stephen Stills|Rotom-Wash|70/100 par
|-damage|p1a: Stephen Stills|58/100 par|[from] Stealth Rock
|turn|13
|
|t:|1702777186
|move|p2a: Volcarona|Bug Buzz|p1a: Stephen Stills
|-damage|p1a: Stephen Stills|0 fnt
|faint|p1a: Stephen Stills
|
|-weather|Sandstorm|[upkeep]
|-damage|p2a: Volcarona|25/100|[from] Sandstorm
|upkeep
|-message|WeR#4Hay! forfeited.
|
|win|Coronet077
|raw|WeR#4Hay!'s rating: 1568 &rarr; <strong>1540</strong><br />(-28 for losing)
|raw|Coronet077's rating: 1411 &rarr; <strong>1439</strong><br />(+28 for winning)
|l|☆WeR#4Hay!
