|j|☆Crimsonbacon38
|j|‽baishii
|t:|1716566783
|gametype|singles
|player|p1|Crimsonbacon38|barry|1339
|player|p2|baishii|steven|1652
|teamsize|p1|6
|teamsize|p2|6
|gen|5
|tier|[Gen 5] OU
|rated|
|rule|Species Clause: Limit one of each Pokémon
|rule|OHKO Clause: OHKO moves are banned
|rule|Moody Clause: Moody is banned
|rule|Evasion Items Clause: Evasion items are banned
|rule|Evasion Moves Clause: Evasion moves are banned
|rule|Endless Battle Clause: Forcing endless battles is banned
|rule|HP Percentage Mod: HP is shown in percentages
|rule|Evasion Abilities Clause: Evasion abilities are banned
|rule|Sleep Moves Clause: Sleep-inducing moves are banned
|rule|Swagger Clause: Swagger is banned
|rule|Baton Pass Stat Clause: No Baton Passer may have a way to boost its stats
|clearpoke
|poke|p1|Tyranitar, M|item
|poke|p1|Excadrill, M|item
|poke|p1|Salamence, M|item
|poke|p1|Mamoswine, F|item
|poke|p1|Landorus-Therian, M|item
|poke|p1|Jellicent, F|item
|poke|p2|Magnezone|item
|poke|p2|Latios, M|item
|poke|p2|Garchomp, F|item
|poke|p2|Scizor, M|item
|poke|p2|Mamoswine, F|item
|poke|p2|Dragonite, M|item
|teampreview
|
|t:|1716566794
|start
|switch|p1a: Tyranitar|Tyranitar, M|100/100
|switch|p2a: Mamoswine|Mamoswine, F|100/100
|-weather|Sandstorm|[from] ability: Sand Stream|[of] p1a: Tyranitar
|turn|1
|inactive|Battle timer is ON: inactive players will automatically lose when time's up. (requested by baishii)
|
|t:|1716566803
|switch|p1a: Landorus|Landorus-Therian, M|100/100
|-ability|p1a: Landorus|Intimidate|boost
|-unboost|p2a: Mamoswine|atk|1
|move|p2a: Mamoswine|Earthquake|p1a: Landorus
|-immune|p1a: Landorus
|
|-weather|Sandstorm|[upkeep]
|upkeep
|turn|2
|
|t:|1716566808
|switch|p1a: Jellicent|Jellicent, F|100/100
|move|p2a: Mamoswine|Stealth Rock|p1a: Jellicent
|-sidestart|p1: Crimsonbacon38|move: Stealth Rock
|
|-weather|Sandstorm|[upkeep]
|-damage|p1a: Jellicent|94/100|[from] Sandstorm
|-heal|p1a: Jellicent|100/100|[from] item: Leftovers
|upkeep
|turn|3
|
|t:|1716566822
|switch|p2a: Magnezone|Magnezone|100/100
|move|p1a: Jellicent|Will-O-Wisp|p2a: Magnezone|[miss]
|-miss|p1a: Jellicent|p2a: Magnezone
|
|-weather|Sandstorm|[upkeep]
|-damage|p1a: Jellicent|94/100|[from] Sandstorm
|-heal|p1a: Jellicent|100/100|[from] item: Leftovers
|upkeep
|turn|4
|
|t:|1716566833
|switch|p1a: Landorus|Landorus-Therian, M|100/100
|-damage|p1a: Landorus|88/100|[from] Stealth Rock
|-ability|p1a: Landorus|Intimidate|boost
|-unboost|p2a: Magnezone|atk|1
|move|p2a: Magnezone|Hidden Power|p1a: Landorus
|-crit|p1a: Landorus
|-damage|p1a: Landorus|33/100
|
|-weather|Sandstorm|[upkeep]
|-heal|p1a: Landorus|39/100|[from] item: Leftovers
|upkeep
|turn|5
|
|t:|1716566850
|switch|p2a: Scizor|Scizor, M|100/100
|move|p1a: Landorus|Earthquake|p2a: Scizor
|-damage|p2a: Scizor|53/100
|
|-weather|Sandstorm|[upkeep]
|-heal|p1a: Landorus|45/100|[from] item: Leftovers
|upkeep
|turn|6
|
|t:|1716566856
|move|p1a: Landorus|Knock Off|p2a: Scizor
|-resisted|p2a: Scizor
|-damage|p2a: Scizor|50/100
|-enditem|p2a: Scizor|Choice Band|[from] move: Knock Off|[of] p1a: Landorus
|move|p2a: Scizor|U-turn|p1a: Landorus
|-resisted|p1a: Landorus
|-damage|p1a: Landorus|30/100
|
|t:|1716566868
|switch|p2a: Garchomp|Garchomp, F|100/100|[from] U-turn
|
|-weather|Sandstorm|[upkeep]
|-heal|p1a: Landorus|36/100|[from] item: Leftovers
|upkeep
|turn|7
|
|t:|1716566876
|move|p2a: Garchomp|Substitute|p2a: Garchomp
|-start|p2a: Garchomp|Substitute
|-damage|p2a: Garchomp|76/100
|move|p1a: Landorus|Stealth Rock|p2a: Garchomp
|-sidestart|p2: baishii|move: Stealth Rock
|
|-weather|Sandstorm|[upkeep]
|-heal|p2a: Garchomp|82/100|[from] item: Leftovers
|-heal|p1a: Landorus|42/100|[from] item: Leftovers
|upkeep
|turn|8
|
|t:|1716566885
|move|p2a: Garchomp|Swords Dance|p2a: Garchomp
|-boost|p2a: Garchomp|atk|2
|move|p1a: Landorus|Earthquake|p2a: Garchomp
|-end|p2a: Garchomp|Substitute
|
|-weather|Sandstorm|[upkeep]
|-heal|p2a: Garchomp|88/100|[from] item: Leftovers
|-heal|p1a: Landorus|48/100|[from] item: Leftovers
|upkeep
|turn|9
|
|t:|1716566887
|move|p2a: Garchomp|Dragon Claw|p1a: Landorus
|-damage|p1a: Landorus|0 fnt
|faint|p1a: Landorus
|
|-weather|Sandstorm|[upkeep]
|-heal|p2a: Garchomp|94/100|[from] item: Leftovers
|upkeep
|
|t:|1716566890
|switch|p1a: Mamoswine|Mamoswine, F|100/100
|-damage|p1a: Mamoswine|88/100|[from] Stealth Rock
|turn|10
|
|t:|1716566894
|switch|p2a: Scizor|Scizor, M|50/100
|-damage|p2a: Scizor|38/100|[from] Stealth Rock
|move|p1a: Mamoswine|Ice Shard|p2a: Scizor
|-resisted|p2a: Scizor
|-damage|p2a: Scizor|21/100
|
|-weather|Sandstorm|[upkeep]
|upkeep
|turn|11
|
|t:|1716566902
|switch|p1a: Jellicent|Jellicent, F|100/100
|-damage|p1a: Jellicent|88/100|[from] Stealth Rock
|move|p2a: Scizor|Bullet Punch|p1a: Jellicent
|-resisted|p1a: Jellicent
|-damage|p1a: Jellicent|74/100
|
|-weather|Sandstorm|[upkeep]
|-damage|p1a: Jellicent|67/100|[from] Sandstorm
|-heal|p1a: Jellicent|74/100|[from] item: Leftovers
|upkeep
|turn|12
|
|t:|1716566910
|move|p1a: Jellicent|Will-O-Wisp|p2a: Scizor
|-status|p2a: Scizor|brn
|move|p2a: Scizor|U-turn|p1a: Jellicent
|-resisted|p1a: Jellicent
|-damage|p1a: Jellicent|65/100
|
|t:|1716566912
|switch|p2a: Garchomp|Garchomp, F|94/100|[from] U-turn
|-damage|p2a: Garchomp|88/100|[from] Stealth Rock
|
|-weather|Sandstorm|[upkeep]
|-damage|p1a: Jellicent|59/100|[from] Sandstorm
|-heal|p2a: Garchomp|94/100|[from] item: Leftovers
|-heal|p1a: Jellicent|65/100|[from] item: Leftovers
|upkeep
|turn|13
|
|t:|1716566922
|move|p2a: Garchomp|Swords Dance|p2a: Garchomp
|-boost|p2a: Garchomp|atk|2
|move|p1a: Jellicent|Taunt|p2a: Garchomp
|-start|p2a: Garchomp|move: Taunt
|
|-weather|Sandstorm|[upkeep]
|-damage|p1a: Jellicent|59/100|[from] Sandstorm
|-heal|p2a: Garchomp|100/100|[from] item: Leftovers
|-heal|p1a: Jellicent|65/100|[from] item: Leftovers
|upkeep
|turn|14
|
|t:|1716566931
|move|p2a: Garchomp|Dragon Claw|p1a: Jellicent
|-damage|p1a: Jellicent|0 fnt
|faint|p1a: Jellicent
|
|-weather|Sandstorm|[upkeep]
|upkeep
|
|t:|1716566935
|switch|p1a: Mamoswine|Mamoswine, F|88/100
|-damage|p1a: Mamoswine|76/100|[from] Stealth Rock
|turn|15
|
|t:|1716566940
|move|p1a: Mamoswine|Ice Shard|p2a: Garchomp
|-supereffective|p2a: Garchomp
|-damage|p2a: Garchomp|0 fnt
|faint|p2a: Garchomp
|
|-weather|Sandstorm|[upkeep]
|upkeep
|
|t:|1716566950
|switch|p2a: Magnezone|Magnezone|100/100
|-damage|p2a: Magnezone|94/100|[from] Stealth Rock
|turn|16
|
|t:|1716566954
|switch|p1a: Excadrill|Excadrill, M|100/100
|-damage|p1a: Excadrill|97/100|[from] Stealth Rock
|move|p2a: Magnezone|Flash Cannon|p1a: Excadrill
|-resisted|p1a: Excadrill
|-damage|p1a: Excadrill|77/100
|
|-weather|Sandstorm|[upkeep]
|-heal|p1a: Excadrill|83/100|[from] item: Leftovers
|upkeep
|turn|17
|
|t:|1716566961
|switch|p2a: Scizor|Scizor, M|21/100 brn
|-damage|p2a: Scizor|9/100 brn|[from] Stealth Rock
|move|p1a: Excadrill|Rapid Spin|p2a: Scizor
|-resisted|p2a: Scizor
|-damage|p2a: Scizor|6/100 brn
|-sideend|p1: Crimsonbacon38|Stealth Rock|[from] move: Rapid Spin|[of] p1a: Excadrill
|
|-weather|Sandstorm|[upkeep]
|-heal|p1a: Excadrill|89/100|[from] item: Leftovers
|-damage|p2a: Scizor|0 fnt|[from] brn
|faint|p2a: Scizor
|upkeep
|
|t:|1716566966
|switch|p2a: Mamoswine|Mamoswine, F|100/100
|-damage|p2a: Mamoswine|88/100|[from] Stealth Rock
|turn|18
|
|t:|1716566975
|move|p1a: Excadrill|Iron Head|p2a: Mamoswine
|-supereffective|p2a: Mamoswine
|-damage|p2a: Mamoswine|0 fnt
|faint|p2a: Mamoswine
|
|-weather|Sandstorm|[upkeep]
|-heal|p1a: Excadrill|96/100|[from] item: Leftovers
|upkeep
|
|t:|1716566982
|switch|p2a: Dragonite|Dragonite, M|100/100
|-damage|p2a: Dragonite|76/100|[from] Stealth Rock
|turn|19
|
|t:|1716566986
|move|p1a: Excadrill|Iron Head|p2a: Dragonite
|-damage|p2a: Dragonite|24/100
|move|p2a: Dragonite|Flamethrower|p1a: Excadrill
|-supereffective|p1a: Excadrill
|-damage|p1a: Excadrill|20/100
|-damage|p2a: Dragonite|14/100|[from] item: Life Orb
|
|-weather|Sandstorm|[upkeep]
|-damage|p2a: Dragonite|8/100|[from] Sandstorm
|-heal|p1a: Excadrill|26/100|[from] item: Leftovers
|upkeep
|turn|20
|
|t:|1716566989
|move|p2a: Dragonite|Extreme Speed|p1a: Excadrill
|-resisted|p1a: Excadrill
|-damage|p1a: Excadrill|2/100
|-damage|p2a: Dragonite|0 fnt|[from] item: Life Orb
|faint|p2a: Dragonite
|move|p1a: Excadrill|Iron Head|p2: Dragonite|[notarget]
|-fail|p1a: Excadrill
|
|-weather|Sandstorm|[upkeep]
|-heal|p1a: Excadrill|8/100|[from] item: Leftovers
|upkeep
|
|t:|1716566995
|switch|p2a: Magnezone|Magnezone|94/100
|-damage|p2a: Magnezone|88/100|[from] Stealth Rock
|turn|21
|
|t:|1716566998
|move|p2a: Magnezone|Flash Cannon|p1a: Excadrill
|-resisted|p1a: Excadrill
|-damage|p1a: Excadrill|0 fnt
|faint|p1a: Excadrill
|
|-weather|Sandstorm|[upkeep]
|upkeep
|
|t:|1716567011
|switch|p1a: Salamence|Salamence, M|100/100
|turn|22
|
|t:|1716567022
|switch|p2a: Latios|Latios, M, shiny|100/100
|-damage|p2a: Latios|88/100|[from] Stealth Rock
|move|p1a: Salamence|Fire Blast|p2a: Latios
|-resisted|p2a: Latios
|-crit|p2a: Latios
|-damage|p2a: Latios|36/100
|-damage|p1a: Salamence|91/100|[from] item: Life Orb
|
|-weather|Sandstorm|[upkeep]
|-damage|p2a: Latios|30/100|[from] Sandstorm
|-damage|p1a: Salamence|84/100|[from] Sandstorm
|upkeep
|turn|23
|
|t:|1716567027
|move|p2a: Latios|Draco Meteor|p1a: Salamence
|-supereffective|p1a: Salamence
|-damage|p1a: Salamence|0 fnt
|-unboost|p2a: Latios|spa|2
|faint|p1a: Salamence
|
|-weather|Sandstorm|[upkeep]
|-damage|p2a: Latios|24/100|[from] Sandstorm
|upkeep
|
|t:|1716567029
|switch|p1a: Mamoswine|Mamoswine, F|76/100
|turn|24
|
|t:|1716567043
|switch|p2a: Magnezone|Magnezone|88/100
|-damage|p2a: Magnezone|82/100|[from] Stealth Rock
|move|p1a: Mamoswine|Icicle Crash|p2a: Magnezone
|-resisted|p2a: Magnezone
|-damage|p2a: Magnezone|43/100
|
|-weather|Sandstorm|[upkeep]
|upkeep
|turn|25
|
|t:|1716567049
|move|p2a: Magnezone|Flash Cannon|p1a: Mamoswine
|-supereffective|p1a: Mamoswine
|-damage|p1a: Mamoswine|0 fnt
|faint|p1a: Mamoswine
|
|-weather|Sandstorm|[upkeep]
|upkeep
|
|t:|1716567051
|switch|p1a: Tyranitar|Tyranitar, M|100/100
|turn|26
|
|t:|1716567056
|move|p2a: Magnezone|Flash Cannon|p1a: Tyranitar
|-supereffective|p1a: Tyranitar
|-damage|p1a: Tyranitar|57/100
|move|p1a: Tyranitar|Superpower|p2a: Magnezone
|-supereffective|p2a: Magnezone
|-damage|p2a: Magnezone|0 fnt
|-unboost|p1a: Tyranitar|atk|1
|-unboost|p1a: Tyranitar|def|1
|faint|p2a: Magnezone
|
|-weather|Sandstorm|[upkeep]
|upkeep
|
|t:|1716567059
|switch|p2a: Latios|Latios, M, shiny|24/100
|-damage|p2a: Latios|12/100|[from] Stealth Rock
|turn|27
|
|t:|1716567063
|move|p2a: Latios|Draco Meteor|p1a: Tyranitar
|-damage|p1a: Tyranitar|23/100
|-unboost|p2a: Latios|spa|2
|move|p1a: Tyranitar|Pursuit|p2a: Latios
|-supereffective|p2a: Latios
|-damage|p2a: Latios|0 fnt
|faint|p2a: Latios
|
|win|Crimsonbacon38
|raw|Crimsonbacon38's rating: 1339 &rarr; <strong>1373</strong><br />(+34 for winning)
|raw|baishii's rating: 1652 &rarr; <strong>1618</strong><br />(-34 for losing)
|l|‽baishii
|player|p2|
|c|☆Crimsonbacon38|gg
