|j|☆chomp29
|j|☆nidiedi
|t:|1722352278
|gametype|singles
|player|p1|chomp29|lucas|1604
|player|p2|nidiedi|2|1425
|teamsize|p1|6
|teamsize|p2|6
|gen|5
|tier|[Gen 5] OU
|rated|
|rule|Species Clause: Limit one of each Pokémon
|rule|OHKO Clause: OHKO moves are banned
|rule|Moody Clause: Moody is banned
|rule|Evasion Items Clause: Evasion items are banned
|rule|Evasion Moves Clause: Evasion moves are banned
|rule|Endless Battle Clause: Forcing endless battles is banned
|rule|HP Percentage Mod: HP is shown in percentages
|rule|Evasion Abilities Clause: Evasion abilities are banned
|rule|Sleep Moves Clause: Sleep-inducing moves are banned
|rule|Swagger Clause: Swagger is banned
|rule|Baton Pass Stat Clause: No Baton Passer may have a way to boost its stats
|clearpoke
|poke|p1|Tyranitar, M|item
|poke|p1|Keldeo|item
|poke|p1|Ferrothorn, F|item
|poke|p1|Landorus-Therian, M|item
|poke|p1|Latios, M|item
|poke|p1|Alakazam, F|item
|poke|p2|Keldeo-Resolute|item
|poke|p2|Politoed, M|item
|poke|p2|Scizor, F|item
|poke|p2|Thundurus-Therian, M|item
|poke|p2|Ferrothorn, M|item
|poke|p2|Starmie|item
|teampreview
|inactive|Battle timer is ON: inactive players will automatically lose when time's up. (requested by nidiedi)
|j| ujhhh
|
|t:|1722352312
|start
|switch|p1a: Ferrothorn|Ferrothorn, F|100/100
|switch|p2a: From Mars|Scizor, F|100/100
|turn|1
|
|t:|1722352336
|move|p2a: From Mars|Superpower|p1a: Ferrothorn
|-supereffective|p1a: Ferrothorn
|-damage|p1a: Ferrothorn|9/100
|-unboost|p2a: From Mars|atk|1
|-unboost|p2a: From Mars|def|1
|-damage|p2a: From Mars|88/100|[from] ability: Iron Barbs|[of] p1a: Ferrothorn
|move|p1a: Ferrothorn|Knock Off|p2a: From Mars
|-resisted|p2a: From Mars
|-damage|p2a: From Mars|84/100
|-enditem|p2a: From Mars|Choice Band|[from] move: Knock Off|[of] p1a: Ferrothorn
|
|upkeep
|turn|2
|
|t:|1722352344
|switch|p1a: Landorus|Landorus-Therian, M|100/100
|-ability|p1a: Landorus|Intimidate|boost
|-unboost|p2a: From Mars|atk|1
|move|p2a: From Mars|U-turn|p1a: Landorus
|-resisted|p1a: Landorus
|-damage|p1a: Landorus|91/100
|
|t:|1722352349
|switch|p2a: Global Warming|Politoed, M|100/100|[from] U-turn
|-weather|RainDance|[from] ability: Drizzle|[of] p2a: Global Warming
|
|-weather|RainDance|[upkeep]
|-heal|p1a: Landorus|97/100|[from] item: Leftovers
|upkeep
|turn|3
|
|t:|1722352354
|move|p2a: Global Warming|Hydro Pump|p1a: Landorus
|-supereffective|p1a: Landorus
|-damage|p1a: Landorus|0 fnt
|faint|p1a: Landorus
|
|-weather|RainDance|[upkeep]
|upkeep
|
|t:|1722352365
|switch|p1a: Tyranitar|Tyranitar, M|100/100
|-weather|Sandstorm|[from] ability: Sand Stream|[of] p1a: Tyranitar
|turn|4
|
|t:|1722352377
|switch|p2a: Backbone|Ferrothorn, M|100/100
|move|p1a: Tyranitar|Thunder Wave|p2a: Backbone
|-status|p2a: Backbone|par
|
|-weather|Sandstorm|[upkeep]
|upkeep
|turn|5
|
|t:|1722352393
|move|p1a: Tyranitar|Fire Blast|p2a: Backbone
|-supereffective|p2a: Backbone
|-damage|p2a: Backbone|28/100 par
|move|p2a: Backbone|Gyro Ball|p1a: Tyranitar
|-supereffective|p1a: Tyranitar
|-damage|p1a: Tyranitar|25/100
|
|-weather|Sandstorm|[upkeep]
|-heal|p2a: Backbone|34/100 par|[from] item: Leftovers
|upkeep
|turn|6
|
|t:|1722352402
|switch|p2a: Global Warming|Politoed, M|100/100
|-weather|RainDance|[from] ability: Drizzle|[of] p2a: Global Warming
|move|p1a: Tyranitar|Crunch|p2a: Global Warming
|-damage|p2a: Global Warming|54/100
|
|-weather|RainDance|[upkeep]
|upkeep
|turn|7
|
|t:|1722352417
|switch|p1a: Ferrothorn|Ferrothorn, F|9/100
|move|p2a: Global Warming|Focus Blast|p1a: Ferrothorn
|-supereffective|p1a: Ferrothorn
|-damage|p1a: Ferrothorn|0 fnt
|faint|p1a: Ferrothorn
|
|-weather|RainDance|[upkeep]
|upkeep
|
|t:|1722352430
|switch|p1a: Tyranitar|Tyranitar, M|25/100
|-weather|Sandstorm|[from] ability: Sand Stream|[of] p1a: Tyranitar
|turn|8
|
|t:|1722352452
|switch|p2a: Unicorn|Keldeo-Resolute|100/100
|switch|p1a: Latios|Latios, M|100/100
|
|-weather|Sandstorm|[upkeep]
|-damage|p1a: Latios|95/100|[from] Sandstorm
|-damage|p2a: Unicorn|94/100|[from] Sandstorm
|upkeep
|turn|9
|
|t:|1722352462
|switch|p2a: Backbone|Ferrothorn, M|34/100 par
|move|p1a: Latios|Draco Meteor|p2a: Backbone
|-resisted|p2a: Backbone
|-damage|p2a: Backbone|10/100 par
|-unboost|p1a: Latios|spa|2
|
|-weather|Sandstorm|[upkeep]
|-damage|p1a: Latios|89/100|[from] Sandstorm
|-heal|p2a: Backbone|16/100 par|[from] item: Leftovers
|upkeep
|turn|10
|
|t:|1722352473
|switch|p1a: Keldeo|Keldeo|100/100
|move|p2a: Backbone|Gyro Ball|p1a: Keldeo
|-resisted|p1a: Keldeo
|-damage|p1a: Keldeo|74/100
|
|-weather|Sandstorm|[upkeep]
|-damage|p1a: Keldeo|68/100|[from] Sandstorm
|-heal|p1a: Keldeo|74/100|[from] item: Leftovers
|-heal|p2a: Backbone|22/100 par|[from] item: Leftovers
|upkeep
|turn|11
|
|t:|1722352492
|switch|p2a: To Sirius|Thundurus-Therian, M|100/100
|move|p1a: Keldeo|Secret Sword|p2a: To Sirius
|-resisted|p2a: To Sirius
|-damage|p2a: To Sirius|67/100
|
|-weather|Sandstorm|[upkeep]
|-damage|p1a: Keldeo|68/100|[from] Sandstorm
|-damage|p2a: To Sirius|61/100|[from] Sandstorm
|-heal|p1a: Keldeo|74/100|[from] item: Leftovers
|upkeep
|turn|12
|
|t:|1722352510
|move|p1a: Keldeo|Scald|p2a: To Sirius
|-damage|p2a: To Sirius|7/100
|move|p2a: To Sirius|Volt Switch|p1a: Keldeo
|-supereffective|p1a: Keldeo
|-damage|p1a: Keldeo|0 fnt
|faint|p1a: Keldeo
|j| ill lifestyle
|
|t:|1722352525
|switch|p2a: The Shooting Star|Starmie|100/100|[from] Volt Switch
|
|-weather|Sandstorm|[upkeep]
|-damage|p2a: The Shooting Star|94/100|[from] Sandstorm
|upkeep
|c| ill lifestyle|chomp smoke dis pack rq
|
|t:|1722352532
|switch|p1a: Alakazam|Alakazam, F|100/100
|turn|13
|
|t:|1722352543
|move|p2a: The Shooting Star|Surf|p1a: Alakazam
|-damage|p1a: Alakazam|32/100
|move|p1a: Alakazam|Signal Beam|p2a: The Shooting Star
|-supereffective|p2a: The Shooting Star
|-damage|p2a: The Shooting Star|0 fnt
|faint|p2a: The Shooting Star
|
|-weather|Sandstorm|[upkeep]
|upkeep
|c| ill lifestyle|lock in
|
|t:|1722352556
|switch|p2a: From Mars|Scizor, F|84/100
|turn|14
|-message|chomp29 forfeited.
|
|win|nidiedi
|raw|chomp29's rating: 1604 &rarr; <strong>1575</strong><br />(-29 for losing)
|raw|nidiedi's rating: 1425 &rarr; <strong>1454</strong><br />(+29 for winning)
|l|☆chomp29
|player|p1|
|l| ujhhh
|c| ill lifestyle|meri rain comp classic tbh
|l| ill lifestyle
