|j|☆jz's mom
|j|☆zaraki kenpaachi
|t:|1747081322
|gametype|singles
|player|p1|jz's mom|wallace|1285
|player|p2|zaraki kenpaachi|blackbelt-gen1|1323
|teamsize|p1|6
|teamsize|p2|6
|gen|5
|tier|[Gen 5] OU
|rated|
|rule|Species Clause: Limit one of each Pokémon
|rule|OHKO Clause: OHKO moves are banned
|rule|Moody Clause: Moody is banned
|rule|Evasion Items Clause: Evasion items are banned
|rule|Evasion Moves Clause: Evasion moves are banned
|rule|Endless Battle Clause: Forcing endless battles is banned
|rule|HP Percentage Mod: HP is shown in percentages
|rule|Evasion Abilities Clause: Evasion abilities are banned
|rule|Sleep Moves Clause: Sleep-inducing moves are banned
|rule|Swagger Clause: Swagger is banned
|rule|Baton Pass Stat Clause: No Baton Passer may have a way to boost its stats
|clearpoke
|poke|p1|Tyranitar, F|item
|poke|p1|Alakazam, M|item
|poke|p1|Latios, M|item
|poke|p1|Ferrothorn, M|item
|poke|p1|Keldeo|item
|poke|p1|Landorus-Therian, M|item
|poke|p2|Azelf|item
|poke|p2|Conkeldurr, F|item
|poke|p2|Cresselia, F|item
|poke|p2|Dragonite, M|item
|poke|p2|Excadrill, M|item
|poke|p2|Kyurem-Black|item
|teampreview
|inactive|Battle timer is ON: inactive players will automatically lose when time's up. (requested by jz's mom)
|
|t:|1747081336
|start
|switch|p1a: Tyranitar|Tyranitar, F|100/100
|switch|p2a: Azelf|Azelf, shiny|100/100
|-weather|Sandstorm|[from] ability: Sand Stream|[of] p1a: Tyranitar
|turn|1
|
|t:|1747081344
|move|p2a: Azelf|Stealth Rock|p1a: Tyranitar
|-sidestart|p1: jz's mom|move: Stealth Rock
|move|p1a: Tyranitar|Crunch|p2a: Azelf
|-supereffective|p2a: Azelf
|-enditem|p2a: Azelf|Colbur Berry|[eat]
|-enditem|p2a: Azelf|Colbur Berry|[weaken]
|-damage|p2a: Azelf|41/100
|
|-weather|Sandstorm|[upkeep]
|-damage|p2a: Azelf|35/100|[from] Sandstorm
|upkeep
|turn|2
|j| el janitor
|
|t:|1747081350
|move|p2a: Azelf|Thunder Wave|p1a: Tyranitar
|-status|p1a: Tyranitar|par
|cant|p1a: Tyranitar|par
|
|-weather|Sandstorm|[upkeep]
|-damage|p2a: Azelf|28/100|[from] Sandstorm
|upkeep
|turn|3
|
|t:|1747081355
|move|p2a: Azelf|Taunt|p1a: Tyranitar
|-start|p1a: Tyranitar|move: Taunt
|move|p1a: Tyranitar|Pursuit|p2a: Azelf
|-supereffective|p2a: Azelf
|-damage|p2a: Azelf|0 fnt
|faint|p2a: Azelf
|
|-weather|Sandstorm|[upkeep]
|upkeep
|
|t:|1747081360
|switch|p2a: Excadrill|Excadrill, M, shiny|100/100
|-ability|p2a: Excadrill|Mold Breaker
|turn|4
|
|t:|1747081366
|switch|p1a: Landorus|Landorus-Therian, M|100/100
|-damage|p1a: Landorus|88/100|[from] Stealth Rock
|-ability|p1a: Landorus|Intimidate|boost
|-unboost|p2a: Excadrill|atk|1
|move|p2a: Excadrill|Fling|p1a: Landorus
|-damage|p1a: Landorus|82/100
|-status|p1a: Landorus|par
|-enditem|p2a: Excadrill|Light Ball|[from] move: Fling
|
|-weather|Sandstorm|[upkeep]
|-heal|p1a: Landorus|88/100 par|[from] item: Leftovers
|upkeep
|turn|5
|
|t:|1747081380
|switch|p2a: doppiochilltop|Kyurem-Black, shiny|100/100
|-ability|p2a: doppiochilltop|Teravolt
|move|p1a: Landorus|Stealth Rock|p2a: doppiochilltop
|-sidestart|p2: zaraki kenpaachi|move: Stealth Rock
|
|-weather|Sandstorm|[upkeep]
|-damage|p2a: doppiochilltop|94/100|[from] Sandstorm
|-heal|p1a: Landorus|94/100 par|[from] item: Leftovers
|upkeep
|turn|6
|
|t:|1747081396
|switch|p1a: Keldeo|Keldeo|100/100
|-damage|p1a: Keldeo|94/100|[from] Stealth Rock
|move|p2a: doppiochilltop|Ice Beam|p1a: Keldeo
|-resisted|p1a: Keldeo
|-damage|p1a: Keldeo|73/100
|
|-weather|Sandstorm|[upkeep]
|-damage|p1a: Keldeo|67/100|[from] Sandstorm
|-damage|p2a: doppiochilltop|88/100|[from] Sandstorm
|-heal|p1a: Keldeo|73/100|[from] item: Leftovers
|upkeep
|turn|7
|
|t:|1747081404
|move|p1a: Keldeo|Secret Sword|p2a: doppiochilltop
|-supereffective|p2a: doppiochilltop
|-damage|p2a: doppiochilltop|19/100
|move|p2a: doppiochilltop|Fusion Bolt|p1a: Keldeo
|-supereffective|p1a: Keldeo
|-damage|p1a: Keldeo|0 fnt
|faint|p1a: Keldeo
|
|-weather|Sandstorm|[upkeep]
|-damage|p2a: doppiochilltop|13/100|[from] Sandstorm
|upkeep
|
|t:|1747081412
|switch|p1a: Alakazam|Alakazam, M|100/100
|turn|8
|
|t:|1747081418
|switch|p2a: Cresselia|Cresselia, F, shiny|100/100
|-damage|p2a: Cresselia|88/100|[from] Stealth Rock
|move|p1a: Alakazam|Psychic|p2a: Cresselia
|-resisted|p2a: Cresselia
|-damage|p2a: Cresselia|71/100
|
|-weather|Sandstorm|[upkeep]
|-damage|p2a: Cresselia|64/100|[from] Sandstorm
|upkeep
|turn|9
|
|t:|1747081423
|switch|p1a: Tyranitar|Tyranitar, F|100/100 par
|-damage|p1a: Tyranitar|88/100 par|[from] Stealth Rock
|move|p2a: Cresselia|Thunder Wave|p1a: Tyranitar
|-fail|p1a: Tyranitar|par
|
|-weather|Sandstorm|[upkeep]
|-damage|p2a: Cresselia|58/100|[from] Sandstorm
|upkeep
|turn|10
|
|t:|1747081429
|-activate|p2a: Cresselia|move: Pursuit
|move|p1a: Tyranitar|Pursuit|p2a: Cresselia|[from] Pursuit
|-supereffective|p2a: Cresselia
|-damage|p2a: Cresselia|13/100
|-damage|p1a: Tyranitar|71/100 par|[from] item: Rocky Helmet|[of] p2a: Cresselia
|switch|p2a: Excadrill|Excadrill, M, shiny|100/100
|-damage|p2a: Excadrill|97/100|[from] Stealth Rock
|-ability|p2a: Excadrill|Mold Breaker
|
|-weather|Sandstorm|[upkeep]
|upkeep
|turn|11
|
|t:|1747081435
|move|p2a: Excadrill|Rapid Spin|p1a: Tyranitar
|-resisted|p1a: Tyranitar
|-damage|p1a: Tyranitar|69/100 par
|-sideend|p2: zaraki kenpaachi|Stealth Rock|[from] move: Rapid Spin|[of] p2a: Excadrill
|move|p1a: Tyranitar|Flamethrower|p2a: Excadrill
|-supereffective|p2a: Excadrill
|-damage|p2a: Excadrill|55/100
|
|-weather|Sandstorm|[upkeep]
|upkeep
|turn|12
|
|t:|1747081447
|switch|p2a: doppiochilltop|Kyurem-Black, shiny|13/100
|-ability|p2a: doppiochilltop|Teravolt
|switch|p1a: Landorus|Landorus-Therian, M|94/100 par
|-damage|p1a: Landorus|82/100 par|[from] Stealth Rock
|-ability|p1a: Landorus|Intimidate|boost
|-unboost|p2a: doppiochilltop|atk|1
|
|-weather|Sandstorm|[upkeep]
|-damage|p2a: doppiochilltop|7/100|[from] Sandstorm
|-heal|p1a: Landorus|88/100 par|[from] item: Leftovers
|upkeep
|turn|13
|
|t:|1747081463
|switch|p1a: Tyranitar|Tyranitar, F|69/100 par
|-damage|p1a: Tyranitar|57/100 par|[from] Stealth Rock
|move|p2a: doppiochilltop|Roost|p2a: doppiochilltop
|-heal|p2a: doppiochilltop|57/100
|-singleturn|p2a: doppiochilltop|move: Roost
|
|-weather|Sandstorm|[upkeep]
|-damage|p2a: doppiochilltop|51/100|[from] Sandstorm
|upkeep
|turn|14
|c| el janitor|zaraki
|
|t:|1747081470
|move|p2a: doppiochilltop|Roost|p2a: doppiochilltop
|-heal|p2a: doppiochilltop|100/100
|-singleturn|p2a: doppiochilltop|move: Roost
|move|p1a: Tyranitar|Thunder Wave|p2a: doppiochilltop
|-status|p2a: doppiochilltop|par
|
|-weather|Sandstorm|[upkeep]
|-damage|p2a: doppiochilltop|94/100 par|[from] Sandstorm
|upkeep
|turn|15
|c| el janitor|why cress
|
|t:|1747081485
|switch|p2a: Excadrill|Excadrill, M, shiny|55/100
|-ability|p2a: Excadrill|Mold Breaker
|move|p1a: Tyranitar|Crunch|p2a: Excadrill
|-resisted|p2a: Excadrill
|-damage|p2a: Excadrill|33/100
|
|-weather|Sandstorm|[upkeep]
|upkeep
|turn|16
|
|t:|1747081492
|switch|p1a: Landorus|Landorus-Therian, M|88/100 par
|-damage|p1a: Landorus|76/100 par|[from] Stealth Rock
|-ability|p1a: Landorus|Intimidate|boost
|-unboost|p2a: Excadrill|atk|1
|move|p2a: Excadrill|Earthquake|p1a: Landorus
|-immune|p1a: Landorus
|
|-weather|Sandstorm|[upkeep]
|-heal|p1a: Landorus|82/100 par|[from] item: Leftovers
|upkeep
|turn|17
|
|t:|1747081509
|move|p2a: Excadrill|Rock Slide|p1a: Landorus
|-damage|p1a: Landorus|68/100 par
|move|p1a: Landorus|Stealth Rock|p2a: Excadrill
|-sidestart|p2: zaraki kenpaachi|move: Stealth Rock
|
|-weather|Sandstorm|[upkeep]
|-heal|p1a: Landorus|74/100 par|[from] item: Leftovers
|upkeep
|turn|18
|
|t:|1747081513
|move|p2a: Excadrill|Rapid Spin|p1a: Landorus
|-damage|p1a: Landorus|70/100 par
|-sideend|p2: zaraki kenpaachi|Stealth Rock|[from] move: Rapid Spin|[of] p2a: Excadrill
|cant|p1a: Landorus|par
|
|-weather|Sandstorm|[upkeep]
|-heal|p1a: Landorus|76/100 par|[from] item: Leftovers
|upkeep
|turn|19
|
|t:|1747081516
|move|p2a: Excadrill|Rock Slide|p1a: Landorus
|-damage|p1a: Landorus|63/100 par
|cant|p1a: Landorus|flinch
|
|-weather|Sandstorm|[upkeep]
|-heal|p1a: Landorus|69/100 par|[from] item: Leftovers
|upkeep
|turn|20
|
|t:|1747081520
|move|p2a: Excadrill|Rock Slide|p1a: Landorus
|-crit|p1a: Landorus
|-damage|p1a: Landorus|27/100 par
|move|p1a: Landorus|Earthquake|p2a: Excadrill
|-supereffective|p2a: Excadrill
|-damage|p2a: Excadrill|0 fnt
|faint|p2a: Excadrill
|
|-weather|Sandstorm|[upkeep]
|-heal|p1a: Landorus|33/100 par|[from] item: Leftovers
|upkeep
|
|t:|1747081527
|switch|p2a: Dragonite|Dragonite, M|100/100
|turn|21
|l| el janitor
|
|t:|1747081531
|move|p2a: Dragonite|Fire Punch|p1a: Landorus
|-damage|p1a: Landorus|0 fnt
|faint|p1a: Landorus
|
|-weather|Sandstorm|[upkeep]
|-damage|p2a: Dragonite|94/100|[from] Sandstorm
|upkeep
|
|t:|1747081541
|switch|p1a: Latios|Latios, M|100/100
|-damage|p1a: Latios|88/100|[from] Stealth Rock
|turn|22
|
|t:|1747081550
|switch|p2a: Cresselia|Cresselia, F, shiny|13/100
|move|p1a: Latios|Draco Meteor|p2a: Cresselia
|-damage|p2a: Cresselia|0 fnt
|-unboost|p1a: Latios|spa|2
|faint|p2a: Cresselia
|
|-weather|Sandstorm|[upkeep]
|-damage|p1a: Latios|82/100|[from] Sandstorm
|upkeep
|j| el janitor
|
|t:|1747081555
|switch|p2a: Conkeldurr|Conkeldurr, F, shiny|100/100
|turn|23
|
|t:|1747081560
|switch|p1a: Ferrothorn|Ferrothorn, M|100/100
|-damage|p1a: Ferrothorn|95/100|[from] Stealth Rock
|move|p2a: Conkeldurr|Payback|p1a: Ferrothorn
|-resisted|p1a: Ferrothorn
|-damage|p1a: Ferrothorn|89/100
|-damage|p2a: Conkeldurr|88/100|[from] ability: Iron Barbs|[of] p1a: Ferrothorn
|
|-weather|Sandstorm|[upkeep]
|-damage|p2a: Conkeldurr|82/100|[from] Sandstorm
|-heal|p2a: Conkeldurr|88/100|[from] item: Leftovers
|upkeep
|turn|24
|
|t:|1747081571
|move|p2a: Conkeldurr|Bulk Up|p2a: Conkeldurr
|-boost|p2a: Conkeldurr|atk|1
|-boost|p2a: Conkeldurr|def|1
|move|p1a: Ferrothorn|Power Whip|p2a: Conkeldurr
|-damage|p2a: Conkeldurr|65/100
|
|-weather|Sandstorm|[upkeep]
|-damage|p2a: Conkeldurr|59/100|[from] Sandstorm
|-heal|p2a: Conkeldurr|65/100|[from] item: Leftovers
|upkeep
|turn|25
|
|t:|1747081574
|move|p2a: Conkeldurr|Drain Punch|p1a: Ferrothorn
|-supereffective|p1a: Ferrothorn
|-damage|p1a: Ferrothorn|21/100
|-heal|p2a: Conkeldurr|94/100|[from] drain|[of] p1a: Ferrothorn
|-damage|p2a: Conkeldurr|81/100|[from] ability: Iron Barbs|[of] p1a: Ferrothorn
|move|p1a: Ferrothorn|Knock Off|p2a: Conkeldurr
|-resisted|p2a: Conkeldurr
|-damage|p2a: Conkeldurr|80/100
|-enditem|p2a: Conkeldurr|Leftovers|[from] move: Knock Off|[of] p1a: Ferrothorn
|
|-weather|Sandstorm|[upkeep]
|-damage|p2a: Conkeldurr|74/100|[from] Sandstorm
|upkeep
|turn|26
|
|t:|1747081579
|move|p2a: Conkeldurr|Drain Punch|p1a: Ferrothorn
|-supereffective|p1a: Ferrothorn
|-damage|p1a: Ferrothorn|0 fnt
|-heal|p2a: Conkeldurr|83/100|[from] drain|[of] p1a: Ferrothorn
|-damage|p2a: Conkeldurr|70/100|[from] ability: Iron Barbs|[of] p1a: Ferrothorn
|faint|p1a: Ferrothorn
|
|-weather|Sandstorm|[upkeep]
|-damage|p2a: Conkeldurr|64/100|[from] Sandstorm
|upkeep
|
|t:|1747081582
|switch|p1a: Alakazam|Alakazam, M|100/100
|turn|27
|
|t:|1747081598
|move|p2a: Conkeldurr|Mach Punch|p1a: Alakazam
|-resisted|p1a: Alakazam
|-damage|p1a: Alakazam|69/100
|move|p1a: Alakazam|Psychic|p2a: Conkeldurr
|-supereffective|p2a: Conkeldurr
|-damage|p2a: Conkeldurr|0 fnt
|faint|p2a: Conkeldurr
|
|-weather|Sandstorm|[upkeep]
|upkeep
|
|t:|1747081603
|switch|p2a: Dragonite|Dragonite, M|94/100
|turn|28
|
|t:|1747081608
|move|p2a: Dragonite|Extreme Speed|p1a: Alakazam
|-damage|p1a: Alakazam|0 fnt
|faint|p1a: Alakazam
|
|-weather|Sandstorm|[upkeep]
|-damage|p2a: Dragonite|88/100|[from] Sandstorm
|upkeep
|
|t:|1747081610
|switch|p1a: Latios|Latios, M|82/100
|-damage|p1a: Latios|70/100|[from] Stealth Rock
|turn|29
|
|t:|1747081634
|switch|p2a: doppiochilltop|Kyurem-Black, shiny|94/100 par
|-ability|p2a: doppiochilltop|Teravolt
|move|p1a: Latios|Draco Meteor|p2a: doppiochilltop
|-supereffective|p2a: doppiochilltop
|-enditem|p2a: doppiochilltop|Haban Berry|[eat]
|-enditem|p2a: doppiochilltop|Haban Berry|[weaken]
|-damage|p2a: doppiochilltop|52/100 par
|-unboost|p1a: Latios|spa|2
|
|-weather|Sandstorm|[upkeep]
|-damage|p1a: Latios|64/100|[from] Sandstorm
|-damage|p2a: doppiochilltop|46/100 par|[from] Sandstorm
|upkeep
|turn|30
|
|t:|1747081641
|move|p1a: Latios|Draco Meteor|p2a: doppiochilltop
|-supereffective|p2a: doppiochilltop
|-damage|p2a: doppiochilltop|0 fnt
|-unboost|p1a: Latios|spa|2
|faint|p2a: doppiochilltop
|
|-weather|Sandstorm|[upkeep]
|-damage|p1a: Latios|58/100|[from] Sandstorm
|upkeep
|
|t:|1747081644
|switch|p2a: Dragonite|Dragonite, M|88/100
|turn|31
|
|t:|1747081648
|switch|p1a: Tyranitar|Tyranitar, F|57/100 par
|-damage|p1a: Tyranitar|44/100 par|[from] Stealth Rock
|move|p2a: Dragonite|Extreme Speed|p1a: Tyranitar
|-resisted|p1a: Tyranitar
|-damage|p1a: Tyranitar|27/100 par
|
|-weather|Sandstorm|[upkeep]
|-damage|p2a: Dragonite|82/100|[from] Sandstorm
|upkeep
|turn|32
|
|t:|1747081651
|move|p2a: Dragonite|Extreme Speed|p1a: Tyranitar
|-resisted|p1a: Tyranitar
|-damage|p1a: Tyranitar|9/100 par
|move|p1a: Tyranitar|Thunder Wave|p2a: Dragonite
|-status|p2a: Dragonite|par
|
|-weather|Sandstorm|[upkeep]
|-damage|p2a: Dragonite|76/100 par|[from] Sandstorm
|upkeep
|turn|33
|c| el janitor|your techs are so peculiar
|
|t:|1747081655
|move|p2a: Dragonite|Extreme Speed|p1a: Tyranitar
|-resisted|p1a: Tyranitar
|-damage|p1a: Tyranitar|0 fnt
|faint|p1a: Tyranitar
|
|-weather|Sandstorm|[upkeep]
|-damage|p2a: Dragonite|70/100 par|[from] Sandstorm
|upkeep
|
|t:|1747081658
|switch|p1a: Latios|Latios, M|58/100
|-damage|p1a: Latios|46/100|[from] Stealth Rock
|turn|34
|
|t:|1747081660
|cant|p2a: Dragonite|par
|move|p1a: Latios|Draco Meteor|p2a: Dragonite
|-supereffective|p2a: Dragonite
|-damage|p2a: Dragonite|0 fnt
|-unboost|p1a: Latios|spa|2
|faint|p2a: Dragonite
|
|win|jz's mom
|raw|jz&apos;s mom's rating: 1285 &rarr; <strong>1313</strong><br />(+28 for winning)
|raw|zaraki kenpaachi's rating: 1323 &rarr; <strong>1301</strong><br />(-22 for losing)
|c|☆zaraki kenpaachi|lol
|l|☆jz's mom
|player|p1|
|c|☆zaraki kenpaachi|no way
|c|☆zaraki kenpaachi|i'm losing
|c|☆zaraki kenpaachi|like this
|c|☆zaraki kenpaachi|lol
