|j|☆daddy_days2
|j|☆yaksoo
|t:|1739620741
|gametype|singles
|player|p1|daddy_days2|hugh|1399
|player|p2|yaksoo|shauntal|1469
|teamsize|p1|6
|teamsize|p2|6
|gen|5
|tier|[Gen 5] OU
|rated|
|rule|Species Clause: Limit one of each Pokémon
|rule|OHKO Clause: OHKO moves are banned
|rule|Moody Clause: Moody is banned
|rule|Evasion Items Clause: Evasion items are banned
|rule|Evasion Moves Clause: Evasion moves are banned
|rule|Endless Battle Clause: Forcing endless battles is banned
|rule|HP Percentage Mod: HP is shown in percentages
|rule|Evasion Abilities Clause: Evasion abilities are banned
|rule|Sleep Moves Clause: Sleep-inducing moves are banned
|rule|Swagger Clause: Swagger is banned
|rule|Baton Pass Stat Clause: No Baton Passer may have a way to boost its stats
|clearpoke
|poke|p1|Kyurem-Black|item
|poke|p1|Garchomp, M|item
|poke|p1|Conkeldurr, F|item
|poke|p1|Starmie|item
|poke|p1|Bisharp, M|item
|poke|p1|Scyther, M|item
|poke|p2|Keldeo|item
|poke|p2|Politoed, F|item
|poke|p2|Excadrill, M|item
|poke|p2|Conkeldurr, M|item
|poke|p2|Toxicroak, F|item
|poke|p2|Alakazam, M|item
|teampreview
|inactive|Battle timer is ON: inactive players will automatically lose when time's up. (requested by yaksoo)
|
|t:|1739620756
|start
|switch|p1a: Insane Dwayne|Kyurem-Black|100/100
|switch|p2a: Alakazam|Alakazam, M|100/100
|-ability|p1a: Insane Dwayne|Teravolt
|turn|1
|
|t:|1739620766
|switch|p1a: Blade|Scyther, M|100/100
|move|p2a: Alakazam|Focus Blast|p1a: Blade
|-resisted|p1a: Blade
|-damage|p1a: Blade|85/100
|
|upkeep
|turn|2
|
|t:|1739620780
|move|p1a: Blade|Pursuit|p2a: Alakazam
|-supereffective|p2a: Alakazam
|-crit|p2a: Alakazam
|-enditem|p2a: Alakazam|Focus Sash
|-damage|p2a: Alakazam|1/100
|move|p2a: Alakazam|Psychic|p1a: Blade
|-damage|p1a: Blade|9/100
|
|upkeep
|turn|3
|
|t:|1739620789
|move|p1a: Blade|Pursuit|p2a: Alakazam
|-supereffective|p2a: Alakazam
|-damage|p2a: Alakazam|0 fnt
|faint|p2a: Alakazam
|
|upkeep
|
|t:|1739620804
|switch|p2a: Conkeldurr|Conkeldurr, M|100/100
|turn|4
|
|t:|1739620810
|switch|p1a: Painkiller|Garchomp, M|100/100
|move|p2a: Conkeldurr|Ice Punch|p1a: Painkiller
|-supereffective|p1a: Painkiller
|-damage|p1a: Painkiller|0 fnt
|-damage|p2a: Conkeldurr|88/100|[from] ability: Rough Skin|[of] p1a: Painkiller
|-damage|p2a: Conkeldurr|72/100|[from] item: Rocky Helmet|[of] p1a: Painkiller
|faint|p1a: Painkiller
|
|upkeep
|
|t:|1739620823
|switch|p1a: Shrekster|Conkeldurr, F|100/100
|turn|5
|
|t:|1739620829
|switch|p2a: Politoed|Politoed, F|100/100
|-weather|RainDance|[from] ability: Drizzle|[of] p2a: Politoed
|move|p1a: Shrekster|Drain Punch|p2a: Politoed
|-damage|p2a: Politoed|33/100
|
|-weather|RainDance|[upkeep]
|upkeep
|turn|6
|
|t:|1739620838
|move|p1a: Shrekster|Mach Punch|p2a: Politoed
|-damage|p2a: Politoed|0 fnt
|faint|p2a: Politoed
|
|-weather|RainDance|[upkeep]
|upkeep
|
|t:|1739620845
|switch|p2a: Keldeo|Keldeo|100/100
|turn|7
|
|t:|1739620855
|switch|p1a: Adolf|Bisharp, M|100/100
|-item|p1a: Adolf|Air Balloon
|move|p2a: Keldeo|Scald|p1a: Adolf
|-damage|p1a: Adolf|0 fnt
|-enditem|p1a: Adolf|Air Balloon
|faint|p1a: Adolf
|
|-weather|RainDance|[upkeep]
|upkeep
|
|t:|1739620866
|switch|p1a: Blade|Scyther, M|9/100
|turn|8
|
|t:|1739620871
|move|p1a: Blade|Aerial Ace|p2a: Keldeo
|-supereffective|p2a: Keldeo
|-damage|p2a: Keldeo|0 fnt
|faint|p2a: Keldeo
|
|-weather|RainDance|[upkeep]
|upkeep
|
|t:|1739620887
|switch|p2a: Conkeldurr|Conkeldurr, M|72/100
|turn|9
|
|t:|1739620895
|switch|p1a: Starlight|Starmie|100/100
|move|p2a: Conkeldurr|Thunder Punch|p1a: Starlight
|-supereffective|p1a: Starlight
|-damage|p1a: Starlight|0 fnt
|faint|p1a: Starlight
|
|-weather|RainDance|[upkeep]
|upkeep
|
|t:|1739620905
|switch|p1a: Shrekster|Conkeldurr, F|100/100
|turn|10
|
|t:|1739620917
|move|p2a: Conkeldurr|Drain Punch|p1a: Shrekster
|-damage|p1a: Shrekster|57/100
|-heal|p2a: Conkeldurr|92/100|[from] drain|[of] p1a: Shrekster
|-damage|p2a: Conkeldurr|82/100|[from] item: Life Orb
|move|p1a: Shrekster|Drain Punch|p2a: Conkeldurr
|-damage|p2a: Conkeldurr|35/100
|-heal|p1a: Shrekster|82/100|[from] drain|[of] p2a: Conkeldurr
|
|-weather|RainDance|[upkeep]
|-heal|p1a: Shrekster|89/100|[from] item: Leftovers
|upkeep
|turn|11
|
|t:|1739620935
|switch|p2a: Toxicroak|Toxicroak, F|100/100
|-item|p2a: Toxicroak|Air Balloon
|move|p1a: Shrekster|Drain Punch|p2a: Toxicroak
|-resisted|p2a: Toxicroak
|-damage|p2a: Toxicroak|60/100
|-heal|p1a: Shrekster|100/100|[from] drain|[of] p2a: Toxicroak
|-enditem|p2a: Toxicroak|Air Balloon
|
|-weather|RainDance|[upkeep]
|-heal|p2a: Toxicroak|73/100|[from] ability: Dry Skin
|upkeep
|turn|12
|
|t:|1739620952
|switch|p1a: Insane Dwayne|Kyurem-Black|100/100
|-ability|p1a: Insane Dwayne|Teravolt
|move|p2a: Toxicroak|Swords Dance|p2a: Toxicroak
|-boost|p2a: Toxicroak|atk|2
|
|-weather|RainDance|[upkeep]
|-heal|p2a: Toxicroak|85/100|[from] ability: Dry Skin
|upkeep
|turn|13
|
|t:|1739620965
|move|p2a: Toxicroak|Sucker Punch|p1a: Insane Dwayne
|-crit|p1a: Insane Dwayne
|-damage|p1a: Insane Dwayne|10/100
|move|p1a: Insane Dwayne|Dragon Claw|p2a: Toxicroak
|-damage|p2a: Toxicroak|0 fnt
|faint|p2a: Toxicroak
|
|-weather|RainDance|[upkeep]
|upkeep
|
|t:|1739620979
|switch|p2a: Excadrill|Excadrill, M|100/100
|-ability|p2a: Excadrill|Mold Breaker
|turn|14
|
|t:|1739620988
|move|p1a: Insane Dwayne|Dragon Claw|p2a: Excadrill
|-resisted|p2a: Excadrill
|-damage|p2a: Excadrill|44/100
|move|p2a: Excadrill|Toxic|p1a: Insane Dwayne
|-status|p1a: Insane Dwayne|tox
|
|-weather|RainDance|[upkeep]
|-heal|p2a: Excadrill|50/100|[from] item: Leftovers
|-damage|p1a: Insane Dwayne|4/100 tox|[from] psn
|upkeep
|turn|15
|
|t:|1739620999
|move|p2a: Excadrill|Protect|p2a: Excadrill
|-singleturn|p2a: Excadrill|Protect
|move|p1a: Insane Dwayne|Dragon Claw|p2a: Excadrill
|-activate|p2a: Excadrill|move: Protect
|
|-weather|RainDance|[upkeep]
|-heal|p2a: Excadrill|56/100|[from] item: Leftovers
|-damage|p1a: Insane Dwayne|0 fnt|[from] psn
|faint|p1a: Insane Dwayne
|upkeep
|
|t:|1739621010
|switch|p1a: Shrekster|Conkeldurr, F|100/100
|turn|16
|
|t:|1739621015
|move|p1a: Shrekster|Mach Punch|p2a: Excadrill
|-supereffective|p2a: Excadrill
|-damage|p2a: Excadrill|0 fnt
|faint|p2a: Excadrill
|
|-weather|RainDance|[upkeep]
|upkeep
|
|t:|1739621017
|switch|p2a: Conkeldurr|Conkeldurr, M|35/100
|turn|17
|
|t:|1739621023
|move|p2a: Conkeldurr|Drain Punch|p1a: Shrekster
|-damage|p1a: Shrekster|55/100
|-heal|p2a: Conkeldurr|56/100|[from] drain|[of] p1a: Shrekster
|-damage|p2a: Conkeldurr|46/100|[from] item: Life Orb
|move|p1a: Shrekster|Drain Punch|p2a: Conkeldurr
|-damage|p2a: Conkeldurr|0 fnt
|-heal|p1a: Shrekster|80/100|[from] drain|[of] p2a: Conkeldurr
|faint|p2a: Conkeldurr
|
|win|daddy_days2
|raw|daddy_days2's rating: 1399 &rarr; <strong>1423</strong><br />(+24 for winning)
|raw|yaksoo's rating: 1469 &rarr; <strong>1445</strong><br />(-24 for losing)
|l|☆yaksoo
|player|p2|
|c|☆daddy_days2|gg
