|j|☆torinoko city
|j|☆sixsevn
|t:|1702078808
|gametype|singles
|player|p1|torinoko city|arezu|1401
|player|p2|sixsevn|burglar|1444
|teamsize|p1|6
|teamsize|p2|6
|gen|5
|tier|[Gen 5] OU
|rated|
|rule|Species Clause: Limit one of each Pokémon
|rule|OHKO Clause: OHKO moves are banned
|rule|Moody Clause: Moody is banned
|rule|Evasion Items Clause: Evasion items are banned
|rule|Evasion Moves Clause: Evasion moves are banned
|rule|Endless Battle Clause: Forcing endless battles is banned
|rule|HP Percentage Mod: HP is shown in percentages
|rule|Evasion Abilities Clause: Evasion abilities are banned
|rule|Sleep Moves Clause: Sleep-inducing moves are banned
|rule|Swagger Clause: Swagger is banned
|rule|Baton Pass Stat Clause: No Baton Passer may have a way to boost its stats
|clearpoke
|poke|p1|Politoed, M|item
|poke|p1|Ferrothorn, M|item
|poke|p1|Starmie|item
|poke|p1|Latios, M|item
|poke|p1|Thundurus-Therian, M|item
|poke|p1|Garchomp, M|item
|poke|p2|Azelf|item
|poke|p2|Celebi|item
|poke|p2|Heatran, F|item
|poke|p2|Excadrill, F|item
|poke|p2|Zapdos|item
|poke|p2|Breloom, M|item
|teampreview
|inactive|Battle timer is ON: inactive players will automatically lose when time's up. (requested by sixsevn)
|inactive|torinoko city also wants the timer to be on.
|
|t:|1702078819
|start
|switch|p1a: mr chomps|Garchomp, M|100/100
|switch|p2a: Breloom|Breloom, M|100/100
|turn|1
|
|t:|1702078829
|switch|p2a: Heatran|Heatran, F|100/100
|move|p1a: mr chomps|Outrage|p2a: Heatran
|-resisted|p2a: Heatran
|-damage|p2a: Heatran|76/100
|
|-heal|p2a: Heatran|83/100|[from] item: Leftovers
|upkeep
|turn|2
|
|t:|1702078836
|move|p1a: mr chomps|Outrage|p2a: Heatran|[from]lockedmove
|-resisted|p2a: Heatran
|-damage|p2a: Heatran|55/100
|move|p2a: Heatran|Toxic|p1a: mr chomps
|-status|p1a: mr chomps|tox
|
|-heal|p2a: Heatran|62/100|[from] item: Leftovers
|-damage|p1a: mr chomps|94/100 tox|[from] psn
|upkeep
|turn|3
|
|t:|1702078839
|move|p1a: mr chomps|Outrage|p2a: Heatran|[from]lockedmove
|-resisted|p2a: Heatran
|-damage|p2a: Heatran|35/100
|-start|p1a: mr chomps|confusion|[fatigue]
|move|p2a: Heatran|Magma Storm|p1a: mr chomps
|-resisted|p1a: mr chomps
|-damage|p1a: mr chomps|64/100 tox
|-activate|p1a: mr chomps|move: Magma Storm|[of] p2a: Heatran
|
|-heal|p2a: Heatran|42/100|[from] item: Leftovers
|-damage|p1a: mr chomps|51/100 tox|[from] psn
|-damage|p1a: mr chomps|45/100 tox|[from] move: Magma Storm|[partiallytrapped]
|upkeep
|turn|4
|
|t:|1702078843
|move|p2a: Heatran|Protect|p2a: Heatran
|-singleturn|p2a: Heatran|Protect
|-activate|p1a: mr chomps|confusion
|move|p1a: mr chomps|Earthquake|p2a: Heatran
|-activate|p2a: Heatran|move: Protect
|
|-heal|p2a: Heatran|48/100|[from] item: Leftovers
|-damage|p1a: mr chomps|27/100 tox|[from] psn
|-damage|p1a: mr chomps|21/100 tox|[from] move: Magma Storm|[partiallytrapped]
|upkeep
|turn|5
|
|t:|1702078859
|move|p2a: Heatran|Protect||[still]
|-fail|p2a: Heatran
|-activate|p1a: mr chomps|confusion
|move|p1a: mr chomps|Outrage|p2a: Heatran
|-resisted|p2a: Heatran
|-damage|p2a: Heatran|19/100
|
|-heal|p2a: Heatran|26/100|[from] item: Leftovers
|-damage|p1a: mr chomps|0 fnt|[from] psn
|faint|p1a: mr chomps
|upkeep
|
|t:|1702078864
|switch|p1a: Politoed|Politoed, M|100/100
|-weather|RainDance|[from] ability: Drizzle|[of] p1a: Politoed
|turn|6
|
|t:|1702078867
|move|p2a: Heatran|Protect|p2a: Heatran
|-singleturn|p2a: Heatran|Protect
|move|p1a: Politoed|Scald|p2a: Heatran
|-activate|p2a: Heatran|move: Protect
|
|-weather|RainDance|[upkeep]
|-heal|p2a: Heatran|32/100|[from] item: Leftovers
|upkeep
|turn|7
|
|t:|1702078873
|switch|p2a: Celebi|Celebi|100/100
|switch|p1a: Latios|Latios, M|100/100
|
|-weather|RainDance|[upkeep]
|upkeep
|turn|8
|
|t:|1702078878
|move|p1a: Latios|Trick|p2a: Celebi
|-activate|p1a: Latios|move: Trick|[of] p2a: Celebi
|-item|p2a: Celebi|Choice Scarf|[from] move: Trick
|-item|p1a: Latios|Leftovers|[from] move: Trick
|move|p2a: Celebi|U-turn|p1a: Latios
|-supereffective|p1a: Latios
|-damage|p1a: Latios|64/100
|
|t:|1702078880
|switch|p2a: Azelf|Azelf|100/100|[from] U-turn
|
|-weather|RainDance|[upkeep]
|-heal|p1a: Latios|70/100|[from] item: Leftovers
|upkeep
|turn|9
|
|t:|1702078884
|switch|p1a: Ferrothorn|Ferrothorn, M|100/100
|move|p2a: Azelf|U-turn|p1a: Ferrothorn
|-damage|p1a: Ferrothorn|84/100
|-damage|p2a: Azelf|88/100|[from] ability: Iron Barbs|[of] p1a: Ferrothorn
|
|t:|1702078887
|switch|p2a: Breloom|Breloom, M|100/100|[from] U-turn
|
|-weather|RainDance|[upkeep]
|-heal|p1a: Ferrothorn|90/100|[from] item: Leftovers
|upkeep
|turn|10
|
|t:|1702078890
|switch|p1a: Thundurus|Thundurus-Therian, M|100/100
|move|p2a: Breloom|Superpower|p1a: Thundurus
|-resisted|p1a: Thundurus
|-damage|p1a: Thundurus|19/100
|-unboost|p2a: Breloom|atk|1
|-unboost|p2a: Breloom|def|1
|
|-weather|RainDance|[upkeep]
|-heal|p1a: Thundurus|25/100|[from] item: Leftovers
|upkeep
|turn|11
|
|t:|1702078896
|switch|p2a: Celebi|Celebi|100/100
|move|p1a: Thundurus|Hidden Power|p2a: Celebi
|-supereffective|p2a: Celebi
|-damage|p2a: Celebi|70/100
|
|-weather|RainDance|[upkeep]
|-heal|p1a: Thundurus|31/100|[from] item: Leftovers
|upkeep
|turn|12
|
|t:|1702078903
|move|p2a: Celebi|Psychic|p1a: Thundurus
|-damage|p1a: Thundurus|0 fnt
|faint|p1a: Thundurus
|
|-weather|RainDance|[upkeep]
|upkeep
|l|☆torinoko city
|inactive|torinoko city disconnected and has a minute to reconnect!
|player|p1|
|c|☆sixsevn|late game scarf sweep
|c|☆sixsevn|lol
|inactive|torinoko city has 30 seconds to reconnect!
|inactive|torinoko city has 20 seconds to reconnect!
|inactive|torinoko city has 15 seconds to reconnect!
|inactive|torinoko city has 10 seconds to reconnect!
|inactive|torinoko city has 5 seconds to reconnect!
|-message|torinoko city lost due to inactivity.
|
|win|sixsevn
|raw|torinoko city's rating: 1401 &rarr; <strong>1383</strong><br />(-18 for losing)
|raw|sixsevn's rating: 1444 &rarr; <strong>1462</strong><br />(+18 for winning)
|c|☆sixsevn|gg
