|j|☆starmaster
|j|☆Aq0us
|player|p1|starmaster|265
|player|p2|Aq0us|293
|teamsize|p1|6
|teamsize|p2|6
|gametype|singles
|gen|5
|tier|[Gen 5] OU
|rated|
|rule|Sleep Clause Mod: Limit one foe put to sleep
|rule|Species Clause: Limit one of each Pokémon
|rule|OHKO Clause: OHKO moves are banned
|rule|Moody Clause: Moody is banned
|rule|Evasion Moves Clause: Evasion moves are banned
|rule|Endless Battle Clause: Forcing endless battles is banned
|rule|HP Percentage Mod: HP is shown in percentages
|rule|Evasion Abilities Clause: Evasion abilities are banned
|rule|Baton Pass Clause: Limit one Baton Passer, can't pass Spe and other stats simultaneously
|rule|Swagger Clause: Swagger is banned
|clearpoke
|poke|p1|Hippowdon, F|item
|poke|p1|Ferrothorn, M|item
|poke|p1|Latios, M|item
|poke|p1|Gengar, F|item
|poke|p1|Rotom-Wash|item
|poke|p1|Excadrill, F|item
|poke|p2|Alakazam, M|item
|poke|p2|Ferrothorn, F|item
|poke|p2|Politoed, F|item
|poke|p2|Thundurus-Therian, M|item
|poke|p2|Keldeo-Resolute|item
|poke|p2|Tentacruel, M|item
|teampreview
|inactive|Battle timer is ON: inactive players will automatically lose when time's up. (requested by starmaster)
|
|start
|switch|p1a: Rotom|Rotom-Wash, shiny|277/277
|switch|p2a: Ferrothorn|Ferrothorn, F|352/352
|turn|1
|
|switch|p2a: Politoed|Politoed, F|321/321
|-weather|RainDance|[from] ability: Drizzle|[of] p2a: Politoed
|move|p1a: Rotom|Trick|p2a: Politoed
|-activate|p1a: Rotom|move: Trick|[of] p2a: Politoed
|-item|p2a: Politoed|Choice Scarf|[from] move: Trick
|-item|p1a: Rotom|Choice Scarf|[from] move: Trick
|
|-weather|RainDance|[upkeep]
|upkeep
|turn|2
|
|switch|p2a: Ferrothorn|Ferrothorn, F|352/352
|move|p1a: Rotom|Volt Switch|p2a: Ferrothorn
|-resisted|p2a: Ferrothorn
|-damage|p2a: Ferrothorn|310/352
|
|switch|p1a: Gengar|Gengar, F, shiny|279/279
|
|-weather|RainDance|[upkeep]
|-heal|p2a: Ferrothorn|332/352|[from] item: Leftovers
|upkeep
|turn|3
|
|move|p1a: Gengar|Will-O-Wisp|p2a: Ferrothorn
|-status|p2a: Ferrothorn|brn
|move|p2a: Ferrothorn|Gyro Ball|p1a: Gengar
|-damage|p1a: Gengar|151/279
|
|-weather|RainDance|[upkeep]
|-heal|p1a: Gengar|168/279|[from] item: Black Sludge
|-heal|p2a: Ferrothorn|352/352 brn|[from] item: Leftovers
|-damage|p2a: Ferrothorn|308/352 brn|[from] brn
|upkeep
|turn|4
|j| cov
|
|move|p1a: Gengar|Focus Blast|p2a: Ferrothorn
|-supereffective|p2a: Ferrothorn
|-damage|p2a: Ferrothorn|104/352 brn
|move|p2a: Ferrothorn|Stealth Rock|p1a: Gengar
|-sidestart|p1: starmaster|move: Stealth Rock
|
|-weather|RainDance|[upkeep]
|-heal|p1a: Gengar|185/279|[from] item: Black Sludge
|-heal|p2a: Ferrothorn|126/352 brn|[from] item: Leftovers
|-damage|p2a: Ferrothorn|82/352 brn|[from] brn
|upkeep
|turn|5
|
|move|p1a: Gengar|Focus Blast|p2a: Ferrothorn
|-supereffective|p2a: Ferrothorn
|-damage|p2a: Ferrothorn|0 fnt
|faint|p2a: Ferrothorn
|
|-weather|RainDance|[upkeep]
|-heal|p1a: Gengar|202/279|[from] item: Black Sludge
|upkeep
|
|switch|p2a: Alakazam|Alakazam, M, shiny|251/251
|turn|6
|c|☆Aq0us|!weak gengar
|html|<div class="infobox">Gengar (ignoring abilities):<br /><span class="message-effect-weak">Weaknesses</span>: Ghost, Dark, Ground, Psychic<br /><span class="message-effect-resist">Resistances</span>: Grass, <b>Bug</b>, <b>Poison</b><br /><span class="message-effect-immune">Immunities</span>: Fighting, Normal</div>
|
|move|p1a: Gengar|Protect|p1a: Gengar
|-singleturn|p1a: Gengar|Protect
|move|p2a: Alakazam|Psychic|p1a: Gengar
|-activate|p1a: Gengar|move: Protect
|
|-weather|RainDance|[upkeep]
|-heal|p1a: Gengar|219/279|[from] item: Black Sludge
|upkeep
|turn|7
|
|switch|p1a: Hippowdon|Hippowdon, F|420/420
|-damage|p1a: Hippowdon|394/420|[from] Stealth Rock
|-weather|Sandstorm|[from] ability: Sand Stream|[of] p1a: Hippowdon
|move|p2a: Alakazam|Psychic|p1a: Hippowdon
|-damage|p1a: Hippowdon|232/420
|
|-weather|Sandstorm|[upkeep]
|-heal|p1a: Hippowdon|258/420|[from] item: Leftovers
|upkeep
|turn|8
|
|switch|p2a: Politoed|Politoed, F|321/321
|-weather|RainDance|[from] ability: Drizzle|[of] p2a: Politoed
|move|p1a: Hippowdon|Slack Off|p1a: Hippowdon
|-heal|p1a: Hippowdon|420/420
|
|-weather|RainDance|[upkeep]
|upkeep
|turn|9
|
|switch|p1a: Ferrothorn|Ferrothorn, M|352/352
|-damage|p1a: Ferrothorn|330/352|[from] Stealth Rock
|move|p2a: Politoed|Hydro Pump|p1a: Ferrothorn
|-resisted|p1a: Ferrothorn
|-damage|p1a: Ferrothorn|252/352
|
|-weather|RainDance|[upkeep]
|-heal|p1a: Ferrothorn|274/352|[from] item: Leftovers
|upkeep
|turn|10
|
|switch|p2a: Keldeo|Keldeo-Resolute|323/323
|move|p1a: Ferrothorn|Leech Seed|p2a: Keldeo
|-start|p2a: Keldeo|move: Leech Seed
|
|-weather|RainDance|[upkeep]
|-heal|p1a: Ferrothorn|296/352|[from] item: Leftovers
|-damage|p2a: Keldeo|283/323|[from] Leech Seed|[of] p1a: Ferrothorn
|-heal|p1a: Ferrothorn|336/352|[silent]
|upkeep
|turn|11
|
|switch|p1a: Gengar|Gengar, F, shiny|219/279
|-damage|p1a: Gengar|185/279|[from] Stealth Rock
|move|p2a: Keldeo|Secret Sword|p1a: Gengar
|-immune|p1a: Gengar
|
|-weather|RainDance|[upkeep]
|-heal|p1a: Gengar|202/279|[from] item: Black Sludge
|-damage|p2a: Keldeo|243/323|[from] Leech Seed|[of] p1a: Gengar
|-heal|p1a: Gengar|242/279|[silent]
|upkeep
|turn|12
|
|move|p1a: Gengar|Will-O-Wisp|p2a: Keldeo|[miss]
|-miss|p1a: Gengar|p2a: Keldeo
|move|p2a: Keldeo|Hydro Pump|p1a: Gengar
|-damage|p1a: Gengar|0 fnt
|-damage|p2a: Keldeo|211/323|[from] item: Life Orb
|faint|p1a: Gengar
|
|-weather|RainDance|[upkeep]
|upkeep
|
|switch|p1a: Latios|Latios, M, shiny|301/301
|-damage|p1a: Latios|264/301|[from] Stealth Rock
|turn|13
|
|switch|p2a: Politoed|Politoed, F|321/321
|move|p1a: Latios|Dragon Pulse|p2a: Politoed
|-damage|p2a: Politoed|96/321
|
|-weather|RainDance|[upkeep]
|upkeep
|turn|14
|
|switch|p1a: Excadrill|Excadrill, F, shiny|371/371
|-damage|p1a: Excadrill|360/371|[from] Stealth Rock
|-ability|p1a: Excadrill|Mold Breaker
|move|p2a: Politoed|Ice Beam|p1a: Excadrill
|-crit|p1a: Excadrill
|-damage|p1a: Excadrill|97/371
|
|-weather|RainDance|[upkeep]
|-heal|p1a: Excadrill|120/371|[from] item: Leftovers
|upkeep
|turn|15
|
|move|p2a: Politoed|Ice Beam|p1a: Excadrill
|-damage|p1a: Excadrill|0 fnt
|faint|p1a: Excadrill
|
|-weather|RainDance|[upkeep]
|upkeep
|
|switch|p1a: Hippowdon|Hippowdon, F|420/420
|-damage|p1a: Hippowdon|394/420|[from] Stealth Rock
|-weather|Sandstorm|[from] ability: Sand Stream|[of] p1a: Hippowdon
|turn|16
|
|move|p2a: Politoed|Ice Beam|p1a: Hippowdon
|-supereffective|p1a: Hippowdon
|-damage|p1a: Hippowdon|220/420
|move|p1a: Hippowdon|Stealth Rock|p2a: Politoed
|-sidestart|p2: Aq0us|move: Stealth Rock
|
|-weather|Sandstorm|[upkeep]
|-damage|p2a: Politoed|76/321|[from] Sandstorm
|-heal|p1a: Hippowdon|246/420|[from] item: Leftovers
|upkeep
|turn|17
|
|move|p2a: Politoed|Ice Beam|p1a: Hippowdon
|-supereffective|p1a: Hippowdon
|-damage|p1a: Hippowdon|56/420
|-status|p1a: Hippowdon|frz
|cant|p1a: Hippowdon|frz
|
|-weather|Sandstorm|[upkeep]
|-damage|p2a: Politoed|56/321|[from] Sandstorm
|-heal|p1a: Hippowdon|82/420 frz|[from] item: Leftovers
|upkeep
|turn|18
|
|move|p2a: Politoed|Ice Beam|p1a: Hippowdon
|-supereffective|p1a: Hippowdon
|-damage|p1a: Hippowdon|0 fnt
|faint|p1a: Hippowdon
|
|-weather|Sandstorm|[upkeep]
|-damage|p2a: Politoed|36/321|[from] Sandstorm
|upkeep
|
|switch|p1a: Ferrothorn|Ferrothorn, M|336/352
|-damage|p1a: Ferrothorn|314/352|[from] Stealth Rock
|turn|19
|
|switch|p2a: Tentacruel|Tentacruel, M|364/364
|-damage|p2a: Tentacruel|319/364|[from] Stealth Rock
|move|p1a: Ferrothorn|Spikes|p2a: Tentacruel
|-sidestart|p2: Aq0us|Spikes
|
|-weather|Sandstorm|[upkeep]
|-damage|p2a: Tentacruel|297/364|[from] Sandstorm
|-heal|p2a: Tentacruel|319/364|[from] item: Black Sludge
|-heal|p1a: Ferrothorn|336/352|[from] item: Leftovers
|upkeep
|turn|20
|
|move|p2a: Tentacruel|Rapid Spin|p1a: Ferrothorn
|-resisted|p1a: Ferrothorn
|-damage|p1a: Ferrothorn|332/352
|-damage|p2a: Tentacruel|274/364|[from] ability: Iron Barbs|[of] p1a: Ferrothorn
|-sideend|p2: Aq0us|Spikes|[from] move: Rapid Spin|[of] p2a: Tentacruel
|-sideend|p2: Aq0us|Stealth Rock|[from] move: Rapid Spin|[of] p2a: Tentacruel
|move|p1a: Ferrothorn|Power Whip|p2a: Tentacruel
|-damage|p2a: Tentacruel|148/364
|
|-weather|Sandstorm|[upkeep]
|-damage|p2a: Tentacruel|126/364|[from] Sandstorm
|-heal|p2a: Tentacruel|148/364|[from] item: Black Sludge
|-heal|p1a: Ferrothorn|352/352|[from] item: Leftovers
|upkeep
|turn|21
|
|move|p2a: Tentacruel|Scald|p1a: Ferrothorn
|-resisted|p1a: Ferrothorn
|-damage|p1a: Ferrothorn|328/352
|move|p1a: Ferrothorn|Spikes|p2a: Tentacruel
|-sidestart|p2: Aq0us|Spikes
|
|-weather|Sandstorm|[upkeep]
|-damage|p2a: Tentacruel|126/364|[from] Sandstorm
|-heal|p2a: Tentacruel|148/364|[from] item: Black Sludge
|-heal|p1a: Ferrothorn|350/352|[from] item: Leftovers
|upkeep
|turn|22
|
|move|p2a: Tentacruel|Scald|p1a: Ferrothorn
|-resisted|p1a: Ferrothorn
|-damage|p1a: Ferrothorn|326/352
|move|p1a: Ferrothorn|Leech Seed|p2a: Tentacruel
|-start|p2a: Tentacruel|move: Leech Seed
|
|-weather|Sandstorm|[upkeep]
|-damage|p2a: Tentacruel|126/364|[from] Sandstorm
|-heal|p2a: Tentacruel|148/364|[from] item: Black Sludge
|-heal|p1a: Ferrothorn|348/352|[from] item: Leftovers
|-damage|p2a: Tentacruel|103/364|[from] Leech Seed|[of] p1a: Ferrothorn
|-heal|p1a: Ferrothorn|352/352|[silent]
|upkeep
|turn|23
|
|move|p2a: Tentacruel|Rapid Spin|p1a: Ferrothorn
|-resisted|p1a: Ferrothorn
|-damage|p1a: Ferrothorn|349/352
|-damage|p2a: Tentacruel|58/364|[from] ability: Iron Barbs|[of] p1a: Ferrothorn
|-end|p2a: Tentacruel|Leech Seed|[from] move: Rapid Spin|[of] p2a: Tentacruel
|-sideend|p2: Aq0us|Spikes|[from] move: Rapid Spin|[of] p2a: Tentacruel
|move|p1a: Ferrothorn|Spikes|p2a: Tentacruel
|-sidestart|p2: Aq0us|Spikes
|
|-weather|Sandstorm|[upkeep]
|-damage|p2a: Tentacruel|36/364|[from] Sandstorm
|-heal|p2a: Tentacruel|58/364|[from] item: Black Sludge
|-heal|p1a: Ferrothorn|352/352|[from] item: Leftovers
|upkeep
|turn|24
|
|move|p2a: Tentacruel|Scald|p1a: Ferrothorn
|-resisted|p1a: Ferrothorn
|-crit|p1a: Ferrothorn
|-damage|p1a: Ferrothorn|295/352
|move|p1a: Ferrothorn|Leech Seed|p2a: Tentacruel
|-start|p2a: Tentacruel|move: Leech Seed
|
|-weather|Sandstorm|[upkeep]
|-damage|p2a: Tentacruel|36/364|[from] Sandstorm
|-heal|p2a: Tentacruel|58/364|[from] item: Black Sludge
|-heal|p1a: Ferrothorn|317/352|[from] item: Leftovers
|-damage|p2a: Tentacruel|13/364|[from] Leech Seed|[of] p1a: Ferrothorn
|-heal|p1a: Ferrothorn|352/352|[silent]
|upkeep
|turn|25
|
|move|p2a: Tentacruel|Rapid Spin|p1a: Ferrothorn
|-resisted|p1a: Ferrothorn
|-damage|p1a: Ferrothorn|348/352
|-damage|p2a: Tentacruel|0 fnt|[from] ability: Iron Barbs|[of] p1a: Ferrothorn
|faint|p2a: Tentacruel
|move|p1a: Ferrothorn|Spikes|p2: Tentacruel
|-sidestart|p2: Aq0us|Spikes
|
|-weather|Sandstorm|[upkeep]
|-heal|p1a: Ferrothorn|352/352|[from] item: Leftovers
|upkeep
|
|switch|p2a: Politoed|Politoed, F|36/321
|-damage|p2a: Politoed|0 fnt|[from] Spikes
|faint|p2a: Politoed
|
|switch|p2a: Keldeo|Keldeo-Resolute|211/323
|-damage|p2a: Keldeo|158/323|[from] Spikes
|turn|26
|
|switch|p1a: Latios|Latios, M, shiny|264/301
|-damage|p1a: Latios|227/301|[from] Stealth Rock
|move|p2a: Keldeo|Secret Sword|p1a: Latios
|-resisted|p1a: Latios
|-damage|p1a: Latios|106/301
|-damage|p2a: Keldeo|126/323|[from] item: Life Orb
|
|-weather|Sandstorm|[upkeep]
|-damage|p1a: Latios|88/301|[from] Sandstorm
|-damage|p2a: Keldeo|106/323|[from] Sandstorm
|upkeep
|turn|27
|
|move|p1a: Latios|Dragon Pulse|p2a: Keldeo
|-damage|p2a: Keldeo|0 fnt
|faint|p2a: Keldeo
|
|-weather|Sandstorm|[upkeep]
|-damage|p1a: Latios|70/301|[from] Sandstorm
|upkeep
|
|switch|p2a: Alakazam|Alakazam, M, shiny|251/251
|turn|28
|
|switch|p1a: Ferrothorn|Ferrothorn, M|352/352
|-damage|p1a: Ferrothorn|330/352|[from] Stealth Rock
|move|p2a: Alakazam|Focus Blast|p1a: Ferrothorn|[miss]
|-miss|p2a: Alakazam|p1a: Ferrothorn
|
|-weather|Sandstorm|[upkeep]
|-heal|p1a: Ferrothorn|352/352|[from] item: Leftovers
|upkeep
|turn|29
|
|move|p2a: Alakazam|Focus Blast|p1a: Ferrothorn
|-supereffective|p1a: Ferrothorn
|-damage|p1a: Ferrothorn|156/352
|move|p1a: Ferrothorn|Power Whip|p2a: Alakazam
|-enditem|p2a: Alakazam|Focus Sash
|-damage|p2a: Alakazam|1/251
|
|-weather|Sandstorm|[upkeep]
|-heal|p1a: Ferrothorn|178/352|[from] item: Leftovers
|upkeep
|turn|30
|
|move|p2a: Alakazam|Focus Blast|p1a: Ferrothorn
|-supereffective|p1a: Ferrothorn
|-damage|p1a: Ferrothorn|0 fnt
|faint|p1a: Ferrothorn
|
|-weather|Sandstorm|[upkeep]
|upkeep
|
|switch|p1a: Rotom|Rotom-Wash, shiny|277/277
|-damage|p1a: Rotom|243/277|[from] Stealth Rock
|turn|31
|
|switch|p2a: Thundurus|Thundurus-Therian, M|331/331
|move|p1a: Rotom|Volt Switch|p2a: Thundurus
|-immune|p2a: Thundurus|[from] ability: Volt Absorb
|
|-weather|Sandstorm|[upkeep]
|-damage|p1a: Rotom|226/277|[from] Sandstorm
|-damage|p2a: Thundurus|311/331|[from] Sandstorm
|-heal|p2a: Thundurus|331/331|[from] item: Leftovers
|upkeep
|turn|32
|
|switch|p1a: Latios|Latios, M, shiny|70/301
|-damage|p1a: Latios|33/301|[from] Stealth Rock
|move|p2a: Thundurus|Agility|p2a: Thundurus
|-boost|p2a: Thundurus|spe|2
|
|-weather|Sandstorm|[upkeep]
|-damage|p2a: Thundurus|311/331|[from] Sandstorm
|-damage|p1a: Latios|15/301|[from] Sandstorm
|-heal|p2a: Thundurus|331/331|[from] item: Leftovers
|upkeep
|turn|33
|
|move|p2a: Thundurus|Hidden Power|p1a: Latios
|-supereffective|p1a: Latios
|-damage|p1a: Latios|0 fnt
|faint|p1a: Latios
|
|-weather|Sandstorm|[upkeep]
|-damage|p2a: Thundurus|311/331|[from] Sandstorm
|-heal|p2a: Thundurus|331/331|[from] item: Leftovers
|upkeep
|
|switch|p1a: Rotom|Rotom-Wash, shiny|226/277
|-damage|p1a: Rotom|192/277|[from] Stealth Rock
|turn|34
|
|move|p2a: Thundurus|Thunder|p1a: Rotom
|-damage|p1a: Rotom|0 fnt
|faint|p1a: Rotom
|
|win|Aq0us
|l|☆starmaster
|raw|starmaster's rating: 1466 &rarr; <strong>1439</strong><br />(-27 for losing)
|raw|Aq0us's rating: 1339 &rarr; <strong>1366</strong><br />(+27 for winning)
