|join|Pythagorean Python
|join|Call_Me
|player|p1|Pythagorean Python|101
|player|p2|Call_Me|102
|gametype|singles
|gen|5
|tier|[Gen 5] OU
|rated
|rule|Evasion Abilities Clause: Evasion abilities are banned
|clearpoke
|poke|p1|Skarmory, M
|poke|p1|Blissey, F
|poke|p1|Hippowdon, F
|poke|p1|Alakazam, M
|poke|p1|Terrakion
|poke|p1|Starmie
|poke|p2|Hippowdon, M
|poke|p2|Roserade, M
|poke|p2|Heatran, F
|poke|p2|Landorus-Therian, M
|poke|p2|Latias, F
|poke|p2|Stoutland, F
|rule|Sleep Clause Mod: Limit one foe put to sleep
|rule|Species Clause: Limit one of each Pokemon
|rule|OHKO Clause: OHKO moves are banned
|rule|Moody Clause: Moody is banned
|rule|Evasion Moves Clause: Evasion moves are banned
|rule|Endless Battle Clause: Forcing endless battles is banned.
|rule|HP Percentage Mod: HP is reported as percentages
|teampreview
|
|start
|switch|p1a: Starmie|Starmie|261/261
|switch|p2a: Hippowdon|Hippowdon, M|420/420
|-weather|Sandstorm|[from] ability: Sand Stream|[of] p2a: Hippowdon
|turn|1
|
|switch|p2a: Roserade|Roserade, M|324/324
|move|p1a: Starmie|Hydro Pump|p2a: Roserade
|-resisted|p2a: Roserade
|-damage|p2a: Roserade|261/324
|
|-weather|Sandstorm|[upkeep]
|-damage|p1a: Starmie|245/261|[from] sandstorm
|-damage|p2a: Roserade|241/324|[from] sandstorm
|-heal|p2a: Roserade|261/324|[from] item: Black Sludge
|turn|2
|
|switch|p1a: Skarmory|Skarmory, M|334/334
|move|p2a: Roserade|Spikes|p1a: Skarmory
|-sidestart|p1: Pythagorean Python|Spikes
|
|-weather|Sandstorm|[upkeep]
|-damage|p2a: Roserade|241/324|[from] sandstorm
|-heal|p2a: Roserade|261/324|[from] item: Black Sludge
|turn|3
|
|move|p2a: Roserade|Hidden Power|p1a: Skarmory
|-supereffective|p1a: Skarmory
|-damage|p1a: Skarmory|142/334
|move|p1a: Skarmory|Spikes|p2a: Roserade
|-sidestart|p2: Call_Me|Spikes
|
|-weather|Sandstorm|[upkeep]
|-damage|p2a: Roserade|241/324|[from] sandstorm
|-heal|p2a: Roserade|261/324|[from] item: Black Sludge
|-heal|p1a: Skarmory|162/334|[from] item: Leftovers
|turn|4
|
|switch|p1a: Blissey|Blissey, F|714/714
|-damage|p1a: Blissey|625/714|[from] Spikes
|move|p2a: Roserade|Hidden Power|p1a: Blissey
|-damage|p1a: Blissey|575/714
|
|-weather|Sandstorm|[upkeep]
|-damage|p2a: Roserade|241/324|[from] sandstorm
|-damage|p1a: Blissey|531/714|[from] sandstorm
|-heal|p2a: Roserade|261/324|[from] item: Black Sludge
|-heal|p1a: Blissey|575/714|[from] item: Leftovers
|turn|5
|
|move|p2a: Roserade|Spikes|p1a: Blissey
|-sidestart|p1: Pythagorean Python|Spikes
|move|p1a: Blissey|Seismic Toss|p2a: Roserade
|-damage|p2a: Roserade|161/324
|
|-weather|Sandstorm|[upkeep]
|-damage|p2a: Roserade|141/324|[from] sandstorm
|-damage|p1a: Blissey|531/714|[from] sandstorm
|-heal|p2a: Roserade|161/324|[from] item: Black Sludge
|-heal|p1a: Blissey|575/714|[from] item: Leftovers
|turn|6
|
|move|p2a: Roserade|Spikes|p1a: Blissey
|-sidestart|p1: Pythagorean Python|Spikes
|move|p1a: Blissey|Seismic Toss|p2a: Roserade
|-damage|p2a: Roserade|61/324
|
|-weather|Sandstorm|[upkeep]
|-damage|p2a: Roserade|41/324|[from] sandstorm
|-damage|p1a: Blissey|531/714|[from] sandstorm
|-heal|p2a: Roserade|61/324|[from] item: Black Sludge
|-heal|p1a: Blissey|575/714|[from] item: Leftovers
|turn|7
|
|move|p2a: Roserade|Rest|p2a: Roserade
|-status|p2a: Roserade|slp
|-heal|p2a: Roserade|324/324 slp|[silent]
|-status|p2a: Roserade|slp|[from] move: Rest
|move|p1a: Blissey|Seismic Toss|p2a: Roserade
|-damage|p2a: Roserade|224/324 slp
|
|-weather|Sandstorm|[upkeep]
|-damage|p2a: Roserade|204/324 slp|[from] sandstorm
|-damage|p1a: Blissey|531/714|[from] sandstorm
|-heal|p2a: Roserade|224/324 slp|[from] item: Black Sludge
|-heal|p1a: Blissey|575/714|[from] item: Leftovers
|turn|8
|
|switch|p2a: Stoutland|Stoutland, F|312/312
|-damage|p2a: Stoutland|273/312|[from] Spikes
|move|p1a: Blissey|Seismic Toss|p2a: Stoutland
|-damage|p2a: Stoutland|173/312
|
|-weather|Sandstorm|[upkeep]
|-damage|p1a: Blissey|531/714|[from] sandstorm
|-heal|p1a: Blissey|575/714|[from] item: Leftovers
|turn|9
|
|move|p2a: Stoutland|Wild Charge|p1a: Blissey
|-crit|p1a: Blissey
|-damage|p1a: Blissey|40/714
|-damage|p2a: Stoutland|39/312|[from] recoil|[of] p1a: Blissey
|move|p1a: Blissey|Thunder Wave|p2a: Stoutland
|-status|p2a: Stoutland|par
|
|-weather|Sandstorm|[upkeep]
|-damage|p1a: Blissey|0 fnt|[from] sandstorm
|faint|p1a: Blissey
|
|switch|p1a: Hippowdon|Hippowdon, F|420/420
|-damage|p1a: Hippowdon|315/420|[from] Spikes
|turn|10
|
|switch|p2a: Roserade|Roserade, M|224/324
|-damage|p2a: Roserade|184/324|[from] Spikes
|move|p1a: Hippowdon|Stealth Rock|p2a: Roserade
|-sidestart|p2: Call_Me|move: Stealth Rock
|
|-weather|Sandstorm|[upkeep]
|-damage|p2a: Roserade|164/324|[from] sandstorm
|-heal|p2a: Roserade|184/324|[from] item: Black Sludge
|-heal|p1a: Hippowdon|341/420|[from] item: Leftovers
|turn|11
|
|move|p2a: Roserade|Giga Drain|p1a: Hippowdon
|-supereffective|p1a: Hippowdon
|-damage|p1a: Hippowdon|71/420
|-heal|p2a: Roserade|319/324|[from] drain|[of] p1a: Hippowdon
|move|p1a: Hippowdon|Earthquake|p2a: Roserade
|-damage|p2a: Roserade|160/324
|
|-weather|Sandstorm|[upkeep]
|-damage|p2a: Roserade|140/324|[from] sandstorm
|-heal|p2a: Roserade|160/324|[from] item: Black Sludge
|-heal|p1a: Hippowdon|97/420|[from] item: Leftovers
|turn|12
|
|move|p2a: Roserade|Giga Drain|p1a: Hippowdon
|-supereffective|p1a: Hippowdon
|-damage|p1a: Hippowdon|0 fnt
|-heal|p2a: Roserade|209/324|[from] drain|[of] p1a: Hippowdon
|faint|p1a: Hippowdon
|
|-weather|Sandstorm|[upkeep]
|-damage|p2a: Roserade|189/324|[from] sandstorm
|-heal|p2a: Roserade|209/324|[from] item: Black Sludge
|
|switch|p1a: Alakazam|Alakazam, M|252/252
|turn|13
|
|switch|p2a: Latias|Latias, F|364/364
|-damage|p2a: Latias|319/364|[from] Stealth Rock
|move|p1a: Alakazam|Psychic|p2a: Latias
|-resisted|p2a: Latias
|-damage|p2a: Latias|241/364
|-unboost|p2a: Latias|spd|1
|
|-weather|Sandstorm|[upkeep]
|-damage|p2a: Latias|219/364|[from] sandstorm
|-heal|p2a: Latias|241/364|[from] item: Leftovers
|turn|14
|
|move|p1a: Alakazam|Signal Beam|p2a: Latias
|-supereffective|p2a: Latias
|-damage|p2a: Latias|0 fnt
|faint|p2a: Latias
|
|-weather|Sandstorm|[upkeep]
|
|switch|p2a: Landorus-Therian|Landorus-Therian, M|381/381
|-damage|p2a: Landorus-Therian|334/381|[from] Stealth Rock
|-ability|p2a: Landorus-Therian|Intimidate|[of] p1a: Alakazam
|-unboost|p1a: Alakazam|atk|1
|turn|15
|
|switch|p1a: Skarmory|Skarmory, M|162/334
|move|p2a: Landorus-Therian|U-turn|p1a: Skarmory
|-resisted|p1a: Skarmory
|-damage|p1a: Skarmory|151/334
|
|switch|p2a: Heatran|Heatran, F|386/386
|-damage|p2a: Heatran|338/386|[from] Stealth Rock
|-damage|p2a: Heatran|290/386|[from] Spikes
|
|-weather|Sandstorm|[upkeep]
|-heal|p1a: Skarmory|171/334|[from] item: Leftovers
|turn|16
|
|move|p2a: Heatran|Lava Plume|p1a: Skarmory
|-supereffective|p1a: Skarmory
|-damage|p1a: Skarmory|0 fnt
|faint|p1a: Skarmory
|
|-weather|Sandstorm|[upkeep]
|
|switch|p1a: Alakazam|Alakazam, M|252/252
|turn|17
|
|move|p2a: Heatran|Protect|p2a: Heatran
|-singleturn|p2a: Heatran|Protect
|move|p1a: Alakazam|Focus Blast|p2a: Heatran
|-activate|p2a: Heatran|Protect
|
|-weather|Sandstorm|[upkeep]
|turn|18
|
|switch|p2a: Stoutland|Stoutland, F|39/312 par
|-damage|p2a: Stoutland|0 fnt|[from] Spikes
|faint|p2a: Stoutland
|move|p1a: Alakazam|Focus Blast|p2: Stoutland|[notarget]
|-notarget
|
|-weather|Sandstorm|[upkeep]
|
|switch|p2a: Hippowdon|Hippowdon, M|420/420
|-damage|p2a: Hippowdon|368/420|[from] Spikes
|-damage|p2a: Hippowdon|342/420|[from] Stealth Rock
|turn|19
|
|move|p1a: Alakazam|Psychic|p2a: Hippowdon
|-damage|p2a: Hippowdon|57/420
|move|p2a: Hippowdon|Earthquake|p1a: Alakazam
|-damage|p1a: Alakazam|2/252
|
|-weather|Sandstorm|[upkeep]
|-heal|p2a: Hippowdon|83/420|[from] item: Leftovers
|turn|20
|
|move|p1a: Alakazam|Psychic|p2a: Hippowdon
|-damage|p2a: Hippowdon|0 fnt
|faint|p2a: Hippowdon
|
|-weather|Sandstorm|[upkeep]
|
|switch|p2a: Landorus-Therian|Landorus-Therian, M|334/381
|-damage|p2a: Landorus-Therian|287/381|[from] Stealth Rock
|-ability|p2a: Landorus-Therian|Intimidate|[of] p1a: Alakazam
|-unboost|p1a: Alakazam|atk|1
|turn|21
|
|move|p1a: Alakazam|Psychic|p2a: Landorus-Therian
|-damage|p2a: Landorus-Therian|6/381
|move|p2a: Landorus-Therian|U-turn|p1a: Alakazam
|-supereffective|p1a: Alakazam
|-damage|p1a: Alakazam|0 fnt
|faint|p1a: Alakazam
|
|switch|p2a: Roserade|Roserade, M|209/324
|-damage|p2a: Roserade|169/324|[from] Spikes
|-damage|p2a: Roserade|129/324|[from] Stealth Rock
|
|-weather|Sandstorm|[upkeep]
|-damage|p2a: Roserade|109/324|[from] sandstorm
|-heal|p2a: Roserade|129/324|[from] item: Black Sludge
|
|switch|p1a: Starmie|Starmie|245/261
|-damage|p1a: Starmie|180/261|[from] Spikes
|turn|22
|
|move|p1a: Starmie|Ice Beam|p2a: Roserade
|-supereffective|p2a: Roserade
|-damage|p2a: Roserade|0 fnt
|faint|p2a: Roserade
|
|-weather|Sandstorm|[upkeep]
|-damage|p1a: Starmie|164/261|[from] sandstorm
|
|switch|p2a: Landorus-Therian|Landorus-Therian, M|6/381
|-damage|p2a: Landorus-Therian|0 fnt|[from] Stealth Rock
|faint|p2a: Landorus-Therian
|
|switch|p2a: Heatran|Heatran, F|290/386
|-damage|p2a: Heatran|242/386|[from] Stealth Rock
|-damage|p2a: Heatran|194/386|[from] Spikes
|turn|23
|
|move|p1a: Starmie|Hydro Pump|p2a: Heatran
|-supereffective|p2a: Heatran
|-damage|p2a: Heatran|0 fnt
|faint|p2a: Heatran
|
|win|Pythagorean Python
|raw|Ladder updating...
|raw|Pythagorean Python's rating: 1433 &rarr; <strong>1448</strong><br />(+15 for winning)
|raw|Call_Me's rating: 1333 &rarr; <strong>1319</strong><br />(-14 for losing)
|leave|Call_Me