|j|Wilston Lynx
|j|Veteran Sogeking
|player|p1|Wilston Lynx|#yellow
|teamsize|p1|6
|player|p2|Veteran Sogeking|266
|teamsize|p2|6
|gametype|singles
|gen|5
|tier|[Gen 5] OU
|rated
|seed|59067,18475,41459,49805
|rule|Sleep Clause Mod: Limit one foe put to sleep
|rule|Species Clause: Limit one of each Pokémon
|rule|OHKO Clause: OHKO moves are banned
|rule|Moody Clause: Moody is banned
|rule|Evasion Moves Clause: Evasion moves are banned
|rule|Endless Battle Clause: Forcing endless battles is banned
|rule|HP Percentage Mod: HP is shown in percentages
|rule|Evasion Abilities Clause: Evasion abilities are banned
|rule|Baton Pass Clause: Limit one Baton Passer, can't pass Spe and other stats simultaneously
|rule|Swagger Clause: Swagger is banned
|clearpoke
|poke|p1|Skarmory, M|item
|poke|p1|Scizor, M|item
|poke|p1|Gengar, M|item
|poke|p1|Dragonite, M|item
|poke|p1|Keldeo|item
|poke|p1|Garchomp, M|item
|poke|p2|Politoed, F|item
|poke|p2|Garchomp, M|item
|poke|p2|Swanna, F|item
|poke|p2|Thundurus-Therian, M|item
|poke|p2|Forretress, F|item
|poke|p2|Scizor, F|item
|teampreview
|choice|team 1, team 2, team 3, team 4, team 5, team 6|team 2, team 1, team 3, team 4, team 5, team 6
|
|start
|switch|p1a: Dee Dee|Skarmory, M, shiny|271/271
|switch|p2a: Garchomp|Garchomp, M|357/357
|turn|1
|c|☆Wilston Lynx|eh, I thought I didn't find any battle lol
|c|☆Wilston Lynx|oh well
|choice|move stealthrock|move stealthrock
|
|move|p2a: Garchomp|Stealth Rock|p1a: Dee Dee
|-sidestart|p1: Wilston Lynx|move: Stealth Rock
|move|p1a: Dee Dee|Stealth Rock|p2a: Garchomp
|-sidestart|p2: Veteran Sogeking|move: Stealth Rock
|
|upkeep
|turn|2
|choice|move spikes|move fireblast
|
|move|p2a: Garchomp|Fire Blast|p1a: Dee Dee|[miss]
|-miss|p2a: Garchomp|p1a: Dee Dee
|move|p1a: Dee Dee|Spikes|p2a: Garchomp
|-sidestart|p2: Veteran Sogeking|Spikes
|
|upkeep
|turn|3
|c|☆Veteran Sogeking|nice
|choice|move spikes|move fireblast
|
|move|p2a: Garchomp|Fire Blast|p1a: Dee Dee
|-supereffective|p1a: Dee Dee
|-ability|p1a: Dee Dee|Sturdy
|-damage|p1a: Dee Dee|1/271
|-status|p1a: Dee Dee|brn
|-damage|p2a: Garchomp|322/357|[from] item: Life Orb
|move|p1a: Dee Dee|Spikes|p2a: Garchomp
|-sidestart|p2: Veteran Sogeking|Spikes
|
|-damage|p1a: Dee Dee|0 fnt|[from] brn
|upkeep
|faint|p1a: Dee Dee
|choice|switch 3|
|
|switch|p1a: Joey|Gengar, M|261/261
|-damage|p1a: Joey|229/261|[from] Stealth Rock
|turn|4
|choice|move icywind|move outrage
|
|move|p1a: Joey|Icy Wind|p2a: Garchomp
|-supereffective|p2a: Garchomp
|-damage|p2a: Garchomp|0 fnt
|faint|p2a: Garchomp
|
|upkeep
|choice||switch 4
|
|switch|p2a: Thundurus-T|Thundurus-Therian, M|300/300
|-damage|p2a: Thundurus-T|225/300|[from] Stealth Rock
|turn|5
|choice|move icywind|move voltswitch
|
|move|p2a: Thundurus-T|Volt Switch|p1a: Joey
|-damage|p1a: Joey|57/261
|choice||switch 6
|
|switch|p2a: Scizor|Scizor, F|282/282
|-damage|p2a: Scizor|247/282|[from] Stealth Rock
|-damage|p2a: Scizor|200/282|[from] Spikes
|move|p1a: Joey|Icy Wind|p2a: Scizor
|-resisted|p2a: Scizor
|-damage|p2a: Scizor|162/282
|-unboost|p2a: Scizor|spe|1
|
|upkeep
|turn|6
|choice|switch 5|move bulletpunch
|
|switch|p1a: Oggy|Keldeo|323/323
|-damage|p1a: Oggy|303/323|[from] Stealth Rock
|move|p2a: Scizor|Bullet Punch|p1a: Oggy
|-resisted|p1a: Oggy
|-damage|p1a: Oggy|227/323
|
|upkeep
|turn|7
|choice|move secretsword|move uturn
|
|move|p1a: Oggy|Secret Sword|p2a: Scizor
|-damage|p2a: Scizor|0 fnt
|-damage|p1a: Oggy|195/323|[from] item: Life Orb
|faint|p2a: Scizor
|
|upkeep
|choice||switch 6
|
|switch|p2a: Thundurus-T|Thundurus-Therian, M|225/300
|-damage|p2a: Thundurus-T|150/300|[from] Stealth Rock
|turn|8
|choice|switch 5|move hiddenpower
|
|switch|p1a: Joey|Gengar, M|57/261
|-damage|p1a: Joey|25/261|[from] Stealth Rock
|move|p2a: Thundurus-T|Hidden Power|p1a: Joey
|-damage|p1a: Joey|0 fnt
|faint|p1a: Joey
|
|upkeep
|choice|switch 2|
|
|switch|p1a: Marky|Scizor, M, shiny|340/340
|-damage|p1a: Marky|298/340|[from] Stealth Rock
|turn|9
|choice|move uturn|switch 2
|
|switch|p2a: Politoed|Politoed, F|341/341
|-damage|p2a: Politoed|299/341|[from] Stealth Rock
|-damage|p2a: Politoed|243/341|[from] Spikes
|-weather|RainDance|[from] ability: Drizzle|[of] p2a: Politoed
|move|p1a: Marky|U-turn|p2a: Politoed
|-damage|p2a: Politoed|0 fnt
|faint|p2a: Politoed
|choice|switch 5|
|
|switch|p1a: Oggy|Keldeo|195/323
|-damage|p1a: Oggy|175/323|[from] Stealth Rock
|
|-weather|RainDance|[upkeep]
|upkeep
|choice||switch 2
|
|switch|p2a: Thundurus-T|Thundurus-Therian, M|150/300
|-damage|p2a: Thundurus-T|75/300|[from] Stealth Rock
|turn|10
|choice|switch 6|move voltswitch
|
|switch|p1a: Bob|Garchomp, M, shiny|357/357
|-damage|p1a: Bob|335/357|[from] Stealth Rock
|move|p2a: Thundurus-T|Volt Switch|p1a: Bob
|-immune|p1a: Bob|[msg]
|
|-weather|RainDance|[upkeep]
|upkeep
|turn|11
|choice|move earthquake|move voltswitch
|
|move|p1a: Bob|Earthquake|p2a: Thundurus-T
|-immune|p2a: Thundurus-T|[msg]
|move|p2a: Thundurus-T|Volt Switch|p1a: Bob
|-immune|p1a: Bob|[msg]
|
|-weather|RainDance|[upkeep]
|upkeep
|turn|12
|choice|move earthquake|move voltswitch
|
|move|p1a: Bob|Earthquake|p2a: Thundurus-T
|-immune|p2a: Thundurus-T|[msg]
|move|p2a: Thundurus-T|Volt Switch|p1a: Bob
|-immune|p1a: Bob|[msg]
|
|-weather|RainDance|[upkeep]
|upkeep
|turn|13
|choice|move earthquake|move voltswitch
|
|move|p1a: Bob|Earthquake|p2a: Thundurus-T
|-immune|p2a: Thundurus-T|[msg]
|move|p2a: Thundurus-T|Volt Switch|p1a: Bob
|-immune|p1a: Bob|[msg]
|
|-weather|RainDance|[upkeep]
|upkeep
|turn|14
|choice|move earthquake|move voltswitch
|
|move|p1a: Bob|Earthquake|p2a: Thundurus-T
|-immune|p2a: Thundurus-T|[msg]
|move|p2a: Thundurus-T|Volt Switch|p1a: Bob
|-immune|p1a: Bob|[msg]
|
|-weather|RainDance|[upkeep]
|upkeep
|turn|15
|choice|move earthquake|move voltswitch
|
|move|p1a: Bob|Earthquake|p2a: Thundurus-T
|-immune|p2a: Thundurus-T|[msg]
|move|p2a: Thundurus-T|Volt Switch|p1a: Bob
|-immune|p1a: Bob|[msg]
|
|-weather|RainDance|[upkeep]
|upkeep
|turn|16
|choice|switch 5|move voltswitch
|
|switch|p1a: Marky|Scizor, M, shiny|298/340
|-damage|p1a: Marky|256/340|[from] Stealth Rock
|move|p2a: Thundurus-T|Volt Switch|p1a: Marky
|-damage|p1a: Marky|105/340
|choice||switch 5
|
|switch|p2a: Forretress|Forretress, F|354/354
|-damage|p2a: Forretress|295/354|[from] Spikes
|-damage|p2a: Forretress|251/354|[from] Stealth Rock
|
|-weather|RainDance|[upkeep]
|-heal|p2a: Forretress|273/354|[from] item: Leftovers
|upkeep
|turn|17
|choice|move uturn|move rapidspin
|
|move|p1a: Marky|U-turn|p2a: Forretress
|-resisted|p2a: Forretress
|-damage|p2a: Forretress|213/354
|choice|switch 6|
|
|switch|p1a: Oggy|Keldeo|175/323
|-damage|p1a: Oggy|155/323|[from] Stealth Rock
|move|p2a: Forretress|Rapid Spin|p1a: Oggy
|-damage|p1a: Oggy|140/323
|-sideend|p2: Veteran Sogeking|Spikes|[from] move: Rapid Spin|[of] p2a: Forretress
|-sideend|p2: Veteran Sogeking|Stealth Rock|[from] move: Rapid Spin|[of] p2a: Forretress
|
|-weather|RainDance|[upkeep]
|-heal|p2a: Forretress|235/354|[from] item: Leftovers
|upkeep
|turn|18
|choice|move hydropump|switch 3
|
|switch|p2a: Swanna|Swanna, F|292/292
|move|p1a: Oggy|Hydro Pump|p2a: Swanna
|-resisted|p2a: Swanna
|-damage|p2a: Swanna|0 fnt
|-damage|p1a: Oggy|108/323|[from] item: Life Orb
|faint|p2a: Swanna
|
|-weather|RainDance|[upkeep]
|upkeep
|choice||switch 5
|
|switch|p2a: Thundurus-T|Thundurus-Therian, M|75/300
|turn|19
|choice|move secretsword|switch 3
|
|switch|p2a: Forretress|Forretress, F|235/354
|move|p1a: Oggy|Secret Sword|p2a: Forretress
|-damage|p2a: Forretress|126/354
|-damage|p1a: Oggy|76/323|[from] item: Life Orb
|
|-weather|RainDance|[upkeep]
|-heal|p2a: Forretress|148/354|[from] item: Leftovers
|upkeep
|turn|20
|choice|move hydropump|move voltswitch
|
|move|p1a: Oggy|Hydro Pump|p2a: Forretress
|-crit|p2a: Forretress
|-damage|p2a: Forretress|0 fnt
|-damage|p1a: Oggy|44/323|[from] item: Life Orb
|faint|p2a: Forretress
|
|-weather|RainDance|[upkeep]
|upkeep
|choice||switch 3
|
|switch|p2a: Thundurus-T|Thundurus-Therian, M|75/300
|turn|21
|choice|move secretsword|move thunder
|
|move|p2a: Thundurus-T|Thunder|p1a: Oggy
|-supereffective|p1a: Oggy
|-damage|p1a: Oggy|0 fnt
|faint|p1a: Oggy
|
|-weather|RainDance|[upkeep]
|upkeep
|choice|switch 5|
|
|switch|p1a: Bob|Garchomp, M, shiny|335/357
|-damage|p1a: Bob|313/357|[from] Stealth Rock
|turn|22
|choice|move outrage|move thunder
|
|move|p1a: Bob|Outrage|p2a: Thundurus-T
|-damage|p2a: Thundurus-T|0 fnt
|faint|p2a: Thundurus-T
|
|win|Wilston Lynx
|raw|Wilston Lynx's rating: 1547 &rarr; <strong>1562</strong><br />(+15 for winning)
|raw|Veteran Sogeking's rating: 1457 &rarr; <strong>1442</strong><br />(-15 for losing)
|l|Veteran Sogeking
|l|Wilston Lynx
|j|Wilston Lynx