|join|wintow333
|join|Pythagorean Python
|player|p1|wintow333|153
|player|p2|Pythagorean Python|265
|gametype|singles
|gen|5
|tier|[Gen 5] OU
|rated
|rule|Evasion Abilities Clause: Evasion abilities are banned
|clearpoke
|poke|p1|Politoed, F
|poke|p1|Azelf
|poke|p1|Starmie
|poke|p1|Breloom, M
|poke|p1|Scizor, F
|poke|p1|Garchomp, M
|poke|p2|Ninetales, M
|poke|p2|Darmanitan, M
|poke|p2|Victreebel, F
|poke|p2|Shiftry, M
|poke|p2|Forretress, F
|poke|p2|Raikou, shiny
|rule|Sleep Clause Mod: Limit one foe put to sleep
|rule|Species Clause: Limit one of each Pokemon
|rule|OHKO Clause: OHKO moves are banned
|rule|Moody Clause: Moody is banned
|rule|Evasion Moves Clause: Evasion moves are banned
|rule|Endless Battle Clause: Forcing endless battles is banned.
|rule|HP Percentage Mod: HP is reported as percentages
|teampreview
|chat|wintow333|lol
|
|start
|switch|p1a: Azelf|Azelf|291/291
|switch|p2a: Raikou|Raikou, shiny|322/322
|-ability|p2a: Raikou|Pressure
|turn|1
|
|move|p1a: Azelf|Stealth Rock|p2a: Raikou
|-sidestart|p2: Pythagorean Python|move: Stealth Rock
|move|p2a: Raikou|Thunderbolt|p1a: Azelf
|-enditem|p1a: Azelf|Focus Sash
|-damage|p1a: Azelf|1/291
|-damage|p2a: Raikou|290/322|[from] item: Life Orb
|
|turn|2
|
|switch|p1a: Garchomp|Garchomp, M|357/357
|switch|p2a: Forretress|Forretress, F|354/354
|-damage|p2a: Forretress|310/354|[from] Stealth Rock
|
|-heal|p2a: Forretress|332/354|[from] item: Leftovers
|turn|3
|
|switch|p1a: Breloom|Breloom, M|262/262
|move|p2a: Forretress|Rapid Spin|p1a: Breloom
|-damage|p1a: Breloom|244/262
|-sideend|p2: Pythagorean Python|Stealth Rock|[from] move: Rapid Spin|[of] p2a: Forretress
|
|-heal|p2a: Forretress|354/354|[from] item: Leftovers
|turn|4
|
|move|p1a: Breloom|Spore|p2a: Forretress
|-status|p2a: Forretress|slp
|cant|p2a: Forretress|slp
|
|turn|5
|
|switch|p2a: Raikou|Raikou, shiny|290/322
|-ability|p2a: Raikou|Pressure
|move|p1a: Breloom|Swords Dance|p1a: Breloom
|-boost|p1a: Breloom|atk|2
|
|turn|6
|
|move|p1a: Breloom|Mach Punch|p2a: Raikou
|-damage|p2a: Raikou|19/322
|move|p2a: Raikou|Hidden Power|p1a: Breloom
|-supereffective|p1a: Breloom
|-damage|p1a: Breloom|0 fnt
|-damage|p2a: Raikou|0 fnt|[from] item: Life Orb
|faint|p1a: Breloom
|faint|p2a: Raikou
|
|
|switch|p1a: Azelf|Azelf|1/291
|switch|p2a: Darmanitan|Darmanitan, M|351/351
|turn|7
|
|move|p2a: Darmanitan|U-turn|p1a: Azelf
|-supereffective|p1a: Azelf
|-damage|p1a: Azelf|0 fnt
|faint|p1a: Azelf
|
|switch|p2a: Forretress|Forretress, F|354/354 slp
|
|
|switch|p1a: Politoed|Politoed, F|321/321
|-weather|RainDance|[from] ability: Drizzle|[of] p1a: Politoed
|turn|8
|
|move|p1a: Politoed|Surf|p2a: Forretress
|-activate|p2a: Forretress|Sturdy
|-damage|p2a: Forretress|1/354 slp
|cant|p2a: Forretress|slp
|
|-weather|RainDance|[upkeep]
|-heal|p2a: Forretress|23/354 slp|[from] item: Leftovers
|turn|9
|
|move|p1a: Politoed|Surf|p2a: Forretress
|-damage|p2a: Forretress|0 fnt
|faint|p2a: Forretress
|
|-weather|RainDance|[upkeep]
|
|switch|p2a: Shiftry|Shiftry, M|321/321
|turn|10
|
|move|p1a: Politoed|Surf|p2a: Shiftry
|-resisted|p2a: Shiftry
|-damage|p2a: Shiftry|95/321
|move|p2a: Shiftry|Seed Bomb|p1a: Politoed
|-supereffective|p1a: Politoed
|-damage|p1a: Politoed|0 fnt
|-damage|p2a: Shiftry|63/321|[from] item: Life Orb
|faint|p1a: Politoed
|
|-weather|RainDance|[upkeep]
|
|switch|p1a: Starmie|Starmie|261/261
|turn|11
|
|move|p2a: Shiftry|Sucker Punch|p1a: Starmie
|-supereffective|p1a: Starmie
|-damage|p1a: Starmie|0 fnt
|-damage|p2a: Shiftry|31/321|[from] item: Life Orb
|faint|p1a: Starmie
|
|-weather|RainDance|[upkeep]
|-message|wintow333 forfeited.
|
|win|Pythagorean Python
|raw|Ladder updating...
|leave|wintow333
|player|p1
|raw|wintow333's rating: 1341 &rarr; <strong>1320</strong><br />(-21 for losing)
|raw|Pythagorean Python's rating: 1327 &rarr; <strong>1347</strong><br />(+20 for winning)