|join|shadowist
|join|ExoTicP0Mm3
|player|p1|shadowist|269
|player|p2|ExoTicP0Mm3|137
|gametype|singles
|gen|5
|tier|[Gen 5] OU
|rated
|rule|Evasion Abilities Clause: Evasion abilities are banned
|clearpoke
|poke|p1|Politoed, M
|poke|p1|Volcarona, M
|poke|p1|Gastrodon, F
|poke|p1|Toxicroak, M
|poke|p1|Starmie
|poke|p1|Ferrothorn, F
|poke|p2|Abomasnow, M
|poke|p2|Tentacruel, F
|poke|p2|Heatran, M
|poke|p2|Kyurem
|poke|p2|Scizor, M, shiny
|poke|p2|Gliscor, F
|rule|Sleep Clause Mod: Limit one foe put to sleep
|rule|Species Clause: Limit one of each Pokémon
|rule|OHKO Clause: OHKO moves are banned
|rule|Moody Clause: Moody is banned
|rule|Evasion Moves Clause: Evasion moves are banned
|rule|Endless Battle Clause: Forcing endless battles is banned
|rule|HP Percentage Mod: HP is reported as percentages
|teampreview
|
|start
|switch|p1a: Ferrothorn|Ferrothorn, F|352/352
|switch|p2a: Green|Scizor, M, shiny|281/281
|turn|1
|
|move|p2a: Green|Superpower|p1a: Ferrothorn
|-supereffective|p1a: Ferrothorn
|-damage|p1a: Ferrothorn|26/352
|-damage|p2a: Green|246/281|[from] ability: Iron Barbs|[of] p1a: Ferrothorn
|-unboost|p2a: Green|atk|1
|-unboost|p2a: Green|def|1
|move|p1a: Ferrothorn|Stealth Rock|p2a: Green
|-sidestart|p2: ExoTicP0Mm3|move: Stealth Rock
|
|-heal|p1a: Ferrothorn|48/352|[from] item: Leftovers
|turn|2
|
|switch|p2a: OMFG1HAIL|Abomasnow, M|384/384
|-damage|p2a: OMFG1HAIL|288/384|[from] Stealth Rock
|-weather|Hail|[from] ability: Snow Warning|[of] p2a: OMFG1HAIL
|move|p1a: Ferrothorn|Protect|p1a: Ferrothorn
|-fail|p1a: Ferrothorn
|
|-weather|Hail|[upkeep]
|-damage|p1a: Ferrothorn|26/352|[from] hail
|-heal|p2a: OMFG1HAIL|312/384|[from] item: Leftovers
|-heal|p1a: Ferrothorn|48/352|[from] item: Leftovers
|turn|3
|
|switch|p2a: The Anthem|Tentacruel, F|364/364
|-damage|p2a: The Anthem|319/364|[from] Stealth Rock
|move|p1a: Ferrothorn|Protect|p1a: Ferrothorn
|-fail|p1a: Ferrothorn
|
|-weather|Hail|[upkeep]
|-damage|p2a: The Anthem|297/364|[from] hail
|-damage|p1a: Ferrothorn|26/352|[from] hail
|-heal|p2a: The Anthem|319/364|[from] item: Black Sludge
|-heal|p1a: Ferrothorn|48/352|[from] item: Leftovers
|turn|4
|
|move|p2a: The Anthem|Knock Off|p1a: Ferrothorn
|-resisted|p1a: Ferrothorn
|-damage|p1a: Ferrothorn|44/352
|-damage|p2a: The Anthem|274/364|[from] ability: Iron Barbs|[of] p1a: Ferrothorn
|-enditem|p1a: Ferrothorn|Leftovers|[from] move: Knock Off|[of] p2a: The Anthem
|move|p1a: Ferrothorn|Leech Seed|p2a: The Anthem
|-start|p2a: The Anthem|move: Leech Seed
|
|-weather|Hail|[upkeep]
|-damage|p2a: The Anthem|252/364|[from] hail
|-damage|p1a: Ferrothorn|22/352|[from] hail
|-heal|p2a: The Anthem|274/364|[from] item: Black Sludge
|-damage|p2a: The Anthem|229/364|[from] Leech Seed|[of] p1a: Ferrothorn
|-heal|p1a: Ferrothorn|67/352|[silent]
|turn|5
|
|switch|p2a: Love Drugs|Gliscor, F|354/354
|-damage|p2a: Love Drugs|310/354|[from] Stealth Rock
|switch|p1a: Politoed|Politoed, M|384/384
|-weather|RainDance|[from] ability: Drizzle|[of] p1a: Politoed
|
|-weather|RainDance|[upkeep]
|-status|p2a: Love Drugs|tox|[from] item: Toxic Orb
|turn|6
|
|switch|p2a: The Anthem|Tentacruel, F|229/364
|-damage|p2a: The Anthem|184/364|[from] Stealth Rock
|move|p1a: Politoed|Ice Beam|p2a: The Anthem
|-resisted|p2a: The Anthem
|-damage|p2a: The Anthem|124/364
|
|-weather|RainDance|[upkeep]
|-heal|p2a: The Anthem|146/364|[from] ability: Rain Dish
|-heal|p2a: The Anthem|168/364|[from] item: Black Sludge
|turn|7
|
|switch|p2a: Green|Scizor, M, shiny|246/281
|-damage|p2a: Green|211/281|[from] Stealth Rock
|switch|p1a: Toxicroak|Toxicroak, M|314/314
|
|-weather|RainDance|[upkeep]
|turn|8
|
|switch|p1a: Ferrothorn|Ferrothorn, F|67/352
|move|p2a: Green|Aerial Ace|p1a: Ferrothorn
|-damage|p1a: Ferrothorn|0 fnt
|-damage|p2a: Green|176/281|[from] ability: Iron Barbs|[of] p1a: Ferrothorn
|faint|p1a: Ferrothorn
|
|-weather|RainDance|[upkeep]
|
|switch|p1a: Starmie|Starmie|261/261
|turn|9
|
|switch|p2a: OMFG1HAIL|Abomasnow, M|312/384
|-damage|p2a: OMFG1HAIL|216/384|[from] Stealth Rock
|-weather|Hail|[from] ability: Snow Warning|[of] p2a: OMFG1HAIL
|move|p1a: Starmie|Hydro Pump|p2a: OMFG1HAIL
|-resisted|p2a: OMFG1HAIL
|-damage|p2a: OMFG1HAIL|116/384
|
|-weather|Hail|[upkeep]
|-damage|p1a: Starmie|245/261|[from] hail
|-heal|p1a: Starmie|261/261|[from] item: Leftovers
|-heal|p2a: OMFG1HAIL|140/384|[from] item: Leftovers
|turn|10
|
|switch|p1a: Volcarona|Volcarona, M|311/311
|move|p2a: OMFG1HAIL|Leech Seed|p1a: Volcarona
|-start|p1a: Volcarona|move: Leech Seed
|
|-weather|Hail|[upkeep]
|-damage|p1a: Volcarona|292/311|[from] hail
|-heal|p1a: Volcarona|311/311|[from] item: Leftovers
|-heal|p2a: OMFG1HAIL|164/384|[from] item: Leftovers
|-damage|p1a: Volcarona|273/311|[from] Leech Seed|[of] p2a: OMFG1HAIL
|-heal|p2a: OMFG1HAIL|202/384|[silent]
|turn|11
|
|switch|p1a: Politoed|Politoed, M|384/384
|-weather|RainDance|[from] ability: Drizzle|[of] p1a: Politoed
|switch|p2a: Forblaze|Heatran, M|386/386
|-damage|p2a: Forblaze|338/386|[from] Stealth Rock
|-item|p2a: Forblaze|Air Balloon
|
|-weather|RainDance|[upkeep]
|turn|12
|
|switch|p2a: The Anthem|Tentacruel, F|168/364
|-damage|p2a: The Anthem|123/364|[from] Stealth Rock
|move|p1a: Politoed|Hydro Pump|p2a: The Anthem|[miss]
|-miss|p1a: Politoed|p2a: The Anthem
|
|-weather|RainDance|[upkeep]
|-heal|p2a: The Anthem|145/364|[from] ability: Rain Dish
|-heal|p2a: The Anthem|167/364|[from] item: Black Sludge
|turn|13
|
|switch|p1a: Toxicroak|Toxicroak, M|314/314
|move|p2a: The Anthem|Rapid Spin|p1a: Toxicroak
|-damage|p1a: Toxicroak|298/314
|-sideend|p2: ExoTicP0Mm3|Stealth Rock|[from] move: Rapid Spin|[of] p2a: The Anthem
|
|-weather|RainDance|[upkeep]
|-heal|p1a: Toxicroak|314/314|[from] ability: Dry Skin
|-heal|p2a: The Anthem|189/364|[from] ability: Rain Dish
|-heal|p2a: The Anthem|211/364|[from] item: Black Sludge
|turn|14
|
|switch|p2a: Love Drugs|Gliscor, F|310/354 tox
|move|p1a: Toxicroak|Drain Punch|p2a: Love Drugs
|-resisted|p2a: Love Drugs
|-damage|p2a: Love Drugs|261/354 tox
|-damage|p1a: Toxicroak|283/314|[from] item: Life Orb
|
|-weather|RainDance|[upkeep]
|-heal|p1a: Toxicroak|314/314|[from] ability: Dry Skin
|-heal|p2a: Love Drugs|305/354 tox|[from] ability: Poison Heal
|turn|15
|
|switch|p2a: Skwere FTW|Kyurem|391/391
|-ability|p2a: Skwere FTW|Pressure
|move|p1a: Toxicroak|Ice Punch|p2a: Skwere FTW
|-damage|p2a: Skwere FTW|273/391
|-damage|p1a: Toxicroak|283/314|[from] item: Life Orb
|
|-weather|RainDance|[upkeep]
|-heal|p1a: Toxicroak|314/314|[from] ability: Dry Skin
|turn|16
|
|switch|p1a: Gastrodon|Gastrodon, F|426/426
|move|p2a: Skwere FTW|Draco Meteor|p1a: Gastrodon|[miss]
|-miss|p2a: Skwere FTW|p1a: Gastrodon
|
|-weather|RainDance|[upkeep]
|turn|17
|
|switch|p2a: OMFG1HAIL|Abomasnow, M|202/384
|-weather|Hail|[from] ability: Snow Warning|[of] p2a: OMFG1HAIL
|move|p1a: Gastrodon|Recover|p1a: Gastrodon
|-fail|p1a: Gastrodon
|
|-weather|Hail|[upkeep]
|-damage|p1a: Gastrodon|400/426|[from] hail
|-heal|p2a: OMFG1HAIL|226/384|[from] item: Leftovers
|-heal|p1a: Gastrodon|426/426|[from] item: Leftovers
|turn|18
|
|switch|p1a: Volcarona|Volcarona, M|273/311
|move|p2a: OMFG1HAIL|Leech Seed|p1a: Volcarona
|-start|p1a: Volcarona|move: Leech Seed
|
|-weather|Hail|[upkeep]
|-damage|p1a: Volcarona|254/311|[from] hail
|-heal|p1a: Volcarona|273/311|[from] item: Leftovers
|-heal|p2a: OMFG1HAIL|250/384|[from] item: Leftovers
|-damage|p1a: Volcarona|235/311|[from] Leech Seed|[of] p2a: OMFG1HAIL
|-heal|p2a: OMFG1HAIL|288/384|[silent]
|turn|19
|
|switch|p2a: Forblaze|Heatran, M|338/386
|-item|p2a: Forblaze|Air Balloon
|move|p1a: Volcarona|Bug Buzz|p2a: Forblaze
|-resisted|p2a: Forblaze
|-damage|p2a: Forblaze|295/386
|-enditem|p2a: Forblaze|Air Balloon
|
|-weather|Hail|[upkeep]
|-damage|p1a: Volcarona|216/311|[from] hail
|-damage|p2a: Forblaze|271/386|[from] hail
|-heal|p1a: Volcarona|235/311|[from] item: Leftovers
|-damage|p1a: Volcarona|197/311|[from] Leech Seed|[of] p2a: Forblaze
|-heal|p2a: Forblaze|309/386|[silent]
|turn|20
|
|switch|p1a: Starmie|Starmie|261/261
|switch|p2a: Skwere FTW|Kyurem|273/391
|-ability|p2a: Skwere FTW|Pressure
|
|-weather|Hail|[upkeep]
|-damage|p1a: Starmie|245/261|[from] hail
|-heal|p1a: Starmie|261/261|[from] item: Leftovers
|turn|21
|
|move|p2a: Skwere FTW|Draco Meteor|p1a: Starmie
|-damage|p1a: Starmie|0 fnt
|-unboost|p2a: Skwere FTW|spa|2
|faint|p1a: Starmie
|
|-weather|Hail|[upkeep]
|
|switch|p1a: Politoed|Politoed, M|384/384
|-weather|RainDance|[from] ability: Drizzle|[of] p1a: Politoed
|turn|22
|
|switch|p2a: OMFG1HAIL|Abomasnow, M|288/384
|-weather|Hail|[from] ability: Snow Warning|[of] p2a: OMFG1HAIL
|switch|p1a: Toxicroak|Toxicroak, M|314/314
|
|-weather|Hail|[upkeep]
|-damage|p1a: Toxicroak|295/314|[from] hail
|-heal|p2a: OMFG1HAIL|312/384|[from] item: Leftovers
|turn|23
|
|switch|p2a: Love Drugs|Gliscor, F|305/354 tox
|move|p1a: Toxicroak|Drain Punch|p2a: Love Drugs
|-resisted|p2a: Love Drugs
|-damage|p2a: Love Drugs|249/354 tox
|-heal|p1a: Toxicroak|314/314|[from] drain|[of] p2a: Love Drugs
|-damage|p1a: Toxicroak|283/314|[from] item: Life Orb
|
|-weather|Hail|[upkeep]
|-damage|p1a: Toxicroak|264/314|[from] hail
|-damage|p2a: Love Drugs|227/354 tox|[from] hail
|-heal|p2a: Love Drugs|271/354 tox|[from] ability: Poison Heal
|turn|24
|
|move|p1a: Toxicroak|Ice Punch|p2a: Love Drugs
|-supereffective|p2a: Love Drugs
|-damage|p2a: Love Drugs|0 fnt
|-damage|p1a: Toxicroak|233/314|[from] item: Life Orb
|faint|p2a: Love Drugs
|
|-weather|Hail|[upkeep]
|-damage|p1a: Toxicroak|214/314|[from] hail
|
|switch|p2a: Green|Scizor, M, shiny|176/281
|turn|25
|
|switch|p1a: Politoed|Politoed, M|384/384
|-weather|RainDance|[from] ability: Drizzle|[of] p1a: Politoed
|move|p2a: Green|U-turn|p1a: Politoed
|-damage|p1a: Politoed|147/384
|
|switch|p2a: OMFG1HAIL|Abomasnow, M|312/384
|-weather|Hail|[from] ability: Snow Warning|[of] p2a: OMFG1HAIL
|
|-weather|Hail|[upkeep]
|-damage|p1a: Politoed|123/384|[from] hail
|-heal|p2a: OMFG1HAIL|336/384|[from] item: Leftovers
|turn|26
|
|switch|p1a: Volcarona|Volcarona, M|197/311
|switch|p2a: The Anthem|Tentacruel, F|211/364
|
|-weather|Hail|[upkeep]
|-damage|p1a: Volcarona|178/311|[from] hail
|-damage|p2a: The Anthem|189/364|[from] hail
|-heal|p1a: Volcarona|197/311|[from] item: Leftovers
|-heal|p2a: The Anthem|211/364|[from] item: Black Sludge
|turn|27
|
|switch|p1a: Politoed|Politoed, M|123/384
|-weather|RainDance|[from] ability: Drizzle|[of] p1a: Politoed
|move|p2a: The Anthem|Knock Off|p1a: Politoed
|-damage|p1a: Politoed|108/384
|-enditem|p1a: Politoed|Choice Specs|[from] move: Knock Off|[of] p2a: The Anthem
|
|-weather|RainDance|[upkeep]
|-heal|p2a: The Anthem|233/364|[from] ability: Rain Dish
|-heal|p2a: The Anthem|255/364|[from] item: Black Sludge
|turn|28
|
|switch|p2a: Skwere FTW|Kyurem|273/391
|-ability|p2a: Skwere FTW|Pressure
|switch|p1a: Toxicroak|Toxicroak, M|214/314
|
|-weather|RainDance|[upkeep]
|-heal|p1a: Toxicroak|253/314|[from] ability: Dry Skin
|turn|29
|
|switch|p1a: Gastrodon|Gastrodon, F|426/426
|move|p2a: Skwere FTW|Draco Meteor|p1a: Gastrodon
|-damage|p1a: Gastrodon|116/426
|-unboost|p2a: Skwere FTW|spa|2
|
|-weather|RainDance|[upkeep]
|-heal|p1a: Gastrodon|142/426|[from] item: Leftovers
|turn|30
|
|switch|p2a: OMFG1HAIL|Abomasnow, M|336/384
|-weather|Hail|[from] ability: Snow Warning|[of] p2a: OMFG1HAIL
|move|p1a: Gastrodon|Recover|p1a: Gastrodon
|-heal|p1a: Gastrodon|355/426
|
|-weather|Hail|[upkeep]
|-damage|p1a: Gastrodon|329/426|[from] hail
|-heal|p2a: OMFG1HAIL|360/384|[from] item: Leftovers
|-heal|p1a: Gastrodon|355/426|[from] item: Leftovers
|turn|31
|
|switch|p2a: Forblaze|Heatran, M|309/386
|move|p1a: Gastrodon|Toxic|p2a: Forblaze
|-fail|p2a: Forblaze
|
|-weather|Hail|[upkeep]
|-damage|p2a: Forblaze|285/386|[from] hail
|-damage|p1a: Gastrodon|329/426|[from] hail
|-heal|p1a: Gastrodon|355/426|[from] item: Leftovers
|turn|32
|
|move|p2a: Forblaze|Stealth Rock|p1a: Gastrodon
|-sidestart|p1: shadowist|move: Stealth Rock
|move|p1a: Gastrodon|Earth Power|p2a: Forblaze
|-supereffective|p2a: Forblaze
|-damage|p2a: Forblaze|0 fnt
|faint|p2a: Forblaze
|
|-weather|Hail|[upkeep]
|-damage|p1a: Gastrodon|329/426|[from] hail
|-heal|p1a: Gastrodon|355/426|[from] item: Leftovers
|
|switch|p2a: OMFG1HAIL|Abomasnow, M|360/384
|turn|33
|
|move|p2a: OMFG1HAIL|Seed Bomb|p1a: Gastrodon
|-supereffective|p1a: Gastrodon
|-damage|p1a: Gastrodon|0 fnt
|faint|p1a: Gastrodon
|
|-weather|Hail|[upkeep]
|-heal|p2a: OMFG1HAIL|384/384|[from] item: Leftovers
|
|switch|p1a: Politoed|Politoed, M|108/384
|-damage|p1a: Politoed|60/384|[from] Stealth Rock
|-weather|RainDance|[from] ability: Drizzle|[of] p1a: Politoed
|turn|34
|
|switch|p2a: Green|Scizor, M, shiny|176/281
|move|p1a: Politoed|Focus Blast|p2a: Green
|-damage|p2a: Green|37/281
|
|-weather|RainDance|[upkeep]
|turn|35
|
|move|p2a: Green|U-turn|p1a: Politoed
|-damage|p1a: Politoed|0 fnt
|faint|p1a: Politoed
|
|switch|p2a: Skwere FTW|Kyurem|273/391
|-ability|p2a: Skwere FTW|Pressure
|
|-weather|RainDance|[upkeep]
|
|switch|p1a: Volcarona|Volcarona, M|197/311
|-damage|p1a: Volcarona|42/311|[from] Stealth Rock
|turn|36
|
|switch|p2a: OMFG1HAIL|Abomasnow, M|384/384
|-weather|Hail|[from] ability: Snow Warning|[of] p2a: OMFG1HAIL
|move|p1a: Volcarona|Bug Buzz|p2a: OMFG1HAIL
|-supereffective|p2a: OMFG1HAIL
|-damage|p2a: OMFG1HAIL|0 fnt
|faint|p2a: OMFG1HAIL
|
|-weather|Hail|[upkeep]
|-damage|p1a: Volcarona|23/311|[from] hail
|-heal|p1a: Volcarona|42/311|[from] item: Leftovers
|
|switch|p2a: Skwere FTW|Kyurem|273/391
|-ability|p2a: Skwere FTW|Pressure
|turn|37
|
|move|p2a: Skwere FTW|Blizzard|p1a: Volcarona
|-resisted|p1a: Volcarona
|-damage|p1a: Volcarona|0 fnt
|faint|p1a: Volcarona
|
|-weather|Hail|[upkeep]
|
|switch|p1a: Toxicroak|Toxicroak, M|253/314
|-damage|p1a: Toxicroak|234/314|[from] Stealth Rock
|turn|38
|
|move|p1a: Toxicroak|Sucker Punch|p2a: Skwere FTW
|-damage|p2a: Skwere FTW|137/391
|-damage|p1a: Toxicroak|203/314|[from] item: Life Orb
|move|p2a: Skwere FTW|Blizzard|p1a: Toxicroak
|-damage|p1a: Toxicroak|0 fnt
|faint|p1a: Toxicroak
|
|win|ExoTicP0Mm3
|raw|Ladder updating...
|raw|shadowist's rating: 1422 &rarr; <strong>1406</strong><br />(-16 for losing)
|raw|ExoTicP0Mm3's rating: 1479 &rarr; <strong>1496</strong><br />(+17 for winning)
|chat|ExoTicP0Mm3|GG
|chat|shadowist|gg
|leave|ExoTicP0Mm3
|player|p2
|leave|shadowist
|player|p1
|join|ExoTicP0Mm3