|j|☆seanb143
|j|☆12345678koishi
|t:|1727379528
|gametype|singles
|player|p1|seanb143|emmet|1342
|player|p2|12345678koishi|lady|1348
|teamsize|p1|6
|teamsize|p2|6
|gen|5
|tier|[Gen 5] OU
|rated|
|rule|Species Clause: Limit one of each Pokémon
|rule|OHKO Clause: OHKO moves are banned
|rule|Moody Clause: Moody is banned
|rule|Evasion Items Clause: Evasion items are banned
|rule|Evasion Moves Clause: Evasion moves are banned
|rule|Endless Battle Clause: Forcing endless battles is banned
|rule|HP Percentage Mod: HP is shown in percentages
|rule|Evasion Abilities Clause: Evasion abilities are banned
|rule|Sleep Moves Clause: Sleep-inducing moves are banned
|rule|Swagger Clause: Swagger is banned
|rule|Baton Pass Stat Clause: No Baton Passer may have a way to boost its stats
|clearpoke
|poke|p1|Heatran, F|item
|poke|p1|Blissey, F|item
|poke|p1|Starmie|item
|poke|p1|Breloom, F|item
|poke|p1|Gliscor, M|item
|poke|p1|Skarmory, F|item
|poke|p2|Alakazam, F|item
|poke|p2|Skarmory, F|item
|poke|p2|Gengar, F|item
|poke|p2|Lucario, F|item
|poke|p2|Magnezone|item
|poke|p2|Dragonite, M|item
|teampreview
|inactive|Battle timer is ON: inactive players will automatically lose when time's up. (requested by seanb143)
|
|t:|1727379547
|start
|switch|p1a: Gliscor|Gliscor, M, shiny|100/100
|switch|p2a: Dragonite|Dragonite, M|100/100
|turn|1
|
|t:|1727379559
|move|p1a: Gliscor|Taunt|p2a: Dragonite
|-start|p2a: Dragonite|move: Taunt
|cant|p2a: Dragonite|move: Taunt|Dragon Dance
|
|-status|p1a: Gliscor|tox|[from] item: Toxic Orb
|upkeep
|turn|2
|
|t:|1727379566
|switch|p2a: Gengar|Gengar, F|100/100
|move|p1a: Gliscor|Ice Fang|p2a: Gengar
|-damage|p2a: Gengar|60/100
|
|-heal|p2a: Gengar|66/100|[from] item: Leftovers
|upkeep
|turn|3
|inactive|seanb143 has 120 seconds left.
|
|t:|1727379599
|switch|p1a: Blissey|Blissey, F, shiny|100/100
|move|p2a: Gengar|Shadow Ball|p1a: Blissey
|-immune|p1a: Blissey
|
|-heal|p2a: Gengar|72/100|[from] item: Leftovers
|upkeep
|turn|4
|
|t:|1727379608
|switch|p2a: Skarmory|Skarmory, F|100/100
|move|p1a: Blissey|Thunderbolt|p2a: Skarmory
|-supereffective|p2a: Skarmory
|-damage|p2a: Skarmory|42/100
|
|upkeep
|turn|5
|
|t:|1727379615
|move|p2a: Skarmory|Stealth Rock|p1a: Blissey
|-sidestart|p1: seanb143|move: Stealth Rock
|move|p1a: Blissey|Stealth Rock|p2a: Skarmory
|-sidestart|p2: 12345678koishi|move: Stealth Rock
|
|upkeep
|turn|6
|
|t:|1727379620
|move|p2a: Skarmory|Spikes|p1a: Blissey
|-sidestart|p1: seanb143|Spikes
|move|p1a: Blissey|Thunderbolt|p2a: Skarmory
|-supereffective|p2a: Skarmory
|-damage|p2a: Skarmory|0 fnt
|faint|p2a: Skarmory
|
|upkeep
|
|t:|1727379635
|switch|p2a: Dragonite|Dragonite, M|100/100
|-damage|p2a: Dragonite|76/100|[from] Stealth Rock
|turn|7
|
|t:|1727379659
|switch|p1a: Gliscor|Gliscor, M, shiny|100/100 tox
|-damage|p1a: Gliscor|88/100 tox|[from] Stealth Rock
|move|p2a: Dragonite|Dragon Dance|p2a: Dragonite
|-boost|p2a: Dragonite|atk|1
|-boost|p2a: Dragonite|spe|1
|
|-heal|p1a: Gliscor|100/100 tox|[from] ability: Poison Heal
|upkeep
|turn|8
|
|t:|1727379669
|move|p2a: Dragonite|Outrage|p1a: Gliscor
|-damage|p1a: Gliscor|3/100 tox
|move|p1a: Gliscor|Ice Fang|p2a: Dragonite
|-supereffective|p2a: Dragonite
|-damage|p2a: Dragonite|0 fnt
|faint|p2a: Dragonite
|
|-heal|p1a: Gliscor|15/100 tox|[from] ability: Poison Heal
|upkeep
|
|t:|1727379684
|switch|p2a: Alakazam|Alakazam, F|100/100
|turn|9
|
|t:|1727379690
|switch|p1a: Heatran|Heatran, F, shiny|100/100
|-damage|p1a: Heatran|88/100|[from] Stealth Rock
|-damage|p1a: Heatran|76/100|[from] Spikes
|move|p2a: Alakazam|Calm Mind|p2a: Alakazam
|-boost|p2a: Alakazam|spa|1
|-boost|p2a: Alakazam|spd|1
|
|-heal|p1a: Heatran|82/100|[from] item: Leftovers
|upkeep
|turn|10
|
|t:|1727379701
|move|p2a: Alakazam|Focus Blast|p1a: Heatran
|-supereffective|p1a: Heatran
|-crit|p1a: Heatran
|-damage|p1a: Heatran|0 fnt
|faint|p1a: Heatran
|
|upkeep
|
|t:|1727379709
|switch|p1a: Blissey|Blissey, F, shiny|100/100
|-damage|p1a: Blissey|88/100|[from] Stealth Rock
|-damage|p1a: Blissey|76/100|[from] Spikes
|turn|11
|
|t:|1727379715
|move|p2a: Alakazam|Psyshock|p1a: Blissey
|-damage|p1a: Blissey|23/100
|move|p1a: Blissey|Seismic Toss|p2a: Alakazam
|-damage|p2a: Alakazam|61/100
|
|-heal|p1a: Blissey|29/100|[from] item: Leftovers
|upkeep
|turn|12
|
|t:|1727379723
|move|p2a: Alakazam|Psyshock|p1a: Blissey
|-damage|p1a: Blissey|0 fnt
|faint|p1a: Blissey
|
|upkeep
|
|t:|1727379727
|switch|p1a: Breloom|Breloom, F, shiny|100/100
|-damage|p1a: Breloom|94/100|[from] Stealth Rock
|-damage|p1a: Breloom|82/100|[from] Spikes
|turn|13
|
|t:|1727379734
|move|p1a: Breloom|Mach Punch|p2a: Alakazam
|-resisted|p2a: Alakazam
|-damage|p2a: Alakazam|34/100
|move|p2a: Alakazam|Psyshock|p1a: Breloom
|-supereffective|p1a: Breloom
|-damage|p1a: Breloom|0 fnt
|faint|p1a: Breloom
|
|upkeep
|
|t:|1727379746
|switch|p1a: Starmie|Starmie, shiny|100/100
|-damage|p1a: Starmie|88/100|[from] Stealth Rock
|-damage|p1a: Starmie|76/100|[from] Spikes
|turn|14
|
|t:|1727379751
|move|p2a: Alakazam|Shadow Ball|p1a: Starmie
|-supereffective|p1a: Starmie
|-damage|p1a: Starmie|0 fnt
|faint|p1a: Starmie
|
|upkeep
|
|t:|1727379754
|switch|p1a: Skarmory|Skarmory, F, shiny|100/100
|-damage|p1a: Skarmory|88/100|[from] Stealth Rock
|turn|15
|
|t:|1727379760
|move|p2a: Alakazam|Focus Blast|p1a: Skarmory
|-damage|p1a: Skarmory|0 fnt
|faint|p1a: Skarmory
|
|upkeep
|-message|seanb143 forfeited.
|
|win|12345678koishi
|raw|seanb143's rating: 1342 &rarr; <strong>1322</strong><br />(-20 for losing)
|raw|12345678koishi's rating: 1348 &rarr; <strong>1368</strong><br />(+20 for winning)
|l|☆seanb143
|player|p1|
