|j|‽Beetleinthebox
|j|☆B1kharma
|t:|1732986410
|gametype|singles
|player|p1|Beetleinthebox|sage-gen2|1344
|player|p2|B1kharma|#wcop2024belgium|1492
|teamsize|p1|6
|teamsize|p2|6
|gen|5
|tier|[Gen 5] OU
|rated|
|rule|Species Clause: Limit one of each Pokémon
|rule|OHKO Clause: OHKO moves are banned
|rule|Moody Clause: Moody is banned
|rule|Evasion Items Clause: Evasion items are banned
|rule|Evasion Moves Clause: Evasion moves are banned
|rule|Endless Battle Clause: Forcing endless battles is banned
|rule|HP Percentage Mod: HP is shown in percentages
|rule|Evasion Abilities Clause: Evasion abilities are banned
|rule|Sleep Moves Clause: Sleep-inducing moves are banned
|rule|Swagger Clause: Swagger is banned
|rule|Baton Pass Stat Clause: No Baton Passer may have a way to boost its stats
|clearpoke
|poke|p1|Tyranitar, F|item
|poke|p1|Ferrothorn, M|item
|poke|p1|Landorus-Therian, M|item
|poke|p1|Latios, M|item
|poke|p1|Alakazam, M|item
|poke|p1|Reuniclus, F|item
|poke|p2|Jirachi|item
|poke|p2|Magnezone|item
|poke|p2|Latios, M|item
|poke|p2|Latias, F|item
|poke|p2|Keldeo|item
|poke|p2|Conkeldurr, M|item
|teampreview
|inactive|Battle timer is ON: inactive players will automatically lose when time's up. (requested by B1kharma)
|
|t:|1732986435
|start
|switch|p1a: Landorus|Landorus-Therian, M|100/100
|switch|p2a: Latios|Latios, M|100/100
|-ability|p1a: Landorus|Intimidate|boost
|-unboost|p2a: Latios|atk|1
|turn|1
|
|t:|1732986443
|move|p1a: Landorus|U-turn|p2a: Latios
|-supereffective|p2a: Latios
|-damage|p2a: Latios|32/100
|
|t:|1732986451
|switch|p1a: Ferrothorn|Ferrothorn, M|100/100|[from] U-turn
|move|p2a: Latios|Surf|p1a: Ferrothorn
|-resisted|p1a: Ferrothorn
|-damage|p1a: Ferrothorn|84/100
|
|upkeep
|turn|2
|
|t:|1732986467
|switch|p2a: Magnezone|Magnezone|100/100
|-item|p2a: Magnezone|Air Balloon
|switch|p1a: Landorus|Landorus-Therian, M|100/100
|-ability|p1a: Landorus|Intimidate|boost
|-unboost|p2a: Magnezone|atk|1
|
|upkeep
|turn|3
|
|t:|1732986474
|switch|p2a: Jirachi|Jirachi|100/100
|move|p1a: Landorus|U-turn|p2a: Jirachi
|-damage|p2a: Jirachi|77/100
|l|☆B1kharma
|inactive|B1kharma disconnected and has a minute to reconnect!
|player|p2|
|
|t:|1732986498
|switch|p1a: Ferrothorn|Ferrothorn, M|84/100|[from] U-turn
|
|upkeep
|turn|4
|j|☆B1kharma
|inactive|B1kharma reconnected and has 145 seconds left.
|player|p2|B1kharma|#wcop2024belgium|
|
|t:|1732986509
|switch|p1a: Landorus|Landorus-Therian, M|100/100
|-ability|p1a: Landorus|Intimidate|boost
|-unboost|p2a: Jirachi|atk|1
|move|p2a: Jirachi|U-turn|p1a: Landorus
|-resisted|p1a: Landorus
|-damage|p1a: Landorus|95/100
|
|t:|1732986512
|switch|p2a: Latias|Latias, F|100/100|[from] U-turn
|
|upkeep
|turn|5
|
|t:|1732986518
|switch|p2a: Keldeo|Keldeo|100/100
|move|p1a: Landorus|U-turn|p2a: Keldeo
|-resisted|p2a: Keldeo
|-damage|p2a: Keldeo|86/100
|
|t:|1732986532
|switch|p1a: Tyranitar|Tyranitar, F|100/100|[from] U-turn
|-weather|Sandstorm|[from] ability: Sand Stream|[of] p1a: Tyranitar
|
|-weather|Sandstorm|[upkeep]
|-damage|p2a: Keldeo|80/100|[from] Sandstorm
|upkeep
|turn|6
|
|t:|1732986538
|switch|p1a: Latios|Latios, M|100/100
|move|p2a: Keldeo|Secret Sword|p1a: Latios
|-resisted|p1a: Latios
|-damage|p1a: Latios|71/100
|
|-weather|Sandstorm|[upkeep]
|-damage|p1a: Latios|65/100|[from] Sandstorm
|-damage|p2a: Keldeo|74/100|[from] Sandstorm
|upkeep
|turn|7
|
|t:|1732986556
|switch|p2a: Jirachi|Jirachi|77/100
|move|p1a: Latios|Draco Meteor|p2a: Jirachi
|-resisted|p2a: Jirachi
|-damage|p2a: Jirachi|37/100
|-unboost|p1a: Latios|spa|2
|
|-weather|Sandstorm|[upkeep]
|-damage|p1a: Latios|59/100|[from] Sandstorm
|upkeep
|turn|8
|
|t:|1732986570
|switch|p1a: Ferrothorn|Ferrothorn, M|84/100
|move|p2a: Jirachi|U-turn|p1a: Ferrothorn
|-damage|p1a: Ferrothorn|70/100
|-damage|p2a: Jirachi|24/100|[from] ability: Iron Barbs|[of] p1a: Ferrothorn
|-damage|p2a: Jirachi|8/100|[from] item: Rocky Helmet|[of] p1a: Ferrothorn
|
|t:|1732986573
|switch|p2a: Magnezone|Magnezone|100/100|[from] U-turn
|-item|p2a: Magnezone|Air Balloon
|
|-weather|Sandstorm|[upkeep]
|upkeep
|turn|9
|
|t:|1732986582
|move|p2a: Magnezone|Hidden Power|p1a: Ferrothorn
|-supereffective|p1a: Ferrothorn
|-damage|p1a: Ferrothorn|7/100
|move|p1a: Ferrothorn|Stealth Rock|p2a: Magnezone
|-sidestart|p2: B1kharma|move: Stealth Rock
|
|-weather|Sandstorm|[upkeep]
|upkeep
|turn|10
|
|t:|1732986590
|move|p2a: Magnezone|Hidden Power|p1a: Ferrothorn
|-supereffective|p1a: Ferrothorn
|-damage|p1a: Ferrothorn|0 fnt
|faint|p1a: Ferrothorn
|
|-weather|Sandstorm|[upkeep]
|upkeep
|inactive|Beetleinthebox has 120 seconds left.
|
|t:|1732986622
|switch|p1a: Latios|Latios, M|59/100
|turn|11
|inactive|Beetleinthebox has 120 seconds left.
|
|t:|1732986652
|move|p1a: Latios|Draco Meteor|p2a: Magnezone
|-resisted|p2a: Magnezone
|-damage|p2a: Magnezone|34/100
|-unboost|p1a: Latios|spa|2
|-enditem|p2a: Magnezone|Air Balloon
|move|p2a: Magnezone|Volt Switch|p1a: Latios
|-resisted|p1a: Latios
|-damage|p1a: Latios|42/100
|inactive|B1kharma has 120 seconds left.
|
|t:|1732986684
|switch|p2a: Conkeldurr|Conkeldurr, M|100/100|[from] Volt Switch
|-damage|p2a: Conkeldurr|94/100|[from] Stealth Rock
|
|-weather|Sandstorm|[upkeep]
|-damage|p1a: Latios|36/100|[from] Sandstorm
|-damage|p2a: Conkeldurr|88/100|[from] Sandstorm
|-heal|p2a: Conkeldurr|94/100|[from] item: Leftovers
|upkeep
|turn|12
|
|t:|1732986693
|switch|p1a: Reuniclus|Reuniclus, F|100/100
|move|p2a: Conkeldurr|Ice Punch|p1a: Reuniclus
|-damage|p1a: Reuniclus|85/100
|
|-weather|Sandstorm|[upkeep]
|-damage|p2a: Conkeldurr|88/100|[from] Sandstorm
|-heal|p1a: Reuniclus|91/100|[from] item: Leftovers
|-heal|p2a: Conkeldurr|94/100|[from] item: Leftovers
|upkeep
|turn|13
|
|t:|1732986707
|switch|p2a: Latias|Latias, F|100/100
|-damage|p2a: Latias|88/100|[from] Stealth Rock
|move|p1a: Reuniclus|Psychic|p2a: Latias
|-resisted|p2a: Latias
|-damage|p2a: Latias|71/100
|-unboost|p2a: Latias|spd|1
|
|-weather|Sandstorm|[upkeep]
|-damage|p2a: Latias|65/100|[from] Sandstorm
|-heal|p1a: Reuniclus|97/100|[from] item: Leftovers
|upkeep
|turn|14
|inactive|Beetleinthebox has 120 seconds left.
|
|t:|1732986732
|move|p2a: Latias|Thunder Wave|p1a: Reuniclus
|-status|p1a: Reuniclus|par
|move|p1a: Reuniclus|Calm Mind|p1a: Reuniclus
|-boost|p1a: Reuniclus|spa|1
|-boost|p1a: Reuniclus|spd|1
|
|-weather|Sandstorm|[upkeep]
|-damage|p2a: Latias|59/100|[from] Sandstorm
|-heal|p1a: Reuniclus|100/100 par|[from] item: Leftovers
|upkeep
|turn|15
|
|t:|1732986742
|switch|p2a: Magnezone|Magnezone|34/100
|-damage|p2a: Magnezone|28/100|[from] Stealth Rock
|cant|p1a: Reuniclus|par
|
|-weather|Sandstorm|[upkeep]
|upkeep
|turn|16
|inactive|Beetleinthebox has 120 seconds left.
|
|t:|1732986750
|move|p2a: Magnezone|Volt Switch|p1a: Reuniclus
|-damage|p1a: Reuniclus|77/100 par
|
|t:|1732986756
|switch|p2a: Conkeldurr|Conkeldurr, M|94/100|[from] Volt Switch
|-damage|p2a: Conkeldurr|88/100|[from] Stealth Rock
|cant|p1a: Reuniclus|par
|
|-weather|Sandstorm|[upkeep]
|-damage|p2a: Conkeldurr|82/100|[from] Sandstorm
|-heal|p2a: Conkeldurr|88/100|[from] item: Leftovers
|-heal|p1a: Reuniclus|83/100 par|[from] item: Leftovers
|upkeep
|turn|17
|inactive|B1kharma has 120 seconds left.
|
|t:|1732986764
|switch|p2a: Magnezone|Magnezone|28/100
|-damage|p2a: Magnezone|21/100|[from] Stealth Rock
|move|p1a: Reuniclus|Recover|p1a: Reuniclus
|-heal|p1a: Reuniclus|100/100 par
|
|-weather|Sandstorm|[upkeep]
|upkeep
|turn|18
|
|t:|1732986769
|move|p2a: Magnezone|Sunny Day|p2a: Magnezone
|-weather|SunnyDay
|move|p1a: Reuniclus|Psychic|p2a: Magnezone
|-resisted|p2a: Magnezone
|-damage|p2a: Magnezone|0 fnt
|faint|p2a: Magnezone
|
|-weather|SunnyDay|[upkeep]
|upkeep
|inactive|B1kharma has 120 seconds left.
|
|t:|1732986781
|switch|p2a: Jirachi|Jirachi|8/100
|-damage|p2a: Jirachi|2/100|[from] Stealth Rock
|turn|19
|inactive|B1kharma has 120 seconds left.
|
|t:|1732986809
|move|p2a: Jirachi|Iron Head|p1a: Reuniclus
|-damage|p1a: Reuniclus|78/100 par
|cant|p1a: Reuniclus|flinch
|
|-weather|SunnyDay|[upkeep]
|-heal|p1a: Reuniclus|84/100 par|[from] item: Leftovers
|upkeep
|turn|20
|
|t:|1732986811
|move|p2a: Jirachi|Iron Head|p1a: Reuniclus
|-crit|p1a: Reuniclus
|-damage|p1a: Reuniclus|40/100 par
|move|p1a: Reuniclus|Psychic|p2a: Jirachi
|-resisted|p2a: Jirachi
|-damage|p2a: Jirachi|0 fnt
|faint|p2a: Jirachi
|
|-weather|SunnyDay|[upkeep]
|-heal|p1a: Reuniclus|46/100 par|[from] item: Leftovers
|upkeep
|
|t:|1732986817
|switch|p2a: Keldeo|Keldeo|74/100
|-damage|p2a: Keldeo|68/100|[from] Stealth Rock
|turn|21
|
|t:|1732986826
|move|p2a: Keldeo|Calm Mind|p2a: Keldeo
|-boost|p2a: Keldeo|spa|1
|-boost|p2a: Keldeo|spd|1
|move|p1a: Reuniclus|Recover|p1a: Reuniclus
|-heal|p1a: Reuniclus|96/100 par
|
|-weather|SunnyDay|[upkeep]
|-heal|p1a: Reuniclus|100/100 par|[from] item: Leftovers
|upkeep
|turn|22
|
|t:|1732986830
|move|p2a: Keldeo|Hidden Power|p1a: Reuniclus
|-supereffective|p1a: Reuniclus
|-damage|p1a: Reuniclus|55/100 par
|cant|p1a: Reuniclus|par
|
|-weather|none
|-heal|p1a: Reuniclus|61/100 par|[from] item: Leftovers
|upkeep
|turn|23
|
|t:|1732986833
|move|p2a: Keldeo|Hidden Power|p1a: Reuniclus
|-supereffective|p1a: Reuniclus
|-damage|p1a: Reuniclus|17/100 par
|move|p1a: Reuniclus|Psychic|p2a: Keldeo
|-supereffective|p2a: Keldeo
|-damage|p2a: Keldeo|0 fnt
|faint|p2a: Keldeo
|
|-heal|p1a: Reuniclus|24/100 par|[from] item: Leftovers
|upkeep
|
|t:|1732986838
|switch|p2a: Latios|Latios, M|32/100
|-damage|p2a: Latios|20/100|[from] Stealth Rock
|turn|24
|
|t:|1732986852
|move|p2a: Latios|Dragon Pulse|p1a: Reuniclus
|-damage|p1a: Reuniclus|0 fnt
|faint|p1a: Reuniclus
|
|upkeep
|
|t:|1732986854
|switch|p1a: Landorus|Landorus-Therian, M|95/100
|-ability|p1a: Landorus|Intimidate|boost
|-unboost|p2a: Latios|atk|1
|turn|25
|
|t:|1732986857
|switch|p2a: Conkeldurr|Conkeldurr, M|88/100
|-damage|p2a: Conkeldurr|82/100|[from] Stealth Rock
|move|p1a: Landorus|U-turn|p2a: Conkeldurr
|-resisted|p2a: Conkeldurr
|-damage|p2a: Conkeldurr|72/100
|
|t:|1732986863
|switch|p1a: Alakazam|Alakazam, M|100/100|[from] U-turn
|
|-heal|p2a: Conkeldurr|78/100|[from] item: Leftovers
|upkeep
|turn|26
|
|t:|1732986867
|switch|p2a: Latios|Latios, M|20/100
|-damage|p2a: Latios|7/100|[from] Stealth Rock
|move|p1a: Alakazam|Psychic|p2a: Latios
|-resisted|p2a: Latios
|-damage|p2a: Latios|0 fnt
|faint|p2a: Latios
|
|upkeep
|
|t:|1732986868
|switch|p2a: Latias|Latias, F|59/100
|-damage|p2a: Latias|47/100|[from] Stealth Rock
|turn|27
|
|t:|1732986883
|switch|p1a: Tyranitar|Tyranitar, F|100/100
|-weather|Sandstorm|[from] ability: Sand Stream|[of] p1a: Tyranitar
|move|p2a: Latias|Thunder Wave|p1a: Tyranitar
|-status|p1a: Tyranitar|par
|
|-weather|Sandstorm|[upkeep]
|-damage|p2a: Latias|41/100|[from] Sandstorm
|upkeep
|turn|28
|
|t:|1732986891
|-activate|p2a: Latias|move: Pursuit
|move|p1a: Tyranitar|Pursuit|p2a: Latias|[from]Pursuit
|-supereffective|p2a: Latias
|-damage|p2a: Latias|0 fnt
|faint|p2a: Latias
|-hint|A Pokemon can't switch between when it runs out of HP and when it faints
|
|-weather|Sandstorm|[upkeep]
|upkeep
|
|t:|1732986893
|switch|p2a: Conkeldurr|Conkeldurr, M|78/100
|-damage|p2a: Conkeldurr|72/100|[from] Stealth Rock
|turn|29
|
|t:|1732986898
|switch|p1a: Landorus|Landorus-Therian, M|95/100
|-ability|p1a: Landorus|Intimidate|boost
|-unboost|p2a: Conkeldurr|atk|1
|move|p2a: Conkeldurr|Bulk Up|p2a: Conkeldurr
|-boost|p2a: Conkeldurr|atk|1
|-boost|p2a: Conkeldurr|def|1
|
|-weather|Sandstorm|[upkeep]
|-damage|p2a: Conkeldurr|66/100|[from] Sandstorm
|-heal|p2a: Conkeldurr|72/100|[from] item: Leftovers
|upkeep
|turn|30
|
|t:|1732986904
|move|p1a: Landorus|Explosion|p2a: Conkeldurr
|-damage|p2a: Conkeldurr|18/100
|faint|p1a: Landorus
|move|p2a: Conkeldurr|Drain Punch|p1: Landorus|[notarget]
|-fail|p2a: Conkeldurr
|
|-weather|Sandstorm|[upkeep]
|-damage|p2a: Conkeldurr|12/100|[from] Sandstorm
|-heal|p2a: Conkeldurr|18/100|[from] item: Leftovers
|upkeep
|-message|B1kharma forfeited.
|
|win|Beetleinthebox
|raw|Beetleinthebox's rating: 1344 &rarr; <strong>1372</strong><br />(+28 for winning)
|raw|B1kharma's rating: 1492 &rarr; <strong>1464</strong><br />(-28 for losing)
|l|☆B1kharma
|player|p2|
