|uhtml|medal-msg|<div class="broadcast-blue">Curious what those medals under the avatar are? PS now has Ladder Seasons! For more information, check out the <a href="https://www.smogon.com/forums/threads/3740067/">thread on Smogon.</a></div>
|uhtml|medal-msg|<div class="broadcast-blue">Curious what those medals under the avatar are? PS now has Ladder Seasons! For more information, check out the <a href="https://www.smogon.com/forums/threads/3740067/">thread on Smogon.</a></div>
|j|‽happyhitbox
|j|☆leoperi99
|t:|1712095782
|gametype|singles
|player|p1|happyhitbox|gambler|1296
|player|p2|leoperi99|teacher-gen2|1479
|teamsize|p1|6
|teamsize|p2|6
|gen|5
|tier|[Gen 5] OU
|rated|
|rule|Species Clause: Limit one of each Pokémon
|rule|OHKO Clause: OHKO moves are banned
|rule|Moody Clause: Moody is banned
|rule|Evasion Items Clause: Evasion items are banned
|rule|Evasion Moves Clause: Evasion moves are banned
|rule|Endless Battle Clause: Forcing endless battles is banned
|rule|HP Percentage Mod: HP is shown in percentages
|rule|Evasion Abilities Clause: Evasion abilities are banned
|rule|Sleep Moves Clause: Sleep-inducing moves are banned
|rule|Swagger Clause: Swagger is banned
|rule|Baton Pass Stat Clause: No Baton Passer may have a way to boost its stats
|clearpoke
|poke|p1|Starmie|item
|poke|p1|Scrafty, F|item
|poke|p1|Landorus-Therian, M|item
|poke|p1|Jirachi|item
|poke|p1|Politoed, M|item
|poke|p1|Celebi|item
|poke|p2|Meloetta|item
|poke|p2|Celebi|item
|poke|p2|Skarmory, M|item
|poke|p2|Tyranitar, M|item
|poke|p2|Landorus-Therian, M|item
|poke|p2|Excadrill, M|item
|teampreview
|inactive|Battle timer is ON: inactive players will automatically lose when time's up. (requested by leoperi99)
|inactive|happyhitbox also wants the timer to be on.
|
|t:|1712095812
|start
|switch|p1a: Landorus|Landorus-Therian, M|100/100
|switch|p2a: Celebi|Celebi|100/100
|-ability|p1a: Landorus|Intimidate|boost
|-unboost|p2a: Celebi|atk|1
|turn|1
|inactive|leoperi99 has 120 seconds left.
|
|t:|1712095848
|move|p1a: Landorus|U-turn|p2a: Celebi
|-supereffective|p2a: Celebi
|-damage|p2a: Celebi|24/100
|n|☆happyhitbox|happyhitbox
|
|t:|1712095876
|switch|p1a: Scrafty|Scrafty, F|100/100|[from] U-turn
|move|p2a: Celebi|Stealth Rock|p1a: Scrafty
|-sidestart|p1: happyhitbox|move: Stealth Rock
|
|-heal|p2a: Celebi|30/100|[from] item: Leftovers
|upkeep
|turn|2
|inactive|leoperi99 has 120 seconds left.
|
|t:|1712095908
|move|p2a: Celebi|Recover|p2a: Celebi
|-heal|p2a: Celebi|80/100
|move|p1a: Scrafty|Bulk Up|p1a: Scrafty
|-boost|p1a: Scrafty|atk|1
|-boost|p1a: Scrafty|def|1
|
|-heal|p2a: Celebi|87/100|[from] item: Leftovers
|upkeep
|turn|3
|
|t:|1712095914
|switch|p2a: Skarmory|Skarmory, M|100/100
|move|p1a: Scrafty|Bulk Up|p1a: Scrafty
|-boost|p1a: Scrafty|atk|1
|-boost|p1a: Scrafty|def|1
|
|upkeep
|turn|4
|
|t:|1712095919
|move|p1a: Scrafty|Taunt|p2a: Skarmory
|-start|p2a: Skarmory|move: Taunt
|cant|p2a: Skarmory|move: Taunt|Whirlwind
|
|upkeep
|turn|5
|
|t:|1712095927
|move|p2a: Skarmory|Brave Bird|p1a: Scrafty
|-supereffective|p1a: Scrafty
|-damage|p1a: Scrafty|66/100
|-damage|p2a: Skarmory|89/100|[from] Recoil
|move|p1a: Scrafty|Bulk Up|p1a: Scrafty
|-boost|p1a: Scrafty|atk|1
|-boost|p1a: Scrafty|def|1
|
|-heal|p2a: Skarmory|95/100|[from] item: Leftovers
|-heal|p1a: Scrafty|72/100|[from] item: Leftovers
|upkeep
|turn|6
|
|t:|1712095937
|switch|p2a: Landorus|Landorus-Therian, M|100/100
|-ability|p2a: Landorus|Intimidate|boost
|-unboost|p1a: Scrafty|atk|1
|move|p1a: Scrafty|Drain Punch|p2a: Landorus
|-resisted|p2a: Landorus
|-damage|p2a: Landorus|76/100
|-heal|p1a: Scrafty|85/100|[from] drain|[of] p2a: Landorus
|
|-heal|p1a: Scrafty|91/100|[from] item: Leftovers
|upkeep
|turn|7
|
|t:|1712095949
|move|p2a: Landorus|U-turn|p1a: Scrafty
|-damage|p1a: Scrafty|81/100
|
|t:|1712095952
|switch|p2a: Skarmory|Skarmory, M|95/100|[from] U-turn
|move|p1a: Scrafty|Bulk Up|p1a: Scrafty
|-boost|p1a: Scrafty|atk|1
|-boost|p1a: Scrafty|def|1
|
|-heal|p2a: Skarmory|100/100|[from] item: Leftovers
|-heal|p1a: Scrafty|87/100|[from] item: Leftovers
|upkeep
|turn|8
|
|t:|1712095958
|move|p2a: Skarmory|Brave Bird|p1a: Scrafty
|-supereffective|p1a: Scrafty
|-damage|p1a: Scrafty|65/100
|-damage|p2a: Skarmory|93/100|[from] Recoil
|move|p1a: Scrafty|Taunt|p2a: Skarmory
|-start|p2a: Skarmory|move: Taunt
|
|-heal|p2a: Skarmory|99/100|[from] item: Leftovers
|-heal|p1a: Scrafty|71/100|[from] item: Leftovers
|upkeep
|turn|9
|
|t:|1712095965
|move|p2a: Skarmory|Brave Bird|p1a: Scrafty
|-supereffective|p1a: Scrafty
|-damage|p1a: Scrafty|51/100
|-damage|p2a: Skarmory|93/100|[from] Recoil
|move|p1a: Scrafty|Drain Punch|p2a: Skarmory
|-damage|p2a: Skarmory|55/100
|-heal|p1a: Scrafty|70/100|[from] drain|[of] p2a: Skarmory
|
|-heal|p2a: Skarmory|61/100|[from] item: Leftovers
|-heal|p1a: Scrafty|76/100|[from] item: Leftovers
|upkeep
|turn|10
|-message|leoperi99 forfeited.
|
|win|happyhitbox
|raw|happyhitbox's rating: 1296 &rarr; <strong>1333</strong><br />(+37 for winning)
|raw|leoperi99's rating: 1479 &rarr; <strong>1449</strong><br />(-30 for losing)
|l|☆leoperi99
|player|p2|
