|j|☆reshirampage
|j|☆cdrgcde
|t:|1744015181
|gametype|singles
|player|p1|reshirampage|nate|1473
|player|p2|cdrgcde|dawn|1450
|teamsize|p1|6
|teamsize|p2|6
|gen|5
|tier|[Gen 5] OU
|rated|
|rule|Species Clause: Limit one of each Pokémon
|rule|OHKO Clause: OHKO moves are banned
|rule|Moody Clause: Moody is banned
|rule|Evasion Items Clause: Evasion items are banned
|rule|Evasion Moves Clause: Evasion moves are banned
|rule|Endless Battle Clause: Forcing endless battles is banned
|rule|HP Percentage Mod: HP is shown in percentages
|rule|Evasion Abilities Clause: Evasion abilities are banned
|rule|Sleep Moves Clause: Sleep-inducing moves are banned
|rule|Swagger Clause: Swagger is banned
|rule|Baton Pass Stat Clause: No Baton Passer may have a way to boost its stats
|clearpoke
|poke|p1|Jirachi|item
|poke|p1|Rotom-Wash|item
|poke|p1|Latios, M|item
|poke|p1|Ferrothorn, F|item
|poke|p1|Landorus-Therian, M|item
|poke|p1|Keldeo|item
|poke|p2|Tyranitar, M|item
|poke|p2|Ferrothorn, M|item
|poke|p2|Heatran, M|item
|poke|p2|Landorus-Therian, M|item
|poke|p2|Excadrill, M|item
|poke|p2|Latios, M|item
|teampreview
|inactive|Battle timer is ON: inactive players will automatically lose when time's up. (requested by cdrgcde)
|
|t:|1744015203
|start
|switch|p1a: Keldeo|Keldeo|100/100
|switch|p2a: Latios|Latios, M|100/100
|turn|1
|
|t:|1744015212
|switch|p2a: Heatran|Heatran, M|100/100
|-item|p2a: Heatran|Air Balloon
|switch|p1a: Jirachi|Jirachi|100/100
|
|upkeep
|turn|2
|
|t:|1744015217
|move|p2a: Heatran|Magma Storm|p1a: Jirachi
|-supereffective|p1a: Jirachi
|-damage|p1a: Jirachi|10/100
|-activate|p1a: Jirachi|move: Magma Storm|[of] p2a: Heatran
|move|p1a: Jirachi|U-turn|p2a: Heatran
|-resisted|p2a: Heatran
|-damage|p2a: Heatran|96/100
|-enditem|p2a: Heatran|Air Balloon
|
|t:|1744015224
|switch|p1a: Keldeo|Keldeo|100/100|[from] U-turn
|
|upkeep
|turn|3
|
|t:|1744015233
|switch|p2a: Latios|Latios, M|100/100
|move|p1a: Keldeo|Secret Sword|p2a: Latios
|-resisted|p2a: Latios
|-damage|p2a: Latios|59/100
|
|upkeep
|turn|4
|
|t:|1744015246
|switch|p2a: Ferrothorn|Ferrothorn, M|100/100
|switch|p1a: Ferrothorn|Ferrothorn, F|100/100
|
|upkeep
|turn|5
|
|t:|1744015253
|switch|p1a: Jirachi|Jirachi|10/100
|move|p2a: Ferrothorn|Spikes|p1a: Jirachi
|-sidestart|p1: reshirampage|Spikes
|
|-heal|p1a: Jirachi|16/100|[from] item: Leftovers
|upkeep
|turn|6
|
|t:|1744015265
|move|p1a: Jirachi|Wish|p1a: Jirachi
|move|p2a: Ferrothorn|Stealth Rock|p1a: Jirachi
|-sidestart|p1: reshirampage|move: Stealth Rock
|
|-heal|p1a: Jirachi|22/100|[from] item: Leftovers
|upkeep
|turn|7
|
|t:|1744015273
|move|p1a: Jirachi|Stealth Rock|p2a: Ferrothorn
|-sidestart|p2: cdrgcde|move: Stealth Rock
|move|p2a: Ferrothorn|Spikes|p1a: Jirachi
|-sidestart|p1: reshirampage|Spikes
|
|-heal|p1a: Jirachi|72/100|[from] move: Wish|[wisher] Jirachi
|-heal|p1a: Jirachi|78/100|[from] item: Leftovers
|upkeep
|turn|8
|
|t:|1744015285
|switch|p1a: Keldeo|Keldeo|100/100
|-damage|p1a: Keldeo|84/100|[from] Spikes
|-damage|p1a: Keldeo|78/100|[from] Stealth Rock
|move|p2a: Ferrothorn|Spikes|p1a: Keldeo
|-sidestart|p1: reshirampage|Spikes
|
|upkeep
|turn|9
|
|t:|1744015290
|move|p1a: Keldeo|Focus Blast|p2a: Ferrothorn
|-supereffective|p2a: Ferrothorn
|-damage|p2a: Ferrothorn|0 fnt
|faint|p2a: Ferrothorn
|
|upkeep
|
|t:|1744015299
|switch|p2a: Landorus|Landorus-Therian, M|100/100
|-damage|p2a: Landorus|88/100|[from] Stealth Rock
|-ability|p2a: Landorus|Intimidate|boost
|-unboost|p1a: Keldeo|atk|1
|turn|10
|
|t:|1744015306
|switch|p1a: Landorus|Landorus-Therian, M|100/100
|-damage|p1a: Landorus|88/100|[from] Stealth Rock
|-ability|p1a: Landorus|Intimidate|boost
|-unboost|p2a: Landorus|atk|1
|move|p2a: Landorus|U-turn|p1a: Landorus
|-resisted|p1a: Landorus
|-damage|p1a: Landorus|76/100
|
|t:|1744015320
|switch|p2a: Excadrill|Excadrill, M|100/100|[from] U-turn
|-damage|p2a: Excadrill|98/100|[from] Stealth Rock
|-item|p2a: Excadrill|Air Balloon
|
|upkeep
|turn|11
|
|t:|1744015325
|move|p1a: Landorus|U-turn|p2a: Excadrill
|-resisted|p2a: Excadrill
|-damage|p2a: Excadrill|79/100
|-enditem|p2a: Excadrill|Air Balloon
|
|t:|1744015332
|switch|p1a: Rotom|Rotom-Wash|100/100|[from] U-turn
|-damage|p1a: Rotom|88/100|[from] Stealth Rock
|move|p2a: Excadrill|Rapid Spin|p1a: Rotom
|-damage|p1a: Rotom|80/100
|-sideend|p2: cdrgcde|Stealth Rock|[from] move: Rapid Spin|[of] p2a: Excadrill
|
|upkeep
|turn|12
|
|t:|1744015350
|switch|p2a: Latios|Latios, M|59/100
|move|p1a: Rotom|Hydro Pump|p2a: Latios|[miss]
|-miss|p1a: Rotom|p2a: Latios
|
|upkeep
|turn|13
|
|t:|1744015362
|switch|p2a: Heatran|Heatran, M|96/100
|switch|p1a: Jirachi|Jirachi|78/100
|-damage|p1a: Jirachi|53/100|[from] Spikes
|-damage|p1a: Jirachi|47/100|[from] Stealth Rock
|
|-heal|p1a: Jirachi|53/100|[from] item: Leftovers
|upkeep
|turn|14
|
|t:|1744015374
|switch|p1a: Latios|Latios, M|100/100
|-damage|p1a: Latios|88/100|[from] Stealth Rock
|move|p2a: Heatran|Magma Storm|p1a: Latios
|-resisted|p1a: Latios
|-damage|p1a: Latios|53/100
|-activate|p1a: Latios|move: Magma Storm|[of] p2a: Heatran
|
|-damage|p1a: Latios|47/100|[from] move: Magma Storm|[partiallytrapped]
|upkeep
|turn|15
|
|t:|1744015386
|move|p1a: Latios|Surf|p2a: Heatran
|-supereffective|p2a: Heatran
|-damage|p2a: Heatran|1/100
|move|p2a: Heatran|Hidden Power|p1a: Latios
|-supereffective|p1a: Latios
|-damage|p1a: Latios|0 fnt
|faint|p1a: Latios
|
|upkeep
|
|t:|1744015397
|switch|p1a: Landorus|Landorus-Therian, M|76/100
|-damage|p1a: Landorus|64/100|[from] Stealth Rock
|-ability|p1a: Landorus|Intimidate|boost
|-unboost|p2a: Heatran|atk|1
|turn|16
|
|t:|1744015405
|switch|p2a: Landorus|Landorus-Therian, M|88/100
|-ability|p2a: Landorus|Intimidate|boost
|-unboost|p1a: Landorus|atk|1
|move|p1a: Landorus|U-turn|p2a: Landorus
|-resisted|p2a: Landorus
|-damage|p2a: Landorus|78/100
|
|t:|1744015412
|switch|p1a: Rotom|Rotom-Wash|80/100|[from] U-turn
|-damage|p1a: Rotom|68/100|[from] Stealth Rock
|
|upkeep
|turn|17
|
|t:|1744015419
|move|p2a: Landorus|U-turn|p1a: Rotom
|-damage|p1a: Rotom|39/100
|
|t:|1744015437
|switch|p2a: Tyranitar|Tyranitar, M|100/100|[from] U-turn
|-weather|Sandstorm|[from] ability: Sand Stream|[of] p2a: Tyranitar
|move|p1a: Rotom|Hydro Pump|p2a: Tyranitar
|-supereffective|p2a: Tyranitar
|-damage|p2a: Tyranitar|47/100
|
|-weather|Sandstorm|[upkeep]
|-damage|p1a: Rotom|32/100|[from] Sandstorm
|upkeep
|turn|18
|
|t:|1744015444
|move|p1a: Rotom|Hydro Pump|p2a: Tyranitar
|-supereffective|p2a: Tyranitar
|-damage|p2a: Tyranitar|0 fnt
|faint|p2a: Tyranitar
|
|-weather|Sandstorm|[upkeep]
|-damage|p1a: Rotom|26/100|[from] Sandstorm
|upkeep
|
|t:|1744015461
|switch|p2a: Landorus|Landorus-Therian, M|78/100
|-ability|p2a: Landorus|Intimidate|boost
|-unboost|p1a: Rotom|atk|1
|turn|19
|
|t:|1744015467
|switch|p1a: Landorus|Landorus-Therian, M|64/100
|-damage|p1a: Landorus|52/100|[from] Stealth Rock
|-ability|p1a: Landorus|Intimidate|boost
|-unboost|p2a: Landorus|atk|1
|move|p2a: Landorus|U-turn|p1a: Landorus
|-resisted|p1a: Landorus
|-damage|p1a: Landorus|42/100
|
|t:|1744015472
|switch|p2a: Excadrill|Excadrill, M|79/100|[from] U-turn
|
|-weather|Sandstorm|[upkeep]
|upkeep
|turn|20
|
|t:|1744015487
|switch|p2a: Landorus|Landorus-Therian, M|78/100
|-ability|p2a: Landorus|Intimidate|boost
|-unboost|p1a: Landorus|atk|1
|move|p1a: Landorus|U-turn|p2a: Landorus
|-resisted|p2a: Landorus
|-damage|p2a: Landorus|67/100
|
|t:|1744015492
|switch|p1a: Ferrothorn|Ferrothorn, F|100/100|[from] U-turn
|-damage|p1a: Ferrothorn|75/100|[from] Spikes
|-damage|p1a: Ferrothorn|69/100|[from] Stealth Rock
|
|-weather|Sandstorm|[upkeep]
|-heal|p1a: Ferrothorn|75/100|[from] item: Leftovers
|upkeep
|turn|21
|
|t:|1744015507
|switch|p2a: Excadrill|Excadrill, M|79/100
|move|p1a: Ferrothorn|Power Whip|p2a: Excadrill|[miss]
|-miss|p1a: Ferrothorn|p2a: Excadrill
|
|-weather|Sandstorm|[upkeep]
|-heal|p1a: Ferrothorn|82/100|[from] item: Leftovers
|upkeep
|turn|22
|
|t:|1744015527
|switch|p1a: Landorus|Landorus-Therian, M|42/100
|-damage|p1a: Landorus|29/100|[from] Stealth Rock
|-ability|p1a: Landorus|Intimidate|boost
|-unboost|p2a: Excadrill|atk|1
|move|p2a: Excadrill|Swords Dance|p2a: Excadrill
|-boost|p2a: Excadrill|atk|2
|
|-weather|Sandstorm|[upkeep]
|upkeep
|turn|23
|
|t:|1744015535
|move|p1a: Landorus|Hidden Power|p2a: Excadrill
|-crit|p2a: Excadrill
|-damage|p2a: Excadrill|50/100
|move|p2a: Excadrill|Iron Head|p1a: Landorus
|-damage|p1a: Landorus|0 fnt
|faint|p1a: Landorus
|
|-weather|Sandstorm|[upkeep]
|upkeep
|
|t:|1744015537
|switch|p1a: Keldeo|Keldeo|78/100
|-damage|p1a: Keldeo|53/100|[from] Spikes
|-damage|p1a: Keldeo|47/100|[from] Stealth Rock
|turn|24
|
|t:|1744015554
|move|p1a: Keldeo|Surf|p2a: Excadrill
|-supereffective|p2a: Excadrill
|-crit|p2a: Excadrill
|-damage|p2a: Excadrill|0 fnt
|faint|p2a: Excadrill
|
|-weather|Sandstorm|[upkeep]
|-damage|p1a: Keldeo|41/100|[from] Sandstorm
|upkeep
|
|t:|1744015570
|switch|p2a: Landorus|Landorus-Therian, M|67/100
|-ability|p2a: Landorus|Intimidate|boost
|-unboost|p1a: Keldeo|atk|1
|turn|25
|
|t:|1744015583
|move|p2a: Landorus|U-turn|p1a: Keldeo
|-resisted|p1a: Keldeo
|-damage|p1a: Keldeo|23/100
|
|t:|1744015584
|switch|p2a: Heatran|Heatran, M|1/100|[from] U-turn
|move|p1a: Keldeo|Surf|p2a: Heatran
|-supereffective|p2a: Heatran
|-damage|p2a: Heatran|0 fnt
|faint|p2a: Heatran
|
|-weather|Sandstorm|[upkeep]
|-damage|p1a: Keldeo|17/100|[from] Sandstorm
|upkeep
|
|t:|1744015590
|switch|p2a: Landorus|Landorus-Therian, M|67/100
|-ability|p2a: Landorus|Intimidate|boost
|-unboost|p1a: Keldeo|atk|1
|turn|26
|
|t:|1744015596
|move|p2a: Landorus|U-turn|p1a: Keldeo
|-resisted|p1a: Keldeo
|-damage|p1a: Keldeo|1/100
|
|t:|1744015598
|switch|p2a: Latios|Latios, M|59/100|[from] U-turn
|move|p1a: Keldeo|Surf|p2a: Latios
|-resisted|p2a: Latios
|-damage|p2a: Latios|17/100
|
|-weather|Sandstorm|[upkeep]
|-damage|p2a: Latios|11/100|[from] Sandstorm
|-damage|p1a: Keldeo|0 fnt|[from] Sandstorm
|faint|p1a: Keldeo
|upkeep
|
|t:|1744015609
|switch|p1a: Jirachi|Jirachi|53/100
|-damage|p1a: Jirachi|28/100|[from] Spikes
|-damage|p1a: Jirachi|22/100|[from] Stealth Rock
|turn|27
|
|t:|1744015626
|switch|p2a: Landorus|Landorus-Therian, M|67/100
|-ability|p2a: Landorus|Intimidate|boost
|-unboost|p1a: Jirachi|atk|1
|move|p1a: Jirachi|U-turn|p2a: Landorus
|-resisted|p2a: Landorus
|-damage|p2a: Landorus|61/100
|
|t:|1744015629
|switch|p1a: Ferrothorn|Ferrothorn, F|82/100|[from] U-turn
|-damage|p1a: Ferrothorn|57/100|[from] Spikes
|-damage|p1a: Ferrothorn|50/100|[from] Stealth Rock
|
|-weather|Sandstorm|[upkeep]
|-heal|p1a: Ferrothorn|57/100|[from] item: Leftovers
|upkeep
|turn|28
|
|t:|1744015646
|move|p2a: Landorus|Earthquake|p1a: Ferrothorn
|-damage|p1a: Ferrothorn|11/100
|move|p1a: Ferrothorn|Knock Off|p2a: Landorus
|-damage|p2a: Landorus|55/100
|-enditem|p2a: Landorus|Choice Scarf|[from] move: Knock Off|[of] p1a: Ferrothorn
|
|-weather|Sandstorm|[upkeep]
|-heal|p1a: Ferrothorn|17/100|[from] item: Leftovers
|upkeep
|turn|29
|
|t:|1744015653
|move|p2a: Landorus|Earthquake|p1a: Ferrothorn
|-damage|p1a: Ferrothorn|0 fnt
|faint|p1a: Ferrothorn
|
|-weather|Sandstorm|[upkeep]
|upkeep
|
|t:|1744015655
|switch|p1a: Rotom|Rotom-Wash|26/100
|-damage|p1a: Rotom|14/100|[from] Stealth Rock
|turn|30
|
|t:|1744015662
|switch|p2a: Latios|Latios, M|11/100
|move|p1a: Rotom|Hydro Pump|p2a: Latios
|-resisted|p2a: Latios
|-damage|p2a: Latios|0 fnt
|faint|p2a: Latios
|
|-weather|Sandstorm|[upkeep]
|-damage|p1a: Rotom|7/100|[from] Sandstorm
|upkeep
|
|t:|1744015664
|switch|p2a: Landorus|Landorus-Therian, M|55/100
|-ability|p2a: Landorus|Intimidate|boost
|-unboost|p1a: Rotom|atk|1
|turn|31
|
|t:|1744015666
|move|p1a: Rotom|Hydro Pump|p2a: Landorus
|-supereffective|p2a: Landorus
|-damage|p2a: Landorus|0 fnt
|faint|p2a: Landorus
|
|win|reshirampage
|raw|reshirampage's rating: 1473 &rarr; <strong>1492</strong><br />(+19 for winning)
|raw|cdrgcde's rating: 1450 &rarr; <strong>1431</strong><br />(-19 for losing)
|l|☆cdrgcde
|player|p2|
