|j|☆Clawdia Chauchat
|j|☆Pokemon Master JL
|t:|1735418431
|gametype|singles
|player|p1|Clawdia Chauchat|winona|1426
|player|p2|Pokemon Master JL|dawn|1328
|teamsize|p1|6
|teamsize|p2|6
|gen|5
|tier|[Gen 5] OU
|rated|
|rule|Species Clause: Limit one of each Pokémon
|rule|OHKO Clause: OHKO moves are banned
|rule|Moody Clause: Moody is banned
|rule|Evasion Items Clause: Evasion items are banned
|rule|Evasion Moves Clause: Evasion moves are banned
|rule|Endless Battle Clause: Forcing endless battles is banned
|rule|HP Percentage Mod: HP is shown in percentages
|rule|Evasion Abilities Clause: Evasion abilities are banned
|rule|Sleep Moves Clause: Sleep-inducing moves are banned
|rule|Swagger Clause: Swagger is banned
|rule|Baton Pass Stat Clause: No Baton Passer may have a way to boost its stats
|clearpoke
|poke|p1|Dragonite, M|item
|poke|p1|Politoed, M|item
|poke|p1|Skarmory, F|item
|poke|p1|Tentacruel, F|item
|poke|p1|Jirachi|item
|poke|p1|Latios, M|item
|poke|p2|Lanturn, F|item
|poke|p2|Skarmory, F|item
|poke|p2|Rotom-Wash|item
|poke|p2|Landorus-Therian, M|item
|poke|p2|Porygon2|item
|poke|p2|Conkeldurr, F|item
|teampreview
|
|t:|1735418450
|start
|switch|p1a: Jirachi|Jirachi|100/100
|switch|p2a: Mariana|Lanturn, F|100/100
|turn|1
|
|t:|1735418458
|move|p1a: Jirachi|Stealth Rock|p2a: Mariana
|-sidestart|p2: Pokemon Master JL|move: Stealth Rock
|move|p2a: Mariana|Substitute|p2a: Mariana
|-start|p2a: Mariana|Substitute
|-damage|p2a: Mariana|76/100
|
|-heal|p2a: Mariana|82/100|[from] item: Leftovers
|upkeep
|turn|2
|
|t:|1735418464
|move|p1a: Jirachi|U-turn|p2a: Mariana
|-activate|p2a: Mariana|Substitute|[damage]
|
|t:|1735418472
|switch|p1a: Politoed|Politoed, M, shiny|100/100|[from] U-turn
|-weather|RainDance|[from] ability: Drizzle|[of] p1a: Politoed
|move|p2a: Mariana|Thunder Wave|p1a: Politoed
|-status|p1a: Politoed|par
|
|-weather|RainDance|[upkeep]
|-heal|p2a: Mariana|88/100|[from] item: Leftovers
|upkeep
|turn|3
|
|t:|1735418481
|move|p2a: Mariana|Charge Beam|p1a: Politoed
|-supereffective|p1a: Politoed
|-damage|p1a: Politoed|75/100 par
|-boost|p2a: Mariana|spa|1
|move|p1a: Politoed|Refresh|p1a: Politoed
|-curestatus|p1a: Politoed|par|[msg]
|
|-weather|RainDance|[upkeep]
|-heal|p1a: Politoed|82/100|[from] item: Leftovers
|-heal|p2a: Mariana|94/100|[from] item: Leftovers
|upkeep
|turn|4
|
|t:|1735418498
|move|p1a: Politoed|Encore|p2a: Mariana
|-start|p2a: Mariana|Encore
|move|p2a: Mariana|Charge Beam|p1a: Politoed
|-supereffective|p1a: Politoed
|-damage|p1a: Politoed|47/100
|-boost|p2a: Mariana|spa|1
|
|-weather|RainDance|[upkeep]
|-heal|p1a: Politoed|54/100|[from] item: Leftovers
|-heal|p2a: Mariana|99/100|[from] item: Leftovers
|upkeep
|turn|5
|
|t:|1735418507
|switch|p1a: Latios|Latios, M|100/100
|move|p2a: Mariana|Charge Beam|p1a: Latios
|-resisted|p1a: Latios
|-damage|p1a: Latios|87/100
|
|-weather|RainDance|[upkeep]
|-heal|p2a: Mariana|100/100|[from] item: Leftovers
|upkeep
|turn|6
|
|t:|1735418515
|move|p1a: Latios|Dragon Pulse|p2a: Mariana
|-end|p2a: Mariana|Substitute
|move|p2a: Mariana|Charge Beam|p1a: Latios
|-resisted|p1a: Latios
|-damage|p1a: Latios|72/100
|
|-weather|RainDance|[upkeep]
|-end|p2a: Mariana|Encore
|upkeep
|turn|7
|
|t:|1735418524
|move|p1a: Latios|Dragon Pulse|p2a: Mariana
|-damage|p2a: Mariana|71/100
|move|p2a: Mariana|Thunder Wave|p1a: Latios
|-status|p1a: Latios|par
|
|-weather|RainDance|[upkeep]
|-heal|p2a: Mariana|78/100|[from] item: Leftovers
|upkeep
|turn|8
|
|t:|1735418533
|switch|p1a: Politoed|Politoed, M, shiny|54/100
|move|p2a: Mariana|Substitute|p2a: Mariana
|-start|p2a: Mariana|Substitute
|-damage|p2a: Mariana|53/100
|
|-weather|RainDance|[upkeep]
|-heal|p1a: Politoed|60/100|[from] item: Leftovers
|-heal|p2a: Mariana|59/100|[from] item: Leftovers
|upkeep
|turn|9
|
|t:|1735418542
|move|p1a: Politoed|Encore|p2a: Mariana
|-start|p2a: Mariana|Encore
|move|p2a: Mariana|Substitute|p2a: Mariana
|-fail|p2a: Mariana|move: Substitute
|
|-weather|RainDance|[upkeep]
|-heal|p1a: Politoed|66/100|[from] item: Leftovers
|-heal|p2a: Mariana|65/100|[from] item: Leftovers
|upkeep
|turn|10
|
|t:|1735418550
|switch|p1a: Skarmory|Skarmory, F|100/100
|move|p2a: Mariana|Substitute|p2a: Mariana
|-fail|p2a: Mariana|move: Substitute
|
|-weather|RainDance|[upkeep]
|-heal|p2a: Mariana|71/100|[from] item: Leftovers
|upkeep
|turn|11
|
|t:|1735418557
|move|p2a: Mariana|Substitute|p2a: Mariana
|-fail|p2a: Mariana|move: Substitute
|move|p1a: Skarmory|Whirlwind|p2a: Mariana
|drag|p2a: Sarah|Rotom-Wash, shiny|100/100
|-damage|p2a: Sarah|88/100|[from] Stealth Rock
|
|-weather|RainDance|[upkeep]
|-heal|p2a: Sarah|94/100|[from] item: Leftovers
|upkeep
|turn|12
|
|t:|1735418565
|move|p2a: Sarah|Thunder Wave|p1a: Skarmory
|-status|p1a: Skarmory|par
|move|p1a: Skarmory|Spikes|p2a: Sarah
|-sidestart|p2: Pokemon Master JL|Spikes
|
|-weather|RainDance|[upkeep]
|-heal|p2a: Sarah|100/100|[from] item: Leftovers
|upkeep
|turn|13
|
|t:|1735418574
|switch|p1a: Latios|Latios, M|72/100 par
|move|p2a: Sarah|Charge Beam|p1a: Latios
|-resisted|p1a: Latios
|-damage|p1a: Latios|62/100 par
|-boost|p2a: Sarah|spa|1
|
|-weather|RainDance|[upkeep]
|upkeep
|turn|14
|inactive|Battle timer is ON: inactive players will automatically lose when time's up. (requested by Clawdia Chauchat)
|
|t:|1735418590
|move|p2a: Sarah|Substitute|p2a: Sarah
|-start|p2a: Sarah|Substitute
|-damage|p2a: Sarah|75/100
|move|p1a: Latios|Trick||[still]
|-fail|p1a: Latios
|
|-weather|RainDance|[upkeep]
|-heal|p2a: Sarah|82/100|[from] item: Leftovers
|upkeep
|turn|15
|
|t:|1735418598
|switch|p1a: Jirachi|Jirachi|100/100
|move|p2a: Sarah|Hydro Pump|p1a: Jirachi
|-damage|p1a: Jirachi|2/100
|
|-weather|RainDance|[upkeep]
|-heal|p1a: Jirachi|8/100|[from] item: Leftovers
|-heal|p2a: Sarah|88/100|[from] item: Leftovers
|upkeep
|turn|16
|
|t:|1735418607
|move|p1a: Jirachi|Thunder|p2a: Sarah
|-end|p2a: Sarah|Substitute
|move|p2a: Sarah|Charge Beam|p1a: Jirachi
|-damage|p1a: Jirachi|0 fnt
|-boost|p2a: Sarah|spa|1
|faint|p1a: Jirachi
|
|-weather|RainDance|[upkeep]
|-heal|p2a: Sarah|94/100|[from] item: Leftovers
|upkeep
|
|t:|1735418610
|switch|p1a: Dragonite|Dragonite, M|100/100
|turn|17
|
|t:|1735418618
|move|p1a: Dragonite|Hurricane|p2a: Sarah
|-resisted|p2a: Sarah
|-damage|p2a: Sarah|63/100
|move|p2a: Sarah|Thunder Wave|p1a: Dragonite
|-status|p1a: Dragonite|par
|
|-weather|RainDance|[upkeep]
|-heal|p2a: Sarah|70/100|[from] item: Leftovers
|upkeep
|turn|18
|
|t:|1735418629
|move|p2a: Sarah|Substitute|p2a: Sarah
|-start|p2a: Sarah|Substitute
|-damage|p2a: Sarah|45/100
|move|p1a: Dragonite|Hurricane|p2a: Sarah
|-resisted|p2a: Sarah
|-end|p2a: Sarah|Substitute
|
|-weather|RainDance|[upkeep]
|-heal|p2a: Sarah|51/100|[from] item: Leftovers
|upkeep
|turn|19
|
|t:|1735418637
|move|p2a: Sarah|Hydro Pump|p1a: Dragonite
|-resisted|p1a: Dragonite
|-damage|p1a: Dragonite|66/100 par
|cant|p1a: Dragonite|par
|
|-weather|RainDance|[upkeep]
|-heal|p2a: Sarah|57/100|[from] item: Leftovers
|-heal|p1a: Dragonite|72/100 par|[from] item: Leftovers
|upkeep
|turn|20
|
|t:|1735418647
|move|p2a: Sarah|Charge Beam|p1a: Dragonite
|-crit|p1a: Dragonite
|-damage|p1a: Dragonite|0 fnt
|faint|p1a: Dragonite
|
|-weather|RainDance|[upkeep]
|-heal|p2a: Sarah|63/100|[from] item: Leftovers
|upkeep
|
|t:|1735418650
|switch|p1a: Tentacruel|Tentacruel, F|100/100
|turn|21
|
|t:|1735418655
|move|p1a: Tentacruel|Magic Coat|p1a: Tentacruel
|-singleturn|p1a: Tentacruel|move: Magic Coat
|move|p2a: Sarah|Thunder Wave|p1a: Tentacruel
|move|p1a: Tentacruel|Thunder Wave|p2a: Sarah|[from]Magic Coat
|-status|p2a: Sarah|par
|
|-weather|RainDance|[upkeep]
|-heal|p2a: Sarah|70/100 par|[from] item: Leftovers
|upkeep
|turn|22
|
|t:|1735418664
|move|p1a: Tentacruel|Scald|p2a: Sarah
|-resisted|p2a: Sarah
|-damage|p2a: Sarah|51/100 par
|move|p2a: Sarah|Thunder Wave|p1a: Tentacruel
|-status|p1a: Tentacruel|par
|
|-weather|RainDance|[upkeep]
|-heal|p2a: Sarah|57/100 par|[from] item: Leftovers
|upkeep
|turn|23
|
|t:|1735418672
|cant|p1a: Tentacruel|par
|cant|p2a: Sarah|par
|
|-weather|RainDance|[upkeep]
|-heal|p2a: Sarah|64/100 par|[from] item: Leftovers
|upkeep
|turn|24
|
|t:|1735418688
|move|p1a: Tentacruel|Scald|p2a: Sarah
|-resisted|p2a: Sarah
|-damage|p2a: Sarah|46/100 par
|move|p2a: Sarah|Charge Beam|p1a: Tentacruel
|-supereffective|p1a: Tentacruel
|-damage|p1a: Tentacruel|42/100 par
|-boost|p2a: Sarah|spa|1
|
|-weather|RainDance|[upkeep]
|-heal|p1a: Tentacruel|48/100 par|[from] item: Black Sludge
|-heal|p2a: Sarah|52/100 par|[from] item: Leftovers
|upkeep
|turn|25
|
|t:|1735418698
|cant|p1a: Tentacruel|par
|move|p2a: Sarah|Charge Beam|p1a: Tentacruel
|-supereffective|p1a: Tentacruel
|-damage|p1a: Tentacruel|0 fnt
|-boost|p2a: Sarah|spa|1
|faint|p1a: Tentacruel
|
|-weather|RainDance|[upkeep]
|-heal|p2a: Sarah|58/100 par|[from] item: Leftovers
|upkeep
|
|t:|1735418719
|switch|p1a: Latios|Latios, M|62/100 par
|turn|26
|
|t:|1735418722
|move|p1a: Latios|Trick|p2a: Sarah
|-activate|p1a: Latios|move: Trick|[of] p2a: Sarah
|-item|p2a: Sarah|Choice Scarf|[from] move: Trick
|-item|p1a: Latios|Leftovers|[from] move: Trick
|cant|p2a: Sarah|par
|
|-weather|RainDance|[upkeep]
|-heal|p1a: Latios|68/100 par|[from] item: Leftovers
|upkeep
|turn|27
|j| Saviant Slowbro
|
|t:|1735418729
|cant|p1a: Latios|par
|move|p2a: Sarah|Hydro Pump|p1a: Latios|[miss]
|-miss|p2a: Sarah|p1a: Latios
|
|-weather|RainDance|[upkeep]
|-heal|p1a: Latios|74/100 par|[from] item: Leftovers
|upkeep
|turn|28
|
|t:|1735418736
|move|p1a: Latios|Calm Mind|p1a: Latios
|-boost|p1a: Latios|spa|1
|-boost|p1a: Latios|spd|1
|cant|p2a: Sarah|par
|
|-weather|RainDance|[upkeep]
|-heal|p1a: Latios|80/100 par|[from] item: Leftovers
|upkeep
|turn|29
|
|t:|1735418754
|move|p1a: Latios|Calm Mind|p1a: Latios
|-boost|p1a: Latios|spa|1
|-boost|p1a: Latios|spd|1
|move|p2a: Sarah|Hydro Pump|p1a: Latios
|-resisted|p1a: Latios
|-damage|p1a: Latios|27/100 par
|
|-weather|RainDance|[upkeep]
|-heal|p1a: Latios|33/100 par|[from] item: Leftovers
|upkeep
|turn|30
|
|t:|1735418762
|move|p1a: Latios|Dragon Pulse|p2a: Sarah
|-damage|p2a: Sarah|0 fnt
|faint|p2a: Sarah
|
|-weather|RainDance|[upkeep]
|-heal|p1a: Latios|39/100 par|[from] item: Leftovers
|upkeep
|
|t:|1735418768
|switch|p2a: Almita|Conkeldurr, F|100/100
|-damage|p2a: Almita|94/100|[from] Stealth Rock
|-damage|p2a: Almita|82/100|[from] Spikes
|turn|31
|
|t:|1735418773
|move|p2a: Almita|Ice Punch|p1a: Latios
|-supereffective|p1a: Latios
|-damage|p1a: Latios|0 fnt
|faint|p1a: Latios
|
|-weather|RainDance|[upkeep]
|upkeep
|
|t:|1735418777
|switch|p1a: Skarmory|Skarmory, F|100/100 par
|turn|32
|
|t:|1735418790
|switch|p2a: Mariana|Lanturn, F|71/100
|-damage|p2a: Mariana|59/100|[from] Stealth Rock
|-damage|p2a: Mariana|47/100|[from] Spikes
|cant|p1a: Skarmory|par
|
|-weather|RainDance|[upkeep]
|-heal|p2a: Mariana|53/100|[from] item: Leftovers
|upkeep
|turn|33
|
|t:|1735418814
|move|p2a: Mariana|Charge Beam|p1a: Skarmory
|-supereffective|p1a: Skarmory
|-damage|p1a: Skarmory|59/100 par
|-boost|p2a: Mariana|spa|1
|move|p1a: Skarmory|Whirlwind|p2a: Mariana
|drag|p2a: Alethia|Skarmory, F|100/100
|-damage|p2a: Alethia|88/100|[from] Stealth Rock
|
|-weather|RainDance|[upkeep]
|-heal|p2a: Alethia|94/100|[from] item: Leftovers
|-heal|p1a: Skarmory|65/100 par|[from] item: Leftovers
|upkeep
|turn|34
|
|t:|1735418825
|move|p2a: Alethia|Spikes|p1a: Skarmory
|-sidestart|p1: Clawdia Chauchat|Spikes
|move|p1a: Skarmory|Spikes|p2a: Alethia
|-sidestart|p2: Pokemon Master JL|Spikes
|
|-weather|RainDance|[upkeep]
|-heal|p2a: Alethia|99/100|[from] item: Leftovers
|-heal|p1a: Skarmory|71/100 par|[from] item: Leftovers
|upkeep
|turn|35
|inactive|Clawdia Chauchat has 120 seconds left.
|
|t:|1735418873
|move|p2a: Alethia|Spikes|p1a: Skarmory
|-sidestart|p1: Clawdia Chauchat|Spikes
|move|p1a: Skarmory|Spikes|p2a: Alethia
|-sidestart|p2: Pokemon Master JL|Spikes
|
|-weather|RainDance|[upkeep]
|-heal|p2a: Alethia|100/100|[from] item: Leftovers
|-heal|p1a: Skarmory|77/100 par|[from] item: Leftovers
|upkeep
|turn|36
|
|t:|1735418880
|move|p2a: Alethia|Spikes|p1a: Skarmory
|-sidestart|p1: Clawdia Chauchat|Spikes
|move|p1a: Skarmory|Whirlwind|p2a: Alethia
|drag|p2a: Mariana|Lanturn, F|53/100
|-damage|p2a: Mariana|40/100|[from] Stealth Rock
|-damage|p2a: Mariana|15/100|[from] Spikes
|
|-weather|RainDance|[upkeep]
|-heal|p2a: Mariana|22/100|[from] item: Leftovers
|-heal|p1a: Skarmory|83/100 par|[from] item: Leftovers
|upkeep
|turn|37
|inactive|Clawdia Chauchat has 120 seconds left.
|inactive|Clawdia Chauchat has 90 seconds left.
|
|t:|1735418921
|move|p2a: Mariana|Scald|p1a: Skarmory
|-damage|p1a: Skarmory|41/100 par
|move|p1a: Skarmory|Whirlwind|p2a: Mariana
|drag|p2a: Alethia|Skarmory, F|100/100
|-damage|p2a: Alethia|88/100|[from] Stealth Rock
|
|-weather|RainDance|[upkeep]
|-heal|p2a: Alethia|94/100|[from] item: Leftovers
|-heal|p1a: Skarmory|47/100 par|[from] item: Leftovers
|upkeep
|turn|38
|
|t:|1735418931
|cant|p1a: Skarmory|par
|move|p2a: Alethia|Whirlwind|p1a: Skarmory
|drag|p1a: Politoed|Politoed, M, shiny|66/100
|-damage|p1a: Politoed|41/100|[from] Spikes
|
|-weather|RainDance|[upkeep]
|-heal|p1a: Politoed|47/100|[from] item: Leftovers
|-heal|p2a: Alethia|99/100|[from] item: Leftovers
|upkeep
|turn|39
|
|t:|1735418942
|move|p1a: Politoed|Scald|p2a: Alethia
|-damage|p2a: Alethia|33/100
|-status|p2a: Alethia|brn
|move|p2a: Alethia|Whirlwind|p1a: Politoed
|drag|p1a: Skarmory|Skarmory, F|47/100 par
|
|-weather|RainDance|[upkeep]
|-heal|p2a: Alethia|39/100 brn|[from] item: Leftovers
|-heal|p1a: Skarmory|53/100 par|[from] item: Leftovers
|-damage|p2a: Alethia|26/100 brn|[from] brn
|upkeep
|turn|40
|
|t:|1735418953
|move|p1a: Skarmory|Roost|p1a: Skarmory
|-heal|p1a: Skarmory|100/100 par
|-singleturn|p1a: Skarmory|move: Roost
|move|p2a: Alethia|Whirlwind|p1a: Skarmory
|drag|p1a: Politoed|Politoed, M, shiny|47/100
|-damage|p1a: Politoed|22/100|[from] Spikes
|
|-weather|RainDance|[upkeep]
|-heal|p1a: Politoed|29/100|[from] item: Leftovers
|-heal|p2a: Alethia|32/100 brn|[from] item: Leftovers
|-damage|p2a: Alethia|20/100 brn|[from] brn
|upkeep
|turn|41
|
|t:|1735418964
|move|p1a: Politoed|Scald|p2a: Alethia
|-damage|p2a: Alethia|0 fnt
|faint|p2a: Alethia
|
|-weather|RainDance|[upkeep]
|-heal|p1a: Politoed|35/100|[from] item: Leftovers
|upkeep
|
|t:|1735418982
|switch|p2a: Mariana|Lanturn, F|22/100
|-damage|p2a: Mariana|9/100|[from] Stealth Rock
|-damage|p2a: Mariana|0 fnt|[from] Spikes
|faint|p2a: Mariana
|
|t:|1735418990
|switch|p2a: Kenny|Porygon2, shiny|100/100
|-damage|p2a: Kenny|88/100|[from] Stealth Rock
|-damage|p2a: Kenny|63/100|[from] Spikes
|-ability|p2a: Kenny|Drizzle|[from] ability: Trace|[of] p1a: Politoed
|turn|42
|
|t:|1735418997
|move|p1a: Politoed|Scald|p2a: Kenny
|-damage|p2a: Kenny|43/100
|move|p2a: Kenny|Thunder Wave|p1a: Politoed
|-status|p1a: Politoed|par
|
|-weather|RainDance|[upkeep]
|-heal|p1a: Politoed|41/100 par|[from] item: Leftovers
|upkeep
|turn|43
|
|t:|1735419011
|move|p2a: Kenny|Charge Beam|p1a: Politoed|[miss]
|-miss|p2a: Kenny|p1a: Politoed
|move|p1a: Politoed|Refresh|p1a: Politoed
|-curestatus|p1a: Politoed|par|[msg]
|
|-weather|RainDance|[upkeep]
|-heal|p1a: Politoed|47/100|[from] item: Leftovers
|upkeep
|turn|44
|
|t:|1735419020
|move|p1a: Politoed|Scald|p2a: Kenny
|-damage|p2a: Kenny|22/100
|move|p2a: Kenny|Thunder Wave|p1a: Politoed
|-status|p1a: Politoed|par
|
|-weather|RainDance|[upkeep]
|-heal|p1a: Politoed|54/100 par|[from] item: Leftovers
|upkeep
|turn|45
|
|t:|1735419032
|move|p2a: Kenny|Recover|p2a: Kenny
|-heal|p2a: Kenny|72/100
|move|p1a: Politoed|Refresh|p1a: Politoed
|-curestatus|p1a: Politoed|par|[msg]
|
|-weather|RainDance|[upkeep]
|-heal|p1a: Politoed|60/100|[from] item: Leftovers
|upkeep
|turn|46
|
|t:|1735419039
|move|p1a: Politoed|Encore|p2a: Kenny
|-start|p2a: Kenny|Encore
|move|p2a: Kenny|Recover|p2a: Kenny
|-heal|p2a: Kenny|100/100
|
|-weather|RainDance|[upkeep]
|-heal|p1a: Politoed|66/100|[from] item: Leftovers
|upkeep
|turn|47
|
|t:|1735419050
|move|p1a: Politoed|Scald|p2a: Kenny
|-damage|p2a: Kenny|79/100
|move|p2a: Kenny|Recover|p2a: Kenny
|-heal|p2a: Kenny|100/100
|
|-weather|RainDance|[upkeep]
|-heal|p1a: Politoed|72/100|[from] item: Leftovers
|upkeep
|turn|48
|
|t:|1735419057
|move|p1a: Politoed|Scald|p2a: Kenny
|-damage|p2a: Kenny|78/100
|-status|p2a: Kenny|brn
|move|p2a: Kenny|Recover|p2a: Kenny
|-heal|p2a: Kenny|100/100 brn
|
|-weather|RainDance|[upkeep]
|-heal|p1a: Politoed|79/100|[from] item: Leftovers
|-damage|p2a: Kenny|88/100 brn|[from] brn
|-end|p2a: Kenny|Encore
|upkeep
|turn|49
|j| Blaise BWOU
|
|t:|1735419069
|move|p1a: Politoed|Scald|p2a: Kenny
|-damage|p2a: Kenny|68/100 brn
|move|p2a: Kenny|Thunder Wave|p1a: Politoed
|-status|p1a: Politoed|par
|
|-weather|RainDance|[upkeep]
|-heal|p1a: Politoed|85/100 par|[from] item: Leftovers
|-damage|p2a: Kenny|56/100 brn|[from] brn
|upkeep
|turn|50
|
|t:|1735419077
|move|p2a: Kenny|Charge Beam|p1a: Politoed
|-supereffective|p1a: Politoed
|-damage|p1a: Politoed|64/100 par
|-boost|p2a: Kenny|spa|1
|move|p1a: Politoed|Refresh|p1a: Politoed
|-curestatus|p1a: Politoed|par|[msg]
|
|-weather|RainDance|[upkeep]
|-heal|p1a: Politoed|70/100|[from] item: Leftovers
|-damage|p2a: Kenny|43/100 brn|[from] brn
|upkeep
|turn|51
|
|t:|1735419087
|move|p1a: Politoed|Scald|p2a: Kenny
|-damage|p2a: Kenny|21/100 brn
|move|p2a: Kenny|Thunder Wave|p1a: Politoed
|-status|p1a: Politoed|par
|
|-weather|RainDance|[upkeep]
|-heal|p1a: Politoed|77/100 par|[from] item: Leftovers
|-damage|p2a: Kenny|8/100 brn|[from] brn
|upkeep
|turn|52
|
|t:|1735419096
|move|p2a: Kenny|Recover|p2a: Kenny
|-heal|p2a: Kenny|58/100 brn
|move|p1a: Politoed|Refresh|p1a: Politoed
|-curestatus|p1a: Politoed|par|[msg]
|
|-weather|RainDance|[upkeep]
|-heal|p1a: Politoed|83/100|[from] item: Leftovers
|-damage|p2a: Kenny|46/100 brn|[from] brn
|upkeep
|turn|53
|
|t:|1735419107
|move|p1a: Politoed|Scald|p2a: Kenny
|-damage|p2a: Kenny|22/100 brn
|move|p2a: Kenny|Recover|p2a: Kenny
|-heal|p2a: Kenny|72/100 brn
|
|-weather|RainDance|[upkeep]
|-heal|p1a: Politoed|89/100|[from] item: Leftovers
|-damage|p2a: Kenny|60/100 brn|[from] brn
|upkeep
|turn|54
|
|t:|1735419116
|move|p1a: Politoed|Encore|p2a: Kenny
|-start|p2a: Kenny|Encore
|move|p2a: Kenny|Recover|p2a: Kenny
|-heal|p2a: Kenny|100/100 brn
|
|-weather|RainDance|[upkeep]
|-heal|p1a: Politoed|95/100|[from] item: Leftovers
|-damage|p2a: Kenny|88/100 brn|[from] brn
|upkeep
|turn|55
|
|t:|1735419124
|move|p1a: Politoed|Ice Beam|p2a: Kenny
|-damage|p2a: Kenny|76/100 brn
|move|p2a: Kenny|Recover|p2a: Kenny
|-heal|p2a: Kenny|100/100 brn
|
|-weather|RainDance|[upkeep]
|-heal|p1a: Politoed|100/100|[from] item: Leftovers
|-damage|p2a: Kenny|88/100 brn|[from] brn
|upkeep
|turn|56
|
|t:|1735419134
|move|p1a: Politoed|Ice Beam|p2a: Kenny
|-damage|p2a: Kenny|76/100 brn
|move|p2a: Kenny|Recover|p2a: Kenny
|-heal|p2a: Kenny|100/100 brn
|
|-weather|RainDance|[upkeep]
|-damage|p2a: Kenny|88/100 brn|[from] brn
|-end|p2a: Kenny|Encore
|upkeep
|turn|57
|
|t:|1735419142
|move|p1a: Politoed|Encore|p2a: Kenny
|-start|p2a: Kenny|Encore
|move|p2a: Kenny|Recover|p2a: Kenny
|-heal|p2a: Kenny|100/100 brn
|
|-weather|RainDance|[upkeep]
|-damage|p2a: Kenny|88/100 brn|[from] brn
|upkeep
|turn|58
|
|t:|1735419149
|move|p1a: Politoed|Ice Beam|p2a: Kenny
|-damage|p2a: Kenny|76/100 brn
|move|p2a: Kenny|Recover|p2a: Kenny
|-heal|p2a: Kenny|100/100 brn
|
|-weather|RainDance|[upkeep]
|-damage|p2a: Kenny|88/100 brn|[from] brn
|upkeep
|turn|59
|
|t:|1735419157
|move|p1a: Politoed|Scald|p2a: Kenny
|-damage|p2a: Kenny|67/100 brn
|move|p2a: Kenny|Recover|p2a: Kenny
|-heal|p2a: Kenny|100/100 brn
|
|-weather|RainDance|[upkeep]
|-damage|p2a: Kenny|88/100 brn|[from] brn
|-end|p2a: Kenny|Encore
|upkeep
|turn|60
|
|t:|1735419167
|move|p1a: Politoed|Encore|p2a: Kenny
|-start|p2a: Kenny|Encore
|move|p2a: Kenny|Recover|p2a: Kenny
|-heal|p2a: Kenny|100/100 brn
|
|-weather|RainDance|[upkeep]
|-damage|p2a: Kenny|88/100 brn|[from] brn
|upkeep
|turn|61
|
|t:|1735419173
|move|p1a: Politoed|Scald|p2a: Kenny
|-damage|p2a: Kenny|66/100 brn
|move|p2a: Kenny|Recover|p2a: Kenny
|-heal|p2a: Kenny|100/100 brn
|
|-weather|RainDance|[upkeep]
|-damage|p2a: Kenny|88/100 brn|[from] brn
|upkeep
|turn|62
|
|t:|1735419181
|move|p1a: Politoed|Scald|p2a: Kenny
|-damage|p2a: Kenny|67/100 brn
|move|p2a: Kenny|Recover|p2a: Kenny
|-heal|p2a: Kenny|100/100 brn
|
|-weather|RainDance|[upkeep]
|-damage|p2a: Kenny|88/100 brn|[from] brn
|-end|p2a: Kenny|Encore
|upkeep
|turn|63
|
|t:|1735419190
|move|p1a: Politoed|Encore|p2a: Kenny
|-start|p2a: Kenny|Encore
|move|p2a: Kenny|Recover|p2a: Kenny
|-heal|p2a: Kenny|100/100 brn
|
|-weather|RainDance|[upkeep]
|-damage|p2a: Kenny|88/100 brn|[from] brn
|-end|p2a: Kenny|Encore
|upkeep
|turn|64
|
|t:|1735419198
|move|p1a: Politoed|Scald|p2a: Kenny
|-damage|p2a: Kenny|67/100 brn
|move|p2a: Kenny|Thunder Wave|p1a: Politoed
|-status|p1a: Politoed|par
|
|-weather|RainDance|[upkeep]
|-damage|p2a: Kenny|55/100 brn|[from] brn
|upkeep
|turn|65
|
|t:|1735419212
|move|p2a: Kenny|Tri Attack|p1a: Politoed
|-damage|p1a: Politoed|65/100 par
|cant|p1a: Politoed|par
|
|-weather|RainDance|[upkeep]
|-heal|p1a: Politoed|72/100 par|[from] item: Leftovers
|-damage|p2a: Kenny|42/100 brn|[from] brn
|upkeep
|turn|66
|
|t:|1735419220
|move|p2a: Kenny|Charge Beam|p1a: Politoed
|-supereffective|p1a: Politoed
|-damage|p1a: Politoed|42/100 par
|-boost|p2a: Kenny|spa|1
|move|p1a: Politoed|Refresh|p1a: Politoed
|-curestatus|p1a: Politoed|par|[msg]
|
|-weather|RainDance|[upkeep]
|-heal|p1a: Politoed|49/100|[from] item: Leftovers
|-damage|p2a: Kenny|30/100 brn|[from] brn
|upkeep
|turn|67
|
|t:|1735419233
|move|p1a: Politoed|Scald|p2a: Kenny
|-damage|p2a: Kenny|9/100 brn
|move|p2a: Kenny|Tri Attack|p1a: Politoed
|-damage|p1a: Politoed|0 fnt
|faint|p1a: Politoed
|
|-weather|RainDance|[upkeep]
|-damage|p2a: Kenny|0 fnt|[from] brn
|faint|p2a: Kenny
|upkeep
|
|t:|1735419253
|switch|p1a: Skarmory|Skarmory, F|100/100 par
|switch|p2a: Mind Games|Landorus-Therian, M|100/100
|-damage|p2a: Mind Games|88/100|[from] Stealth Rock
|-ability|p2a: Mind Games|Intimidate|boost
|-unboost|p1a: Skarmory|atk|1
|turn|68
|
|t:|1735419267
|move|p2a: Mind Games|Fly||[still]
|-prepare|p2a: Mind Games|Fly
|move|p1a: Skarmory|Whirlwind|p2a: Mind Games|[miss]
|-miss|p1a: Skarmory|p2a: Mind Games
|
|-weather|RainDance|[upkeep]
|-heal|p2a: Mind Games|94/100|[from] item: Leftovers
|upkeep
|turn|69
|
|t:|1735419274
|move|p2a: Mind Games|Fly|p1a: Skarmory|[from]lockedmove
|-resisted|p1a: Skarmory
|-damage|p1a: Skarmory|89/100 par
|move|p1a: Skarmory|Whirlwind|p2a: Mind Games
|drag|p2a: Almita|Conkeldurr, F|82/100
|-damage|p2a: Almita|75/100|[from] Stealth Rock
|-damage|p2a: Almita|50/100|[from] Spikes
|
|-weather|RainDance|[upkeep]
|-heal|p1a: Skarmory|95/100 par|[from] item: Leftovers
|upkeep
|turn|70
|
|t:|1735419283
|move|p2a: Almita|Drain Punch|p1a: Skarmory
|-damage|p1a: Skarmory|52/100 par
|-heal|p2a: Almita|71/100|[from] drain|[of] p1a: Skarmory
|move|p1a: Skarmory|Whirlwind|p2a: Almita
|drag|p2a: Mind Games|Landorus-Therian, M|94/100
|-damage|p2a: Mind Games|82/100|[from] Stealth Rock
|-ability|p2a: Mind Games|Intimidate|boost
|-unboost|p1a: Skarmory|atk|1
|
|-weather|RainDance|[upkeep]
|-heal|p2a: Mind Games|88/100|[from] item: Leftovers
|-heal|p1a: Skarmory|58/100 par|[from] item: Leftovers
|upkeep
|turn|71
|
|t:|1735419297
|move|p2a: Mind Games|Fly||[still]
|-prepare|p2a: Mind Games|Fly
|move|p1a: Skarmory|Roost|p1a: Skarmory
|-heal|p1a: Skarmory|100/100 par
|-singleturn|p1a: Skarmory|move: Roost
|
|-weather|RainDance|[upkeep]
|-heal|p2a: Mind Games|94/100|[from] item: Leftovers
|upkeep
|turn|72
|
|t:|1735419304
|move|p2a: Mind Games|Fly|p1a: Skarmory|[from]lockedmove
|-resisted|p1a: Skarmory
|-damage|p1a: Skarmory|88/100 par
|move|p1a: Skarmory|Brave Bird|p2a: Mind Games
|-damage|p2a: Mind Games|81/100
|-damage|p1a: Skarmory|83/100 par|[from] Recoil
|
|-weather|RainDance|[upkeep]
|-heal|p2a: Mind Games|87/100|[from] item: Leftovers
|-heal|p1a: Skarmory|89/100 par|[from] item: Leftovers
|upkeep
|turn|73
|
|t:|1735419316
|move|p2a: Mind Games|Substitute|p2a: Mind Games
|-start|p2a: Mind Games|Substitute
|-damage|p2a: Mind Games|63/100
|cant|p1a: Skarmory|par
|
|-weather|RainDance|[upkeep]
|-heal|p2a: Mind Games|69/100|[from] item: Leftovers
|-heal|p1a: Skarmory|95/100 par|[from] item: Leftovers
|upkeep
|turn|74
|
|t:|1735419324
|move|p2a: Mind Games|Fly||[still]
|-prepare|p2a: Mind Games|Fly
|move|p1a: Skarmory|Whirlwind|p2a: Mind Games|[miss]
|-miss|p1a: Skarmory|p2a: Mind Games
|
|-weather|RainDance|[upkeep]
|-heal|p2a: Mind Games|75/100|[from] item: Leftovers
|-heal|p1a: Skarmory|100/100 par|[from] item: Leftovers
|upkeep
|turn|75
|l|☆Clawdia Chauchat
|inactive|Clawdia Chauchat disconnected and has a minute to reconnect!
|player|p1|
|inactive|Clawdia Chauchat has 30 seconds to reconnect!
|inactive|Clawdia Chauchat has 20 seconds to reconnect!
|inactive|Clawdia Chauchat has 15 seconds to reconnect!
|inactive|Clawdia Chauchat has 10 seconds to reconnect!
|inactive|Clawdia Chauchat has 5 seconds to reconnect!
|-message|Clawdia Chauchat lost due to inactivity.
|
|win|Pokemon Master JL
|raw|Clawdia Chauchat's rating: 1443 &rarr; <strong>1417</strong><br />(-26 for losing)
|raw|Pokemon Master JL's rating: 1328 &rarr; <strong>1354</strong><br />(+26 for winning)
