|j|☆daddy_days2
|j|☆taxturbo
|t:|1741720190
|gametype|singles
|player|p1|daddy_days2|benga|1299
|player|p2|taxturbo|bellelba|1453
|teamsize|p1|6
|teamsize|p2|6
|gen|5
|tier|[Gen 5] OU
|rated|
|rule|Species Clause: Limit one of each Pokémon
|rule|OHKO Clause: OHKO moves are banned
|rule|Moody Clause: Moody is banned
|rule|Evasion Items Clause: Evasion items are banned
|rule|Evasion Moves Clause: Evasion moves are banned
|rule|Endless Battle Clause: Forcing endless battles is banned
|rule|HP Percentage Mod: HP is shown in percentages
|rule|Evasion Abilities Clause: Evasion abilities are banned
|rule|Sleep Moves Clause: Sleep-inducing moves are banned
|rule|Swagger Clause: Swagger is banned
|rule|Baton Pass Stat Clause: No Baton Passer may have a way to boost its stats
|clearpoke
|poke|p1|Kyurem-Black|item
|poke|p1|Garchomp, M|item
|poke|p1|Conkeldurr, F|item
|poke|p1|Starmie|item
|poke|p1|Bisharp, F|item
|poke|p1|Scyther, M|item
|poke|p2|Terrakion|item
|poke|p2|Tyranitar, M|item
|poke|p2|Amoonguss, F|item
|poke|p2|Rotom-Wash|item
|poke|p2|Landorus-Therian, M|item
|poke|p2|Excadrill, M|item
|teampreview
|inactive|Battle timer is ON: inactive players will automatically lose when time's up. (requested by daddy_days2)
|
|t:|1741720242
|start
|switch|p1a: Painkiller|Garchomp, M|100/100
|switch|p2a: Terrakion|Terrakion|100/100
|turn|1
|
|t:|1741720266
|switch|p2a: Landorus|Landorus-Therian, M|100/100
|-ability|p2a: Landorus|Intimidate|boost
|-unboost|p1a: Painkiller|atk|1
|move|p1a: Painkiller|Earthquake|p2a: Landorus
|-immune|p2a: Landorus
|
|upkeep
|turn|2
|
|t:|1741720274
|move|p2a: Landorus|Stealth Rock|p1a: Painkiller
|-sidestart|p1: daddy_days2|move: Stealth Rock
|move|p1a: Painkiller|Stealth Rock|p2a: Landorus
|-sidestart|p2: taxturbo|move: Stealth Rock
|
|upkeep
|turn|3
|
|t:|1741720281
|switch|p1a: Starlight|Starmie|100/100
|-damage|p1a: Starlight|88/100|[from] Stealth Rock
|move|p2a: Landorus|Hidden Power|p1a: Starlight
|-resisted|p1a: Starlight
|-damage|p1a: Starlight|78/100
|
|-heal|p1a: Starlight|84/100|[from] item: Leftovers
|upkeep
|turn|4
|
|t:|1741720298
|switch|p2a: Tyranitar|Tyranitar, M|100/100
|-damage|p2a: Tyranitar|88/100|[from] Stealth Rock
|-weather|Sandstorm|[from] ability: Sand Stream|[of] p2a: Tyranitar
|move|p1a: Starlight|Hydro Pump|p2a: Tyranitar
|-supereffective|p2a: Tyranitar
|-damage|p2a: Tyranitar|56/100
|
|-weather|Sandstorm|[upkeep]
|-damage|p1a: Starlight|78/100|[from] Sandstorm
|-heal|p1a: Starlight|84/100|[from] item: Leftovers
|upkeep
|turn|5
|inactive|taxturbo has 120 seconds left.
|
|t:|1741720327
|move|p1a: Starlight|Rapid Spin|p2a: Tyranitar
|-resisted|p2a: Tyranitar
|-damage|p2a: Tyranitar|55/100
|-sideend|p1: daddy_days2|Stealth Rock|[from] move: Rapid Spin|[of] p1a: Starlight
|move|p2a: Tyranitar|Crunch|p1a: Starlight
|-supereffective|p1a: Starlight
|-damage|p1a: Starlight|0 fnt
|faint|p1a: Starlight
|
|-weather|Sandstorm|[upkeep]
|upkeep
|
|t:|1741720340
|switch|p1a: Shrekster|Conkeldurr, F|100/100
|turn|6
|inactive|taxturbo has 120 seconds left.
|
|t:|1741720360
|switch|p2a: Rotom|Rotom-Wash|100/100
|-damage|p2a: Rotom|88/100|[from] Stealth Rock
|move|p1a: Shrekster|Ice Punch|p2a: Rotom
|-resisted|p2a: Rotom
|-crit|p2a: Rotom
|-damage|p2a: Rotom|57/100
|
|-weather|Sandstorm|[upkeep]
|-damage|p2a: Rotom|51/100|[from] Sandstorm
|-damage|p1a: Shrekster|94/100|[from] Sandstorm
|-heal|p2a: Rotom|57/100|[from] item: Leftovers
|-heal|p1a: Shrekster|100/100|[from] item: Leftovers
|upkeep
|turn|7
|inactive|taxturbo has 120 seconds left.
|
|t:|1741720379
|switch|p1a: Painkiller|Garchomp, M|100/100
|move|p2a: Rotom|Hydro Pump|p1a: Painkiller|[miss]
|-miss|p2a: Rotom|p1a: Painkiller
|
|-weather|Sandstorm|[upkeep]
|-damage|p2a: Rotom|51/100|[from] Sandstorm
|-heal|p2a: Rotom|57/100|[from] item: Leftovers
|upkeep
|turn|8
|inactive|taxturbo has 120 seconds left.
|
|t:|1741720399
|switch|p2a: Landorus|Landorus-Therian, M|100/100
|-damage|p2a: Landorus|88/100|[from] Stealth Rock
|-ability|p2a: Landorus|Intimidate|boost
|-unboost|p1a: Painkiller|atk|1
|move|p1a: Painkiller|Dragon Tail|p2a: Landorus
|-damage|p2a: Landorus|72/100
|drag|p2a: Excadrill|Excadrill, M|100/100
|-damage|p2a: Excadrill|97/100|[from] Stealth Rock
|
|-weather|Sandstorm|[upkeep]
|upkeep
|turn|9
|
|t:|1741720412
|switch|p2a: Landorus|Landorus-Therian, M|72/100
|-damage|p2a: Landorus|59/100|[from] Stealth Rock
|-ability|p2a: Landorus|Intimidate|boost
|-unboost|p1a: Painkiller|atk|1
|move|p1a: Painkiller|Earthquake|p2a: Landorus
|-immune|p2a: Landorus
|
|-weather|Sandstorm|[upkeep]
|-heal|p2a: Landorus|65/100|[from] item: Leftovers
|upkeep
|turn|10
|
|t:|1741720425
|switch|p1a: Insane Dwayne|Kyurem-Black|100/100
|-ability|p1a: Insane Dwayne|Teravolt
|move|p2a: Landorus|Stealth Rock|p1a: Insane Dwayne
|-sidestart|p1: daddy_days2|move: Stealth Rock
|
|-weather|Sandstorm|[upkeep]
|-damage|p1a: Insane Dwayne|94/100|[from] Sandstorm
|-heal|p2a: Landorus|71/100|[from] item: Leftovers
|upkeep
|turn|11
|inactive|taxturbo has 120 seconds left.
|
|t:|1741720442
|move|p2a: Landorus|Earthquake|p1a: Insane Dwayne
|-crit|p1a: Insane Dwayne
|-damage|p1a: Insane Dwayne|15/100
|move|p1a: Insane Dwayne|Dragon Claw|p2a: Landorus
|-damage|p2a: Landorus|0 fnt
|faint|p2a: Landorus
|
|-weather|Sandstorm|[upkeep]
|-damage|p1a: Insane Dwayne|8/100|[from] Sandstorm
|upkeep
|inactive|taxturbo has 90 seconds left.
|
|t:|1741720470
|switch|p2a: Terrakion|Terrakion|100/100
|-damage|p2a: Terrakion|94/100|[from] Stealth Rock
|turn|12
|
|t:|1741720487
|switch|p1a: Painkiller|Garchomp, M|100/100
|-damage|p1a: Painkiller|94/100|[from] Stealth Rock
|move|p2a: Terrakion|Close Combat|p1a: Painkiller
|-damage|p1a: Painkiller|42/100
|-unboost|p2a: Terrakion|def|1
|-unboost|p2a: Terrakion|spd|1
|-damage|p2a: Terrakion|82/100|[from] ability: Rough Skin|[of] p1a: Painkiller
|-damage|p2a: Terrakion|65/100|[from] item: Rocky Helmet|[of] p1a: Painkiller
|
|-weather|Sandstorm|[upkeep]
|upkeep
|turn|13
|inactive|taxturbo has 90 seconds left.
|
|t:|1741720517
|move|p1a: Painkiller|Endure|p1a: Painkiller
|-singleturn|p1a: Painkiller|move: Endure
|move|p2a: Terrakion|Close Combat|p1a: Painkiller
|-activate|p1a: Painkiller|move: Endure
|-damage|p1a: Painkiller|1/100
|-unboost|p2a: Terrakion|def|1
|-unboost|p2a: Terrakion|spd|1
|-damage|p2a: Terrakion|53/100|[from] ability: Rough Skin|[of] p1a: Painkiller
|-damage|p2a: Terrakion|36/100|[from] item: Rocky Helmet|[of] p1a: Painkiller
|
|-weather|Sandstorm|[upkeep]
|upkeep
|turn|14
|inactive|taxturbo has 90 seconds left.
|
|t:|1741720533
|move|p1a: Painkiller|Endure|p1a: Painkiller
|-singleturn|p1a: Painkiller|move: Endure
|move|p2a: Terrakion|Close Combat|p1a: Painkiller
|-activate|p1a: Painkiller|move: Endure
|-damage|p1a: Painkiller|1/100
|-unboost|p2a: Terrakion|def|1
|-unboost|p2a: Terrakion|spd|1
|-damage|p2a: Terrakion|24/100|[from] ability: Rough Skin|[of] p1a: Painkiller
|-damage|p2a: Terrakion|7/100|[from] item: Rocky Helmet|[of] p1a: Painkiller
|
|-weather|Sandstorm|[upkeep]
|upkeep
|turn|15
|inactive|taxturbo has 60 seconds left.
|
|t:|1741720564
|move|p2a: Terrakion|Close Combat|p1a: Painkiller
|-damage|p1a: Painkiller|0 fnt
|-unboost|p2a: Terrakion|def|1
|-unboost|p2a: Terrakion|spd|1
|-damage|p2a: Terrakion|0 fnt|[from] ability: Rough Skin|[of] p1a: Painkiller
|faint|p2a: Terrakion
|faint|p1a: Painkiller
|
|-weather|Sandstorm|[upkeep]
|upkeep
|inactive|taxturbo has 60 seconds left.
|inactive|daddy_days2 has 120 seconds left.
|inactive|taxturbo has 30 seconds left.
|inactive|taxturbo has 20 seconds left.
|
|t:|1741720619
|switch|p2a: Rotom|Rotom-Wash|57/100
|switch|p1a: Adolf|Bisharp, F|100/100
|-damage|p2a: Rotom|45/100|[from] Stealth Rock
|-damage|p1a: Adolf|94/100|[from] Stealth Rock
|-item|p1a: Adolf|Air Balloon
|turn|16
|inactive|taxturbo has 30 seconds left this turn.
|inactive|taxturbo has 20 seconds left.
|inactive|taxturbo has 15 seconds left.
|inactive|daddy_days2 has 90 seconds left.
|
|t:|1741720643
|move|p1a: Adolf|Sucker Punch||[still]
|-fail|p1a: Adolf
|move|p2a: Rotom|Will-O-Wisp|p1a: Adolf
|-status|p1a: Adolf|brn
|
|-weather|Sandstorm|[upkeep]
|-damage|p2a: Rotom|39/100|[from] Sandstorm
|-heal|p2a: Rotom|45/100|[from] item: Leftovers
|-damage|p1a: Adolf|82/100 brn|[from] brn
|upkeep
|turn|17
|inactive|taxturbo has 25 seconds left this turn.
|inactive|taxturbo has 20 seconds left.
|inactive|daddy_days2 has 90 seconds left.
|
|t:|1741720654
|move|p1a: Adolf|Sucker Punch|p2a: Rotom
|-damage|p2a: Rotom|29/100
|move|p2a: Rotom|Hydro Pump|p1a: Adolf
|-damage|p1a: Adolf|26/100 brn
|-enditem|p1a: Adolf|Air Balloon
|
|-weather|Sandstorm|[upkeep]
|-damage|p2a: Rotom|23/100|[from] Sandstorm
|-heal|p2a: Rotom|29/100|[from] item: Leftovers
|-damage|p1a: Adolf|14/100 brn|[from] brn
|upkeep
|turn|18
|inactive|taxturbo has 30 seconds left this turn.
|inactive|daddy_days2 has 90 seconds left.
|inactive|taxturbo has 20 seconds left.
|inactive|taxturbo has 15 seconds left.
|inactive|taxturbo has 10 seconds left.
|
|t:|1741720675
|move|p2a: Rotom|Volt Switch|p1a: Adolf
|-damage|p1a: Adolf|0 fnt
|faint|p1a: Adolf
|inactive|taxturbo has 15 seconds left this turn.
|inactive|taxturbo has 10 seconds left.
|inactive|taxturbo has 5 seconds left.
|
|t:|1741720688
|switch|p2a: Amoonguss|Amoonguss, F|100/100|[from] Volt Switch
|-damage|p2a: Amoonguss|88/100|[from] Stealth Rock
|
|-weather|Sandstorm|[upkeep]
|-damage|p2a: Amoonguss|82/100|[from] Sandstorm
|upkeep
|inactive|taxturbo has 10 seconds left this turn.
|inactive|daddy_days2 has 90 seconds left.
|
|t:|1741720706
|switch|p1a: Shrekster|Conkeldurr, F|100/100
|-damage|p1a: Shrekster|94/100|[from] Stealth Rock
|turn|19
|inactive|taxturbo has 20 seconds left this turn.
|inactive|daddy_days2 has 90 seconds left.
|inactive|taxturbo has 15 seconds left.
|
|t:|1741720716
|move|p1a: Shrekster|Ice Punch|p2a: Amoonguss
|-supereffective|p2a: Amoonguss
|-damage|p2a: Amoonguss|5/100
|-enditem|p2a: Amoonguss|Eject Button
|inactive|taxturbo has 20 seconds left this turn.
|inactive|taxturbo has 15 seconds left.
|inactive|taxturbo has 10 seconds left.
|
|t:|1741720728
|switch|p2a: Rotom|Rotom-Wash|29/100
|-damage|p2a: Rotom|16/100|[from] Stealth Rock
|
|-weather|Sandstorm|[upkeep]
|-damage|p2a: Rotom|10/100|[from] Sandstorm
|-damage|p1a: Shrekster|88/100|[from] Sandstorm
|-heal|p2a: Rotom|16/100|[from] item: Leftovers
|-heal|p1a: Shrekster|94/100|[from] item: Leftovers
|upkeep
|turn|20
|inactive|taxturbo has 20 seconds left this turn.
|
|t:|1741720739
|switch|p1a: Insane Dwayne|Kyurem-Black|8/100
|-damage|p1a: Insane Dwayne|0 fnt|[from] Stealth Rock
|faint|p1a: Insane Dwayne
|move|p2a: Rotom|Pain Split|p1: Insane Dwayne|[notarget]
|-fail|p2a: Rotom
|
|-weather|Sandstorm|[upkeep]
|-damage|p2a: Rotom|10/100|[from] Sandstorm
|-heal|p2a: Rotom|16/100|[from] item: Leftovers
|upkeep
|inactive|taxturbo has 25 seconds left this turn.
|inactive|daddy_days2 has 90 seconds left.
|
|t:|1741720750
|switch|p1a: Blade|Scyther, M|100/100
|-damage|p1a: Blade|51/100|[from] Stealth Rock
|turn|21
|inactive|taxturbo has 30 seconds left.
|inactive|taxturbo has 20 seconds left.
|inactive|taxturbo has 15 seconds left.
|
|t:|1741720773
|switch|p2a: Amoonguss|Amoonguss, F|38/100
|-damage|p2a: Amoonguss|26/100|[from] Stealth Rock
|move|p1a: Blade|U-turn|p2a: Amoonguss
|-damage|p2a: Amoonguss|0 fnt
|faint|p2a: Amoonguss
|inactive|taxturbo has 20 seconds left this turn.
|
|t:|1741720781
|switch|p1a: Shrekster|Conkeldurr, F|94/100|[from] U-turn
|-damage|p1a: Shrekster|88/100|[from] Stealth Rock
|
|-weather|Sandstorm|[upkeep]
|-damage|p1a: Shrekster|82/100|[from] Sandstorm
|-heal|p1a: Shrekster|88/100|[from] item: Leftovers
|upkeep
|inactive|taxturbo has 25 seconds left this turn.
|
|t:|1741720785
|switch|p2a: Rotom|Rotom-Wash|16/100
|-damage|p2a: Rotom|4/100|[from] Stealth Rock
|turn|22
|inactive|taxturbo has 30 seconds left.
|inactive|taxturbo has 20 seconds left.
|
|t:|1741720803
|move|p1a: Shrekster|Mach Punch|p2a: Rotom
|-damage|p2a: Rotom|0 fnt
|faint|p2a: Rotom
|
|-weather|Sandstorm|[upkeep]
|-damage|p1a: Shrekster|82/100|[from] Sandstorm
|-heal|p1a: Shrekster|88/100|[from] item: Leftovers
|upkeep
|inactive|taxturbo has 25 seconds left this turn.
|inactive|taxturbo has 20 seconds left.
|
|t:|1741720811
|switch|p2a: Tyranitar|Tyranitar, M|55/100
|-damage|p2a: Tyranitar|43/100|[from] Stealth Rock
|turn|23
|inactive|taxturbo has 30 seconds left this turn.
|inactive|daddy_days2 has 120 seconds left.
|inactive|taxturbo has 20 seconds left.
|
|t:|1741720822
|move|p1a: Shrekster|Mach Punch|p2a: Tyranitar
|-supereffective|p2a: Tyranitar
|-enditem|p2a: Tyranitar|Chople Berry|[eat]
|-enditem|p2a: Tyranitar|Chople Berry|[weaken]
|-damage|p2a: Tyranitar|0 fnt
|faint|p2a: Tyranitar
|
|-weather|Sandstorm|[upkeep]
|-damage|p1a: Shrekster|82/100|[from] Sandstorm
|-heal|p1a: Shrekster|88/100|[from] item: Leftovers
|upkeep
|inactive|taxturbo has 25 seconds left this turn.
|inactive|taxturbo has 20 seconds left.
|
|t:|1741720828
|switch|p2a: Excadrill|Excadrill, M|97/100
|-damage|p2a: Excadrill|94/100|[from] Stealth Rock
|turn|24
|inactive|taxturbo has 30 seconds left this turn.
|inactive|taxturbo has 20 seconds left.
|inactive|taxturbo has 15 seconds left.
|
|t:|1741720843
|move|p1a: Shrekster|Mach Punch|p2a: Excadrill
|-supereffective|p2a: Excadrill
|-crit|p2a: Excadrill
|-damage|p2a: Excadrill|0 fnt
|faint|p2a: Excadrill
|
|win|daddy_days2
|inactive|taxturbo has 20 seconds left this turn.
|raw|daddy_days2's rating: 1299 &rarr; <strong>1334</strong><br />(+35 for winning)
|raw|taxturbo's rating: 1453 &rarr; <strong>1425</strong><br />(-28 for losing)
|l|☆taxturbo
|player|p2|
