|j|☆Skillfullbeing
|j|☆Croaset
|t:|1739050649
|gametype|singles
|player|p1|Skillfullbeing|nate|1464
|player|p2|Croaset|elesa|1418
|teamsize|p1|6
|teamsize|p2|6
|gen|5
|tier|[Gen 5] OU
|rated|
|rule|Species Clause: Limit one of each Pokémon
|rule|OHKO Clause: OHKO moves are banned
|rule|Moody Clause: Moody is banned
|rule|Evasion Items Clause: Evasion items are banned
|rule|Evasion Moves Clause: Evasion moves are banned
|rule|Endless Battle Clause: Forcing endless battles is banned
|rule|HP Percentage Mod: HP is shown in percentages
|rule|Evasion Abilities Clause: Evasion abilities are banned
|rule|Sleep Moves Clause: Sleep-inducing moves are banned
|rule|Swagger Clause: Swagger is banned
|rule|Baton Pass Stat Clause: No Baton Passer may have a way to boost its stats
|clearpoke
|poke|p1|Jirachi|item
|poke|p1|Garchomp, M|item
|poke|p1|Latios, M|item
|poke|p1|Kyurem-Black|item
|poke|p1|Salamence, F|item
|poke|p1|Magnezone|item
|poke|p2|Mienshao, F|item
|poke|p2|Reuniclus, M|item
|poke|p2|Skarmory, M|item
|poke|p2|Rotom-Wash|item
|poke|p2|Cofagrigus, F|item
|poke|p2|Jellicent, M|item
|teampreview
|inactive|Battle timer is ON: inactive players will automatically lose when time's up. (requested by Skillfullbeing)
|
|t:|1739050660
|start
|switch|p1a: Jirachi|Jirachi|100/100
|switch|p2a: Rotom|Rotom-Wash|100/100
|turn|1
|
|t:|1739050678
|move|p1a: Jirachi|Thunder Wave|p2a: Rotom
|-status|p2a: Rotom|par
|cant|p2a: Rotom|par
|
|upkeep
|turn|2
|
|t:|1739050683
|move|p1a: Jirachi|Stealth Rock|p2a: Rotom
|-sidestart|p2: Croaset|move: Stealth Rock
|cant|p2a: Rotom|par
|
|upkeep
|turn|3
|
|t:|1739050688
|move|p1a: Jirachi|U-turn|p2a: Rotom
|-damage|p2a: Rotom|88/100 par
|
|t:|1739050690
|switch|p1a: Kyurem|Kyurem-Black|100/100|[from] U-turn
|-ability|p1a: Kyurem|Teravolt
|move|p2a: Rotom|Will-O-Wisp|p1a: Kyurem
|-status|p1a: Kyurem|brn
|
|-heal|p2a: Rotom|95/100 par|[from] item: Leftovers
|-damage|p1a: Kyurem|88/100 brn|[from] brn
|upkeep
|turn|4
|
|t:|1739050701
|move|p1a: Kyurem|Fusion Bolt|p2a: Rotom
|-damage|p2a: Rotom|70/100 par
|move|p2a: Rotom|Volt Switch|p1a: Kyurem
|-resisted|p1a: Kyurem
|-damage|p1a: Kyurem|77/100 brn
|
|t:|1739050703
|switch|p2a: Mienshao|Mienshao, F|100/100|[from] Volt Switch
|-damage|p2a: Mienshao|95/100|[from] Stealth Rock
|
|-heal|p2a: Mienshao|100/100|[from] item: Leftovers
|-damage|p1a: Kyurem|64/100 brn|[from] brn
|upkeep
|turn|5
|
|t:|1739050708
|move|p2a: Mienshao|Baton Pass|p2a: Mienshao
|
|t:|1739050710
|switch|p2a: Rotom|Rotom-Wash|70/100 par|[from] Baton Pass
|-damage|p2a: Rotom|57/100 par|[from] Stealth Rock
|move|p1a: Kyurem|Fusion Bolt|p2a: Rotom
|-damage|p2a: Rotom|32/100 par
|
|-heal|p2a: Rotom|38/100 par|[from] item: Leftovers
|-damage|p1a: Kyurem|52/100 brn|[from] brn
|upkeep
|turn|6
|
|t:|1739050714
|move|p1a: Kyurem|Fusion Bolt|p2a: Rotom
|-damage|p2a: Rotom|9/100 par
|cant|p2a: Rotom|par
|
|-heal|p2a: Rotom|16/100 par|[from] item: Leftovers
|-damage|p1a: Kyurem|40/100 brn|[from] brn
|upkeep
|turn|7
|
|t:|1739050717
|switch|p2a: Mienshao|Mienshao, F|100/100
|-damage|p2a: Mienshao|95/100|[from] Stealth Rock
|move|p1a: Kyurem|Fusion Bolt|p2a: Mienshao
|-damage|p2a: Mienshao|38/100
|
|-heal|p2a: Mienshao|44/100|[from] item: Leftovers
|-damage|p1a: Kyurem|28/100 brn|[from] brn
|upkeep
|turn|8
|
|t:|1739050721
|move|p2a: Mienshao|High Jump Kick|p1a: Kyurem
|-supereffective|p1a: Kyurem
|-damage|p1a: Kyurem|0 fnt
|faint|p1a: Kyurem
|
|-heal|p2a: Mienshao|50/100|[from] item: Leftovers
|upkeep
|
|t:|1739050732
|switch|p1a: Latios|Latios, M|100/100
|turn|9
|
|t:|1739050736
|switch|p2a: Jellicent|Jellicent, M|100/100
|-damage|p2a: Jellicent|88/100|[from] Stealth Rock
|move|p1a: Latios|Psyshock|p2a: Jellicent
|-damage|p2a: Jellicent|43/100
|
|-heal|p2a: Jellicent|49/100|[from] item: Leftovers
|upkeep
|turn|10
|
|t:|1739050742
|switch|p1a: Jirachi|Jirachi|100/100
|move|p2a: Jellicent|Recover|p2a: Jellicent
|-heal|p2a: Jellicent|99/100
|
|-heal|p2a: Jellicent|100/100|[from] item: Leftovers
|upkeep
|turn|11
|
|t:|1739050750
|move|p1a: Jirachi|Thunder Wave|p2a: Jellicent
|-status|p2a: Jellicent|par
|cant|p2a: Jellicent|par
|
|upkeep
|turn|12
|
|t:|1739050753
|move|p1a: Jirachi|U-turn|p2a: Jellicent
|-resisted|p2a: Jellicent
|-damage|p2a: Jellicent|91/100 par
|
|t:|1739050756
|switch|p1a: Salamence|Salamence, F|100/100|[from] U-turn
|move|p2a: Jellicent|Scald|p1a: Salamence
|-resisted|p1a: Salamence
|-damage|p1a: Salamence|84/100
|
|-heal|p2a: Jellicent|97/100 par|[from] item: Leftovers
|upkeep
|turn|13
|
|t:|1739050762
|switch|p2a: Skarmory|Skarmory, M|100/100
|-damage|p2a: Skarmory|88/100|[from] Stealth Rock
|move|p1a: Salamence|Dragon Dance|p1a: Salamence
|-boost|p1a: Salamence|atk|1
|-boost|p1a: Salamence|spe|1
|
|-heal|p2a: Skarmory|94/100|[from] item: Leftovers
|upkeep
|turn|14
|
|t:|1739050765
|switch|p1a: Magnezone|Magnezone|100/100
|-item|p1a: Magnezone|Air Balloon
|move|p2a: Skarmory|Whirlwind|p1a: Magnezone
|drag|p1a: Garchomp|Garchomp, M|100/100
|
|-heal|p2a: Skarmory|99/100|[from] item: Leftovers
|upkeep
|turn|15
|
|t:|1739050768
|switch|p1a: Magnezone|Magnezone|100/100
|-item|p1a: Magnezone|Air Balloon
|move|p2a: Skarmory|Stealth Rock|p1a: Magnezone
|-sidestart|p1: Skillfullbeing|move: Stealth Rock
|
|-heal|p2a: Skarmory|100/100|[from] item: Leftovers
|upkeep
|turn|16
|
|t:|1739050772
|move|p1a: Magnezone|Hidden Power|p2a: Skarmory
|-supereffective|p2a: Skarmory
|-damage|p2a: Skarmory|35/100
|move|p2a: Skarmory|Whirlwind|p1a: Magnezone
|drag|p1a: Jirachi|Jirachi|100/100
|-damage|p1a: Jirachi|94/100|[from] Stealth Rock
|
|-heal|p1a: Jirachi|100/100|[from] item: Leftovers
|-heal|p2a: Skarmory|41/100|[from] item: Leftovers
|upkeep
|turn|17
|
|t:|1739050778
|move|p1a: Jirachi|Thunder Wave|p2a: Skarmory
|-status|p2a: Skarmory|par
|move|p2a: Skarmory|Roost|p2a: Skarmory
|-heal|p2a: Skarmory|91/100 par
|-singleturn|p2a: Skarmory|move: Roost
|
|-heal|p2a: Skarmory|97/100 par|[from] item: Leftovers
|upkeep
|turn|18
|
|t:|1739050783
|move|p1a: Jirachi|U-turn|p2a: Skarmory
|-resisted|p2a: Skarmory
|-damage|p2a: Skarmory|95/100 par
|
|t:|1739050785
|switch|p1a: Magnezone|Magnezone|100/100|[from] U-turn
|-damage|p1a: Magnezone|94/100|[from] Stealth Rock
|-item|p1a: Magnezone|Air Balloon
|move|p2a: Skarmory|Spikes|p1a: Magnezone
|-sidestart|p1: Skillfullbeing|Spikes
|
|-heal|p2a: Skarmory|100/100 par|[from] item: Leftovers
|upkeep
|turn|19
|
|t:|1739050787
|move|p1a: Magnezone|Hidden Power|p2a: Skarmory
|-supereffective|p2a: Skarmory
|-crit|p2a: Skarmory
|-ability|p2a: Skarmory|Sturdy
|-damage|p2a: Skarmory|1/100 par
|move|p2a: Skarmory|Whirlwind|p1a: Magnezone
|drag|p1a: Salamence|Salamence, F|84/100
|-damage|p1a: Salamence|60/100|[from] Stealth Rock
|
|-heal|p2a: Skarmory|7/100 par|[from] item: Leftovers
|upkeep
|turn|20
|
|t:|1739050794
|move|p1a: Salamence|Dragon Dance|p1a: Salamence
|-boost|p1a: Salamence|atk|1
|-boost|p1a: Salamence|spe|1
|move|p2a: Skarmory|Roost|p2a: Skarmory
|-heal|p2a: Skarmory|57/100 par
|-singleturn|p2a: Skarmory|move: Roost
|
|-heal|p2a: Skarmory|63/100 par|[from] item: Leftovers
|upkeep
|turn|21
|
|t:|1739050798
|move|p1a: Salamence|Outrage|p2a: Skarmory
|-resisted|p2a: Skarmory
|-damage|p2a: Skarmory|34/100 par
|cant|p2a: Skarmory|par
|
|-heal|p2a: Skarmory|40/100 par|[from] item: Leftovers
|upkeep
|turn|22
|
|t:|1739050801
|move|p1a: Salamence|Outrage|p2a: Skarmory|[from] lockedmove
|-resisted|p2a: Skarmory
|-damage|p2a: Skarmory|10/100 par
|move|p2a: Skarmory|Roost|p2a: Skarmory
|-heal|p2a: Skarmory|60/100 par
|-singleturn|p2a: Skarmory|move: Roost
|
|-heal|p2a: Skarmory|66/100 par|[from] item: Leftovers
|upkeep
|turn|23
|
|t:|1739050805
|move|p1a: Salamence|Outrage|p2a: Skarmory|[from] lockedmove
|-resisted|p2a: Skarmory
|-damage|p2a: Skarmory|38/100 par
|-start|p1a: Salamence|confusion|[fatigue]
|-enditem|p1a: Salamence|Lum Berry|[eat]
|-end|p1a: Salamence|confusion
|move|p2a: Skarmory|Roost|p2a: Skarmory
|-heal|p2a: Skarmory|88/100 par
|-singleturn|p2a: Skarmory|move: Roost
|
|-heal|p2a: Skarmory|94/100 par|[from] item: Leftovers
|upkeep
|turn|24
|
|t:|1739050808
|move|p1a: Salamence|Dragon Dance|p1a: Salamence
|-boost|p1a: Salamence|atk|1
|-boost|p1a: Salamence|spe|1
|cant|p2a: Skarmory|par
|
|-heal|p2a: Skarmory|99/100 par|[from] item: Leftovers
|upkeep
|turn|25
|
|t:|1739050812
|move|p1a: Salamence|Dragon Dance|p1a: Salamence
|-boost|p1a: Salamence|atk|1
|-boost|p1a: Salamence|spe|1
|move|p2a: Skarmory|Whirlwind|p1a: Salamence
|drag|p1a: Jirachi|Jirachi|100/100
|-damage|p1a: Jirachi|94/100|[from] Stealth Rock
|-damage|p1a: Jirachi|82/100|[from] Spikes
|
|-heal|p1a: Jirachi|88/100|[from] item: Leftovers
|-heal|p2a: Skarmory|100/100 par|[from] item: Leftovers
|upkeep
|turn|26
|
|t:|1739050820
|move|p1a: Jirachi|Icy Wind|p2a: Skarmory
|-damage|p2a: Skarmory|83/100 par
|-unboost|p2a: Skarmory|spe|1
|move|p2a: Skarmory|Spikes|p1a: Jirachi
|-sidestart|p1: Skillfullbeing|Spikes
|
|-heal|p1a: Jirachi|94/100|[from] item: Leftovers
|-heal|p2a: Skarmory|89/100 par|[from] item: Leftovers
|upkeep
|turn|27
|
|t:|1739050825
|switch|p1a: Magnezone|Magnezone|94/100
|-damage|p1a: Magnezone|88/100|[from] Stealth Rock
|-item|p1a: Magnezone|Air Balloon
|move|p2a: Skarmory|Roost|p2a: Skarmory
|-heal|p2a: Skarmory|100/100 par
|-singleturn|p2a: Skarmory|move: Roost
|
|upkeep
|turn|28
|
|t:|1739050829
|move|p1a: Magnezone|Hidden Power|p2a: Skarmory
|-supereffective|p2a: Skarmory
|-damage|p2a: Skarmory|40/100 par
|move|p2a: Skarmory|Whirlwind|p1a: Magnezone
|drag|p1a: Salamence|Salamence, F|60/100
|-damage|p1a: Salamence|35/100|[from] Stealth Rock
|
|-heal|p2a: Skarmory|46/100 par|[from] item: Leftovers
|upkeep
|turn|29
|
|t:|1739050833
|switch|p1a: Magnezone|Magnezone|88/100
|-damage|p1a: Magnezone|82/100|[from] Stealth Rock
|-item|p1a: Magnezone|Air Balloon
|move|p2a: Skarmory|Roost|p2a: Skarmory
|-heal|p2a: Skarmory|96/100 par
|-singleturn|p2a: Skarmory|move: Roost
|
|-heal|p2a: Skarmory|100/100 par|[from] item: Leftovers
|upkeep
|turn|30
|
|t:|1739050839
|move|p1a: Magnezone|Hidden Power|p2a: Skarmory
|-supereffective|p2a: Skarmory
|-damage|p2a: Skarmory|35/100 par
|cant|p2a: Skarmory|par
|
|-heal|p2a: Skarmory|41/100 par|[from] item: Leftovers
|upkeep
|turn|31
|
|t:|1739050844
|move|p1a: Magnezone|Volt Switch|p2a: Skarmory
|-supereffective|p2a: Skarmory
|-damage|p2a: Skarmory|0 fnt
|faint|p2a: Skarmory
|
|t:|1739050855
|switch|p1a: Jirachi|Jirachi|94/100|[from] Volt Switch
|-damage|p1a: Jirachi|88/100|[from] Stealth Rock
|-damage|p1a: Jirachi|72/100|[from] Spikes
|
|-heal|p1a: Jirachi|78/100|[from] item: Leftovers
|upkeep
|
|t:|1739050861
|switch|p2a: Jellicent|Jellicent, M|97/100 par
|-damage|p2a: Jellicent|85/100 par|[from] Stealth Rock
|turn|32
|
|t:|1739050865
|move|p1a: Jirachi|U-turn|p2a: Jellicent
|-resisted|p2a: Jellicent
|-damage|p2a: Jellicent|75/100 par
|
|t:|1739050869
|switch|p1a: Magnezone|Magnezone|82/100|[from] U-turn
|-damage|p1a: Magnezone|76/100|[from] Stealth Rock
|-item|p1a: Magnezone|Air Balloon
|move|p2a: Jellicent|Scald|p1a: Magnezone
|-damage|p1a: Magnezone|49/100
|-enditem|p1a: Magnezone|Air Balloon
|
|-heal|p2a: Jellicent|82/100 par|[from] item: Leftovers
|upkeep
|turn|33
|
|t:|1739050877
|move|p1a: Magnezone|Volt Switch|p2a: Jellicent
|-supereffective|p2a: Jellicent
|-damage|p2a: Jellicent|44/100 par
|
|t:|1739050882
|switch|p1a: Jirachi|Jirachi|78/100|[from] Volt Switch
|-damage|p1a: Jirachi|72/100|[from] Stealth Rock
|-damage|p1a: Jirachi|55/100|[from] Spikes
|move|p2a: Jellicent|Recover|p2a: Jellicent
|-heal|p2a: Jellicent|94/100 par
|
|-heal|p1a: Jirachi|61/100|[from] item: Leftovers
|-heal|p2a: Jellicent|99/100 par|[from] item: Leftovers
|upkeep
|turn|34
|
|t:|1739050891
|move|p1a: Jirachi|U-turn|p2a: Jellicent
|-resisted|p2a: Jellicent
|-damage|p2a: Jellicent|91/100 par
|
|t:|1739050893
|switch|p1a: Magnezone|Magnezone|49/100|[from] U-turn
|-damage|p1a: Magnezone|42/100|[from] Stealth Rock
|-damage|p1a: Magnezone|26/100|[from] Spikes
|cant|p2a: Jellicent|par
|
|-heal|p2a: Jellicent|97/100 par|[from] item: Leftovers
|upkeep
|turn|35
|
|t:|1739050902
|switch|p2a: Rotom|Rotom-Wash|16/100 par
|-damage|p2a: Rotom|3/100 par|[from] Stealth Rock
|move|p1a: Magnezone|Volt Switch|p2a: Rotom
|-damage|p2a: Rotom|0 fnt
|faint|p2a: Rotom
|
|t:|1739050909
|switch|p1a: Garchomp|Garchomp, M|100/100|[from] Volt Switch
|-damage|p1a: Garchomp|94/100|[from] Stealth Rock
|-damage|p1a: Garchomp|78/100|[from] Spikes
|
|upkeep
|
|t:|1739050919
|switch|p2a: Mienshao|Mienshao, F|83/100
|-damage|p2a: Mienshao|77/100|[from] Stealth Rock
|turn|36
|
|t:|1739050925
|move|p1a: Garchomp|Outrage|p2a: Mienshao
|-damage|p2a: Mienshao|0 fnt
|faint|p2a: Mienshao
|
|upkeep
|
|t:|1739050931
|switch|p2a: Cofagrigus|Cofagrigus, F|100/100
|-damage|p2a: Cofagrigus|88/100|[from] Stealth Rock
|turn|37
|
|t:|1739050933
|move|p1a: Garchomp|Outrage|p2a: Cofagrigus|[from] lockedmove
|-damage|p2a: Cofagrigus|44/100
|-activate|p2a: Cofagrigus|ability: Mummy|Rough Skin|[of] p1a: Garchomp
|move|p2a: Cofagrigus|Calm Mind|p2a: Cofagrigus
|-boost|p2a: Cofagrigus|spa|1
|-boost|p2a: Cofagrigus|spd|1
|
|-heal|p2a: Cofagrigus|50/100|[from] item: Leftovers
|upkeep
|turn|38
|
|t:|1739050939
|move|p1a: Garchomp|Outrage|p2a: Cofagrigus|[from] lockedmove
|-crit|p2a: Cofagrigus
|-damage|p2a: Cofagrigus|0 fnt
|faint|p2a: Cofagrigus
|-start|p1a: Garchomp|confusion|[fatigue]
|
|upkeep
|
|t:|1739050942
|switch|p2a: Jellicent|Jellicent, M|97/100 par
|-damage|p2a: Jellicent|85/100 par|[from] Stealth Rock
|turn|39
|
|t:|1739050944
|switch|p1a: Jirachi|Jirachi|61/100
|-damage|p1a: Jirachi|55/100|[from] Stealth Rock
|-damage|p1a: Jirachi|39/100|[from] Spikes
|move|p2a: Jellicent|Scald|p1a: Jirachi
|-damage|p1a: Jirachi|23/100
|-status|p1a: Jirachi|brn
|
|-heal|p1a: Jirachi|29/100 brn|[from] item: Leftovers
|-heal|p2a: Jellicent|91/100 par|[from] item: Leftovers
|-damage|p1a: Jirachi|17/100 brn|[from] brn
|upkeep
|turn|40
|
|t:|1739050951
|move|p1a: Jirachi|Icy Wind|p2a: Jellicent
|-resisted|p2a: Jellicent
|-damage|p2a: Jellicent|87/100 par
|-unboost|p2a: Jellicent|spe|1
|move|p2a: Jellicent|Scald|p1a: Jirachi
|-damage|p1a: Jirachi|1/100 brn
|
|-heal|p1a: Jirachi|7/100 brn|[from] item: Leftovers
|-heal|p2a: Jellicent|93/100 par|[from] item: Leftovers
|-damage|p1a: Jirachi|0 fnt|[from] brn
|faint|p1a: Jirachi
|upkeep
|
|t:|1739050959
|switch|p1a: Salamence|Salamence, F|35/100
|-damage|p1a: Salamence|10/100|[from] Stealth Rock
|turn|41
|
|t:|1739050963
|move|p1a: Salamence|Dragon Dance|p1a: Salamence
|-boost|p1a: Salamence|atk|1
|-boost|p1a: Salamence|spe|1
|move|p2a: Jellicent|Scald|p1a: Salamence
|-resisted|p1a: Salamence
|-damage|p1a: Salamence|0 fnt
|faint|p1a: Salamence
|
|-heal|p2a: Jellicent|99/100 par|[from] item: Leftovers
|upkeep
|
|t:|1739050967
|switch|p1a: Magnezone|Magnezone|26/100
|-damage|p1a: Magnezone|20/100|[from] Stealth Rock
|-damage|p1a: Magnezone|4/100|[from] Spikes
|turn|42
|
|t:|1739050970
|move|p1a: Magnezone|Volt Switch|p2a: Jellicent
|-supereffective|p2a: Jellicent
|-damage|p2a: Jellicent|59/100 par
|
|t:|1739050972
|switch|p1a: Garchomp|Garchomp, M|78/100|[from] Volt Switch
|-damage|p1a: Garchomp|72/100|[from] Stealth Rock
|-damage|p1a: Garchomp|55/100|[from] Spikes
|move|p2a: Jellicent|Recover|p2a: Jellicent
|-heal|p2a: Jellicent|100/100 par
|
|upkeep
|turn|43
|
|t:|1739050974
|move|p1a: Garchomp|Outrage|p2a: Jellicent
|-damage|p2a: Jellicent|27/100 par
|move|p2a: Jellicent|Scald|p1a: Garchomp
|-damage|p1a: Garchomp|30/100
|
|-heal|p2a: Jellicent|33/100 par|[from] item: Leftovers
|upkeep
|turn|44
|
|t:|1739050981
|move|p1a: Garchomp|Outrage|p2a: Jellicent|[from] lockedmove
|-damage|p2a: Jellicent|0 fnt
|faint|p2a: Jellicent
|
|upkeep
|
|t:|1739050982
|switch|p2a: Reuniclus|Reuniclus, M|100/100
|turn|45
|
|t:|1739050984
|move|p1a: Garchomp|Outrage|p2a: Reuniclus|[from] lockedmove
|-damage|p2a: Reuniclus|56/100
|-start|p1a: Garchomp|confusion|[fatigue]
|move|p2a: Reuniclus|Calm Mind|p2a: Reuniclus
|-boost|p2a: Reuniclus|spa|1
|-boost|p2a: Reuniclus|spd|1
|
|-heal|p2a: Reuniclus|62/100|[from] item: Leftovers
|upkeep
|turn|46
|
|t:|1739050990
|switch|p1a: Magnezone|Magnezone|4/100
|-damage|p1a: Magnezone|0 fnt|[from] Stealth Rock
|faint|p1a: Magnezone
|move|p2a: Reuniclus|Recover|p2a: Reuniclus
|-heal|p2a: Reuniclus|100/100
|
|upkeep
|
|t:|1739050992
|switch|p1a: Garchomp|Garchomp, M|30/100
|-damage|p1a: Garchomp|24/100|[from] Stealth Rock
|-damage|p1a: Garchomp|7/100|[from] Spikes
|turn|47
|
|t:|1739050994
|move|p1a: Garchomp|Outrage|p2a: Reuniclus
|-damage|p2a: Reuniclus|53/100
|move|p2a: Reuniclus|Recover|p2a: Reuniclus
|-heal|p2a: Reuniclus|100/100
|
|upkeep
|turn|48
|
|t:|1739051000
|move|p1a: Garchomp|Outrage|p2a: Reuniclus|[from] lockedmove
|-damage|p2a: Reuniclus|55/100
|-start|p1a: Garchomp|confusion|[fatigue]
|move|p2a: Reuniclus|Recover|p2a: Reuniclus
|-heal|p2a: Reuniclus|100/100
|
|upkeep
|turn|49
|
|t:|1739051010
|-activate|p1a: Garchomp|confusion
|move|p1a: Garchomp|Outrage|p2a: Reuniclus
|-damage|p2a: Reuniclus|57/100
|move|p2a: Reuniclus|Recover|p2a: Reuniclus
|-heal|p2a: Reuniclus|100/100
|
|upkeep
|turn|50
|
|t:|1739051013
|-activate|p1a: Garchomp|confusion
|-damage|p1a: Garchomp|0 fnt|[from] confusion
|faint|p1a: Garchomp
|move|p2a: Reuniclus|Recover||[still]
|-fail|p2a: Reuniclus|heal
|
|upkeep
|
|t:|1739051015
|switch|p1a: Latios|Latios, M|100/100
|-damage|p1a: Latios|88/100|[from] Stealth Rock
|turn|51
|
|t:|1739051020
|move|p1a: Latios|Dragon Pulse|p2a: Reuniclus
|-damage|p2a: Reuniclus|70/100
|move|p2a: Reuniclus|Psyshock|p1a: Latios
|-resisted|p1a: Latios
|-crit|p1a: Latios
|-damage|p1a: Latios|18/100
|
|-heal|p2a: Reuniclus|76/100|[from] item: Leftovers
|upkeep
|turn|52
|
|t:|1739051022
|move|p1a: Latios|Dragon Pulse|p2a: Reuniclus
|-damage|p2a: Reuniclus|45/100
|move|p2a: Reuniclus|Psyshock|p1a: Latios
|-resisted|p1a: Latios
|-damage|p1a: Latios|0 fnt
|faint|p1a: Latios
|
|win|Croaset
|raw|Skillfullbeing's rating: 1464 &rarr; <strong>1441</strong><br />(-23 for losing)
|raw|Croaset's rating: 1418 &rarr; <strong>1441</strong><br />(+23 for winning)
