|j|☆torinoko city
|j|☆leoperi99
|t:|1709990634
|gametype|singles
|player|p1|torinoko city|miku-flying|1462
|player|p2|leoperi99|teacher-gen2|1471
|teamsize|p1|6
|teamsize|p2|6
|gen|5
|tier|[Gen 5] OU
|rated|
|rule|Species Clause: Limit one of each Pokémon
|rule|OHKO Clause: OHKO moves are banned
|rule|Moody Clause: Moody is banned
|rule|Evasion Items Clause: Evasion items are banned
|rule|Evasion Moves Clause: Evasion moves are banned
|rule|Endless Battle Clause: Forcing endless battles is banned
|rule|HP Percentage Mod: HP is shown in percentages
|rule|Evasion Abilities Clause: Evasion abilities are banned
|rule|Sleep Moves Clause: Sleep-inducing moves are banned
|rule|Swagger Clause: Swagger is banned
|rule|Baton Pass Stat Clause: No Baton Passer may have a way to boost its stats
|clearpoke
|poke|p1|Skarmory, F|item
|poke|p1|Jellicent, M|item
|poke|p1|Tyranitar, M|item
|poke|p1|Alakazam, F|item
|poke|p1|Kadabra, M|item
|poke|p1|Heatran, F|item
|poke|p2|Moltres|item
|poke|p2|Politoed, M|item
|poke|p2|Tentacruel, M|item
|poke|p2|Blissey, F|item
|poke|p2|Mamoswine, M|item
|poke|p2|Landorus-Therian, M|item
|teampreview
|inactive|Battle timer is ON: inactive players will automatically lose when time's up. (requested by torinoko city)
|c|☆leoperi99|glhf
|inactive|leoperi99 has 120 seconds left.
|
|t:|1709990665
|start
|switch|p1a: Skarmory|Skarmory, F|100/100
|switch|p2a: Landorus|Landorus-Therian, M, shiny|100/100
|-ability|p2a: Landorus|Intimidate|boost
|-unboost|p1a: Skarmory|atk|1
|turn|1
|
|t:|1709990669
|move|p2a: Landorus|Stealth Rock|p1a: Skarmory
|-sidestart|p1: torinoko city|move: Stealth Rock
|move|p1a: Skarmory|Stealth Rock|p2a: Landorus
|-sidestart|p2: leoperi99|move: Stealth Rock
|
|upkeep
|turn|2
|
|t:|1709990672
|move|p2a: Landorus|Hidden Power|p1a: Skarmory
|-damage|p1a: Skarmory|74/100
|move|p1a: Skarmory|Spikes|p2a: Landorus
|-sidestart|p2: leoperi99|Spikes
|
|upkeep
|turn|3
|
|t:|1709990675
|move|p2a: Landorus|U-turn|p1a: Skarmory
|-resisted|p1a: Skarmory
|-damage|p1a: Skarmory|69/100
|
|t:|1709990676
|switch|p2a: Tentacruel|Tentacruel, M, shiny|100/100|[from] U-turn
|-damage|p2a: Tentacruel|88/100|[from] Stealth Rock
|-damage|p2a: Tentacruel|76/100|[from] Spikes
|move|p1a: Skarmory|Spikes|p2a: Tentacruel
|-sidestart|p2: leoperi99|Spikes
|
|-heal|p2a: Tentacruel|82/100|[from] item: Black Sludge
|upkeep
|turn|4
|
|t:|1709990679
|switch|p1a: Jellicent|Jellicent, M|100/100
|-damage|p1a: Jellicent|88/100|[from] Stealth Rock
|-item|p1a: Jellicent|Air Balloon
|move|p2a: Tentacruel|Rapid Spin|p1a: Jellicent
|-immune|p1a: Jellicent
|
|-heal|p2a: Tentacruel|88/100|[from] item: Black Sludge
|upkeep
|turn|5
|
|t:|1709990682
|move|p2a: Tentacruel|Protect|p2a: Tentacruel
|-singleturn|p2a: Tentacruel|Protect
|move|p1a: Jellicent|Will-O-Wisp|p2a: Tentacruel
|-activate|p2a: Tentacruel|move: Protect
|
|-heal|p2a: Tentacruel|94/100|[from] item: Black Sludge
|upkeep
|turn|6
|
|t:|1709990684
|move|p2a: Tentacruel|Toxic|p1a: Jellicent|[miss]
|-miss|p2a: Tentacruel|p1a: Jellicent
|move|p1a: Jellicent|Will-O-Wisp|p2a: Tentacruel|[miss]
|-miss|p1a: Jellicent|p2a: Tentacruel
|
|-heal|p2a: Tentacruel|99/100|[from] item: Black Sludge
|upkeep
|turn|7
|
|t:|1709990687
|move|p2a: Tentacruel|Toxic|p1a: Jellicent
|-status|p1a: Jellicent|tox
|move|p1a: Jellicent|Will-O-Wisp|p2a: Tentacruel
|-status|p2a: Tentacruel|brn
|
|-heal|p2a: Tentacruel|100/100 brn|[from] item: Black Sludge
|-damage|p1a: Jellicent|82/100 tox|[from] psn
|-damage|p2a: Tentacruel|88/100 brn|[from] brn
|upkeep
|turn|8
|
|t:|1709990692
|move|p2a: Tentacruel|Protect|p2a: Tentacruel
|-singleturn|p2a: Tentacruel|Protect
|move|p1a: Jellicent|Taunt|p2a: Tentacruel
|-activate|p2a: Tentacruel|move: Protect
|
|-heal|p2a: Tentacruel|94/100 brn|[from] item: Black Sludge
|-damage|p1a: Jellicent|69/100 tox|[from] psn
|-damage|p2a: Tentacruel|82/100 brn|[from] brn
|upkeep
|turn|9
|
|t:|1709990698
|switch|p2a: Blissey|Blissey, F, shiny|100/100
|-damage|p2a: Blissey|88/100|[from] Stealth Rock
|-damage|p2a: Blissey|71/100|[from] Spikes
|move|p1a: Jellicent|Shadow Ball|p2a: Blissey
|-immune|p2a: Blissey
|
|-heal|p2a: Blissey|78/100|[from] item: Leftovers
|-damage|p1a: Jellicent|51/100 tox|[from] psn
|upkeep
|turn|10
|
|t:|1709990702
|switch|p1a: Skarmory|Skarmory, F|69/100
|-damage|p1a: Skarmory|57/100|[from] Stealth Rock
|move|p2a: Blissey|Seismic Toss|p1a: Skarmory
|-damage|p1a: Skarmory|20/100
|
|-heal|p2a: Blissey|84/100|[from] item: Leftovers
|upkeep
|turn|11
|-enditem|p1a: Skarmory|Custap Berry|[eat]
|-activate|p1a: Skarmory|item: Custap Berry|[consumed]
|
|t:|1709990708
|move|p1a: Skarmory|Spikes|p2a: Blissey
|-sidestart|p2: leoperi99|Spikes
|move|p2a: Blissey|Seismic Toss|p1a: Skarmory
|-damage|p1a: Skarmory|0 fnt
|faint|p1a: Skarmory
|
|-heal|p2a: Blissey|90/100|[from] item: Leftovers
|upkeep
|
|t:|1709990713
|switch|p1a: Tyranitar|Tyranitar, M|100/100
|-damage|p1a: Tyranitar|88/100|[from] Stealth Rock
|-weather|Sandstorm|[from] ability: Sand Stream|[of] p1a: Tyranitar
|turn|12
|
|t:|1709990717
|switch|p2a: Landorus|Landorus-Therian, M, shiny|100/100
|-damage|p2a: Landorus|88/100|[from] Stealth Rock
|-ability|p2a: Landorus|Intimidate|boost
|-unboost|p1a: Tyranitar|atk|1
|move|p1a: Tyranitar|Crunch|p2a: Landorus
|-damage|p2a: Landorus|59/100
|
|-weather|Sandstorm|[upkeep]
|-heal|p2a: Landorus|65/100|[from] item: Leftovers
|upkeep
|turn|13
|
|t:|1709990722
|switch|p1a: Heatran|Heatran, F|100/100
|-damage|p1a: Heatran|88/100|[from] Stealth Rock
|-item|p1a: Heatran|Air Balloon
|move|p2a: Landorus|U-turn|p1a: Heatran
|-resisted|p1a: Heatran
|-damage|p1a: Heatran|83/100
|-enditem|p1a: Heatran|Air Balloon
|
|t:|1709990729
|switch|p2a: Politoed|Politoed, M, shiny|100/100|[from] U-turn
|-damage|p2a: Politoed|88/100|[from] Stealth Rock
|-damage|p2a: Politoed|63/100|[from] Spikes
|-weather|RainDance|[from] ability: Drizzle|[of] p2a: Politoed
|
|-weather|RainDance|[upkeep]
|upkeep
|turn|14
|
|t:|1709990740
|switch|p2a: Landorus|Landorus-Therian, M, shiny|65/100
|-damage|p2a: Landorus|52/100|[from] Stealth Rock
|-ability|p2a: Landorus|Intimidate|boost
|-unboost|p1a: Heatran|atk|1
|switch|p1a: Jellicent|Jellicent, M|51/100 tox
|-damage|p1a: Jellicent|38/100 tox|[from] Stealth Rock
|-item|p1a: Jellicent|Air Balloon
|
|-weather|RainDance|[upkeep]
|-heal|p2a: Landorus|59/100|[from] item: Leftovers
|-damage|p1a: Jellicent|32/100 tox|[from] psn
|upkeep
|turn|15
|
|t:|1709990744
|move|p2a: Landorus|U-turn|p1a: Jellicent
|-resisted|p1a: Jellicent
|-damage|p1a: Jellicent|21/100 tox
|-enditem|p1a: Jellicent|Air Balloon
|
|t:|1709990749
|switch|p2a: Blissey|Blissey, F, shiny|90/100|[from] U-turn
|-damage|p2a: Blissey|77/100|[from] Stealth Rock
|-damage|p2a: Blissey|53/100|[from] Spikes
|move|p1a: Jellicent|Recover|p1a: Jellicent
|-heal|p1a: Jellicent|71/100 tox
|
|-weather|RainDance|[upkeep]
|-heal|p2a: Blissey|59/100|[from] item: Leftovers
|-damage|p1a: Jellicent|58/100 tox|[from] psn
|upkeep
|turn|16
|
|t:|1709990754
|switch|p1a: Tyranitar|Tyranitar, M|88/100
|-damage|p1a: Tyranitar|76/100|[from] Stealth Rock
|-weather|Sandstorm|[from] ability: Sand Stream|[of] p1a: Tyranitar
|move|p2a: Blissey|Aromatherapy|p2a: Blissey
|-activate|p2a: Blissey|move: Aromatherapy
|-curestatus|p2: Tentacruel|brn|[msg]
|
|-weather|Sandstorm|[upkeep]
|-damage|p2a: Blissey|53/100|[from] Sandstorm
|-heal|p2a: Blissey|59/100|[from] item: Leftovers
|upkeep
|turn|17
|
|t:|1709990759
|switch|p2a: Landorus|Landorus-Therian, M, shiny|59/100
|-damage|p2a: Landorus|46/100|[from] Stealth Rock
|-ability|p2a: Landorus|Intimidate|boost
|-unboost|p1a: Tyranitar|atk|1
|move|p1a: Tyranitar|Crunch|p2a: Landorus
|-damage|p2a: Landorus|18/100
|
|-weather|Sandstorm|[upkeep]
|-heal|p2a: Landorus|25/100|[from] item: Leftovers
|upkeep
|turn|18
|
|t:|1709990762
|switch|p1a: Jellicent|Jellicent, M|58/100 tox
|-damage|p1a: Jellicent|46/100 tox|[from] Stealth Rock
|move|p2a: Landorus|Earthquake|p1a: Jellicent
|-damage|p1a: Jellicent|0 fnt
|faint|p1a: Jellicent
|
|-weather|Sandstorm|[upkeep]
|-heal|p2a: Landorus|31/100|[from] item: Leftovers
|upkeep
|
|t:|1709990769
|switch|p1a: Alakazam|Alakazam, F|100/100
|turn|19
|
|t:|1709990773
|move|p1a: Alakazam|Hidden Power|p2a: Landorus
|-supereffective|p2a: Landorus
|-damage|p2a: Landorus|0 fnt
|faint|p2a: Landorus
|
|-weather|Sandstorm|[upkeep]
|upkeep
|
|t:|1709990784
|switch|p2a: Politoed|Politoed, M, shiny|63/100
|-damage|p2a: Politoed|51/100|[from] Stealth Rock
|-damage|p2a: Politoed|26/100|[from] Spikes
|-weather|RainDance|[from] ability: Drizzle|[of] p2a: Politoed
|turn|20
|
|t:|1709990786
|move|p2a: Politoed|Hydro Pump|p1a: Alakazam
|-enditem|p1a: Alakazam|Focus Sash
|-damage|p1a: Alakazam|1/100
|move|p1a: Alakazam|Psychic|p2a: Politoed
|-damage|p2a: Politoed|0 fnt
|faint|p2a: Politoed
|
|-weather|RainDance|[upkeep]
|upkeep
|
|t:|1709990789
|switch|p2a: Mamoswine|Mamoswine, M, shiny|100/100
|-damage|p2a: Mamoswine|88/100|[from] Stealth Rock
|-damage|p2a: Mamoswine|63/100|[from] Spikes
|turn|21
|
|t:|1709990792
|switch|p1a: Tyranitar|Tyranitar, M|76/100
|-damage|p1a: Tyranitar|63/100|[from] Stealth Rock
|-weather|Sandstorm|[from] ability: Sand Stream|[of] p1a: Tyranitar
|move|p2a: Mamoswine|Ice Shard|p1a: Tyranitar
|-damage|p1a: Tyranitar|37/100
|
|-weather|Sandstorm|[upkeep]
|upkeep
|turn|22
|
|t:|1709990797
|switch|p2a: Tentacruel|Tentacruel, M, shiny|82/100
|-damage|p2a: Tentacruel|69/100|[from] Stealth Rock
|-damage|p2a: Tentacruel|44/100|[from] Spikes
|move|p1a: Tyranitar|Crunch|p2a: Tentacruel
|-damage|p2a: Tentacruel|1/100
|
|-weather|Sandstorm|[upkeep]
|-damage|p2a: Tentacruel|0 fnt|[from] Sandstorm
|faint|p2a: Tentacruel
|upkeep
|
|t:|1709990801
|switch|p2a: Moltres|Moltres, shiny|100/100
|-damage|p2a: Moltres|51/100|[from] Stealth Rock
|-ability|p2a: Moltres|Pressure
|turn|23
|
|t:|1709990804
|move|p2a: Moltres|Roost|p2a: Moltres
|-heal|p2a: Moltres|100/100
|-singleturn|p2a: Moltres|move: Roost
|move|p1a: Tyranitar|Crunch|p2a: Moltres
|-damage|p2a: Moltres|68/100
|
|-weather|Sandstorm|[upkeep]
|-damage|p2a: Moltres|62/100|[from] Sandstorm
|-heal|p2a: Moltres|68/100|[from] item: Leftovers
|upkeep
|turn|24
|
|t:|1709990808
|move|p2a: Moltres|Hurricane|p1a: Tyranitar|[miss]
|-miss|p2a: Moltres|p1a: Tyranitar
|move|p1a: Tyranitar|Thunder Wave|p2a: Moltres
|-status|p2a: Moltres|par
|
|-weather|Sandstorm|[upkeep]
|-damage|p2a: Moltres|62/100 par|[from] Sandstorm
|-heal|p2a: Moltres|68/100 par|[from] item: Leftovers
|upkeep
|turn|25
|
|t:|1709990810
|move|p1a: Tyranitar|Crunch|p2a: Moltres
|-damage|p2a: Moltres|36/100 par
|move|p2a: Moltres|Will-O-Wisp|p1a: Tyranitar
|-status|p1a: Tyranitar|brn
|
|-weather|Sandstorm|[upkeep]
|-damage|p2a: Moltres|30/100 par|[from] Sandstorm
|-heal|p2a: Moltres|36/100 par|[from] item: Leftovers
|-damage|p1a: Tyranitar|25/100 brn|[from] brn
|upkeep
|turn|26
|
|t:|1709990814
|move|p1a: Tyranitar|Crunch|p2a: Moltres
|-damage|p2a: Moltres|20/100 par
|move|p2a: Moltres|Roost|p2a: Moltres
|-heal|p2a: Moltres|71/100 par
|-singleturn|p2a: Moltres|move: Roost
|
|-weather|Sandstorm|[upkeep]
|-damage|p2a: Moltres|65/100 par|[from] Sandstorm
|-heal|p2a: Moltres|71/100 par|[from] item: Leftovers
|-damage|p1a: Tyranitar|12/100 brn|[from] brn
|upkeep
|turn|27
|
|t:|1709990816
|move|p1a: Tyranitar|Crunch|p2a: Moltres
|-damage|p2a: Moltres|54/100 par
|move|p2a: Moltres|Roost|p2a: Moltres
|-heal|p2a: Moltres|100/100 par
|-singleturn|p2a: Moltres|move: Roost
|
|-weather|Sandstorm|[upkeep]
|-damage|p2a: Moltres|95/100 par|[from] Sandstorm
|-heal|p2a: Moltres|100/100 par|[from] item: Leftovers
|-damage|p1a: Tyranitar|0 fnt|[from] brn
|faint|p1a: Tyranitar
|upkeep
|
|t:|1709990819
|switch|p1a: Heatran|Heatran, F|83/100
|-damage|p1a: Heatran|70/100|[from] Stealth Rock
|turn|28
|
|t:|1709990821
|move|p1a: Heatran|Magma Storm|p2a: Moltres|[miss]
|-miss|p1a: Heatran|p2a: Moltres
|move|p2a: Moltres|Hurricane|p1a: Heatran
|-resisted|p1a: Heatran
|-damage|p1a: Heatran|46/100
|
|-weather|Sandstorm|[upkeep]
|-damage|p2a: Moltres|95/100 par|[from] Sandstorm
|-heal|p2a: Moltres|100/100 par|[from] item: Leftovers
|upkeep
|turn|29
|
|t:|1709990823
|move|p1a: Heatran|Magma Storm|p2a: Moltres
|-resisted|p2a: Moltres
|-damage|p2a: Moltres|62/100 par
|-activate|p2a: Moltres|move: Magma Storm|[of] p1a: Heatran
|cant|p2a: Moltres|par
|
|-weather|Sandstorm|[upkeep]
|-damage|p2a: Moltres|56/100 par|[from] Sandstorm
|-heal|p2a: Moltres|62/100 par|[from] item: Leftovers
|-damage|p2a: Moltres|56/100 par|[from] move: Magma Storm|[partiallytrapped]
|upkeep
|turn|30
|
|t:|1709990826
|move|p1a: Heatran|Magma Storm|p2a: Moltres
|-resisted|p2a: Moltres
|-damage|p2a: Moltres|17/100 par
|move|p2a: Moltres|Roost|p2a: Moltres
|-heal|p2a: Moltres|67/100 par
|-singleturn|p2a: Moltres|move: Roost
|
|-weather|Sandstorm|[upkeep]
|-damage|p2a: Moltres|61/100 par|[from] Sandstorm
|-heal|p2a: Moltres|67/100 par|[from] item: Leftovers
|-damage|p2a: Moltres|61/100 par|[from] move: Magma Storm|[partiallytrapped]
|upkeep
|turn|31
|
|t:|1709990829
|move|p1a: Heatran|Magma Storm|p2a: Moltres
|-resisted|p2a: Moltres
|-damage|p2a: Moltres|21/100 par
|move|p2a: Moltres|Roost|p2a: Moltres
|-heal|p2a: Moltres|71/100 par
|-singleturn|p2a: Moltres|move: Roost
|
|-weather|Sandstorm|[upkeep]
|-damage|p2a: Moltres|65/100 par|[from] Sandstorm
|-heal|p2a: Moltres|71/100 par|[from] item: Leftovers
|-damage|p2a: Moltres|65/100 par|[from] move: Magma Storm|[partiallytrapped]
|upkeep
|turn|32
|
|t:|1709990831
|move|p1a: Heatran|Hidden Power|p2a: Moltres
|-damage|p2a: Moltres|37/100 par
|move|p2a: Moltres|Roost|p2a: Moltres
|-heal|p2a: Moltres|87/100 par
|-singleturn|p2a: Moltres|move: Roost
|
|-weather|Sandstorm|[upkeep]
|-damage|p2a: Moltres|81/100 par|[from] Sandstorm
|-heal|p2a: Moltres|87/100 par|[from] item: Leftovers
|-damage|p2a: Moltres|81/100 par|[from] move: Magma Storm|[partiallytrapped]
|upkeep
|turn|33
|
|t:|1709990837
|move|p1a: Heatran|Hidden Power|p2a: Moltres
|-damage|p2a: Moltres|50/100 par
|move|p2a: Moltres|Hurricane|p1a: Heatran|[miss]
|-miss|p2a: Moltres|p1a: Heatran
|
|-weather|Sandstorm|[upkeep]
|-damage|p2a: Moltres|44/100 par|[from] Sandstorm
|-heal|p2a: Moltres|50/100 par|[from] item: Leftovers
|-damage|p2a: Moltres|44/100 par|[from] move: Magma Storm|[partiallytrapped]
|upkeep
|turn|34
|
|t:|1709990841
|move|p1a: Heatran|Hidden Power|p2a: Moltres
|-damage|p2a: Moltres|16/100 par
|move|p2a: Moltres|Roost|p2a: Moltres
|-heal|p2a: Moltres|66/100 par
|-singleturn|p2a: Moltres|move: Roost
|
|-weather|Sandstorm|[upkeep]
|-damage|p2a: Moltres|60/100 par|[from] Sandstorm
|-heal|p2a: Moltres|66/100 par|[from] item: Leftovers
|-end|p2a: Moltres|Magma Storm|[partiallytrapped]
|upkeep
|turn|35
|
|t:|1709990843
|move|p1a: Heatran|Hidden Power|p2a: Moltres
|-damage|p2a: Moltres|35/100 par
|cant|p2a: Moltres|par
|
|-weather|Sandstorm|[upkeep]
|-damage|p2a: Moltres|29/100 par|[from] Sandstorm
|-heal|p2a: Moltres|35/100 par|[from] item: Leftovers
|upkeep
|turn|36
|
|t:|1709990845
|switch|p1a: Kadabra|Kadabra, M|100/100
|move|p2a: Moltres|Roost|p2a: Moltres
|-heal|p2a: Moltres|85/100 par
|-singleturn|p2a: Moltres|move: Roost
|
|-weather|Sandstorm|[upkeep]
|-damage|p2a: Moltres|79/100 par|[from] Sandstorm
|-heal|p2a: Moltres|85/100 par|[from] item: Leftovers
|upkeep
|turn|37
|
|t:|1709990847
|move|p1a: Kadabra|Psyshock|p2a: Moltres
|-crit|p2a: Moltres
|-damage|p2a: Moltres|23/100 par
|move|p2a: Moltres|Hurricane|p1a: Kadabra
|-enditem|p1a: Kadabra|Focus Sash
|-damage|p1a: Kadabra|1/100
|
|-weather|Sandstorm|[upkeep]
|-damage|p2a: Moltres|17/100 par|[from] Sandstorm
|-heal|p2a: Moltres|23/100 par|[from] item: Leftovers
|upkeep
|turn|38
|
|t:|1709990851
|move|p1a: Kadabra|Psyshock|p2a: Moltres
|-crit|p2a: Moltres
|-damage|p2a: Moltres|0 fnt
|faint|p2a: Moltres
|
|-weather|Sandstorm|[upkeep]
|upkeep
|
|t:|1709990863
|switch|p2a: Mamoswine|Mamoswine, M, shiny|63/100
|-damage|p2a: Mamoswine|51/100|[from] Stealth Rock
|-damage|p2a: Mamoswine|26/100|[from] Spikes
|turn|39
|
|t:|1709990868
|move|p2a: Mamoswine|Ice Shard|p1a: Kadabra
|-damage|p1a: Kadabra|0 fnt
|faint|p1a: Kadabra
|
|-weather|Sandstorm|[upkeep]
|upkeep
|
|t:|1709990869
|switch|p1a: Heatran|Heatran, F|46/100
|-damage|p1a: Heatran|33/100|[from] Stealth Rock
|turn|40
|
|t:|1709990871
|move|p2a: Mamoswine|Ice Shard|p1a: Heatran
|-resisted|p1a: Heatran
|-damage|p1a: Heatran|24/100
|move|p1a: Heatran|Earth Power|p2a: Mamoswine
|-crit|p2a: Mamoswine
|-damage|p2a: Mamoswine|0 fnt
|faint|p2a: Mamoswine
|
|-weather|Sandstorm|[upkeep]
|upkeep
|
|t:|1709990873
|switch|p2a: Blissey|Blissey, F, shiny|59/100
|-damage|p2a: Blissey|46/100|[from] Stealth Rock
|-damage|p2a: Blissey|21/100|[from] Spikes
|turn|41
|
|t:|1709990875
|move|p1a: Heatran|Earth Power|p2a: Blissey
|-damage|p2a: Blissey|9/100
|move|p2a: Blissey|Soft-Boiled|p2a: Blissey
|-heal|p2a: Blissey|59/100
|
|-weather|Sandstorm|[upkeep]
|-damage|p2a: Blissey|53/100|[from] Sandstorm
|-heal|p2a: Blissey|59/100|[from] item: Leftovers
|upkeep
|turn|42
|
|t:|1709990879
|move|p1a: Heatran|Earth Power|p2a: Blissey
|-damage|p2a: Blissey|47/100
|move|p2a: Blissey|Soft-Boiled|p2a: Blissey
|-heal|p2a: Blissey|97/100
|
|-weather|Sandstorm|[upkeep]
|-damage|p2a: Blissey|91/100|[from] Sandstorm
|-heal|p2a: Blissey|97/100|[from] item: Leftovers
|upkeep
|turn|43
|
|t:|1709990882
|move|p1a: Heatran|Earth Power|p2a: Blissey
|-damage|p2a: Blissey|83/100
|move|p2a: Blissey|Seismic Toss|p1a: Heatran
|-damage|p1a: Heatran|0 fnt
|faint|p1a: Heatran
|
|-weather|Sandstorm|[upkeep]
|-damage|p2a: Blissey|77/100|[from] Sandstorm
|-heal|p2a: Blissey|83/100|[from] item: Leftovers
|upkeep
|
|t:|1709990884
|switch|p1a: Alakazam|Alakazam, F|1/100
|turn|44
|c|☆leoperi99|gg
|
|t:|1709990887
|move|p1a: Alakazam|Focus Blast|p2a: Blissey
|-supereffective|p2a: Blissey
|-damage|p2a: Blissey|52/100
|move|p2a: Blissey|Seismic Toss|p1a: Alakazam
|-damage|p1a: Alakazam|0 fnt
|faint|p1a: Alakazam
|
|win|leoperi99
|raw|torinoko city's rating: 1462 &rarr; <strong>1443</strong><br />(-19 for losing)
|raw|leoperi99's rating: 1471 &rarr; <strong>1490</strong><br />(+19 for winning)
|c|☆torinoko city|gg
|l|☆torinoko city
|player|p1|
