|j|☆blackkaiser
|j|☆TheetumThoor
|player|p1|blackkaiser|265|1573
|player|p2|TheetumThoor|1|1370
|teamsize|p1|6
|teamsize|p2|6
|gametype|singles
|gen|5
|tier|[Gen 5] OU
|rated|
|rule|Sleep Clause Mod: Limit one foe put to sleep
|rule|Species Clause: Limit one of each Pokémon
|rule|OHKO Clause: OHKO moves are banned
|rule|Moody Clause: Moody is banned
|rule|Evasion Moves Clause: Evasion moves are banned
|rule|Endless Battle Clause: Forcing endless battles is banned
|rule|HP Percentage Mod: HP is shown in percentages
|rule|Evasion Abilities Clause: Evasion abilities are banned
|rule|Baton Pass Clause: Limit one Baton Passer, can't pass Spe and other stats simultaneously
|rule|Swagger Clause: Swagger is banned
|clearpoke
|poke|p1|Hippowdon, F|item
|poke|p1|Ferrothorn, F|item
|poke|p1|Jellicent, F|item
|poke|p1|Latios, M|item
|poke|p1|Garchomp, M|item
|poke|p1|Scizor, F|item
|poke|p2|Tyranitar, M|item
|poke|p2|Landorus-Therian, M|item
|poke|p2|Garchomp, M|item
|poke|p2|Rotom-Wash|item
|poke|p2|Jirachi|item
|poke|p2|Keldeo|item
|teampreview
|inactive|Battle timer is ON: inactive players will automatically lose when time's up. (requested by blackkaiser)
|
|start
|switch|p1a: Jellicent|Jellicent, F|100/100
|switch|p2a: Rotom|Rotom-Wash|100/100
|turn|1
|
|move|p2a: Rotom|Volt Switch|p1a: Jellicent
|-supereffective|p1a: Jellicent
|-damage|p1a: Jellicent|71/100
|
|switch|p2a: Jirachi|Jirachi|100/100|[from]move: Volt Switch
|move|p1a: Jellicent|Will-O-Wisp|p2a: Jirachi
|-status|p2a: Jirachi|brn
|
|-heal|p1a: Jellicent|77/100|[from] item: Leftovers
|-damage|p2a: Jirachi|88/100 brn|[from] brn
|upkeep
|turn|2
|
|switch|p1a: Hippowdon|Hippowdon, F|100/100
|-weather|Sandstorm|[from] ability: Sand Stream|[of] p1a: Hippowdon
|move|p2a: Jirachi|Hidden Power|p1a: Hippowdon
|-damage|p1a: Hippowdon|78/100
|
|-weather|Sandstorm|[upkeep]
|-heal|p2a: Jirachi|94/100 brn|[from] item: Leftovers
|-heal|p1a: Hippowdon|85/100|[from] item: Leftovers
|-damage|p2a: Jirachi|82/100 brn|[from] brn
|upkeep
|turn|3
|
|move|p2a: Jirachi|Grass Knot|p1a: Hippowdon
|-supereffective|p1a: Hippowdon
|-damage|p1a: Hippowdon|0 fnt
|faint|p1a: Hippowdon
|
|-weather|Sandstorm|[upkeep]
|-heal|p2a: Jirachi|88/100 brn|[from] item: Leftovers
|-damage|p2a: Jirachi|75/100 brn|[from] brn
|upkeep
|
|switch|p1a: Ferrothorn|Ferrothorn, F|100/100
|turn|4
|
|move|p2a: Jirachi|Hidden Power|p1a: Ferrothorn
|-supereffective|p1a: Ferrothorn
|-damage|p1a: Ferrothorn|26/100
|move|p1a: Ferrothorn|Spikes|p2a: Jirachi
|-sidestart|p2: TheetumThoor|Spikes
|
|-weather|Sandstorm|[upkeep]
|-heal|p2a: Jirachi|81/100 brn|[from] item: Leftovers
|-damage|p2a: Jirachi|69/100 brn|[from] brn
|upkeep
|turn|5
|
|move|p2a: Jirachi|Hidden Power|p1a: Ferrothorn
|-supereffective|p1a: Ferrothorn
|-damage|p1a: Ferrothorn|0 fnt
|faint|p1a: Ferrothorn
|
|-weather|Sandstorm|[upkeep]
|-heal|p2a: Jirachi|75/100 brn|[from] item: Leftovers
|-damage|p2a: Jirachi|63/100 brn|[from] brn
|upkeep
|
|switch|p1a: Garchomp|Garchomp, M|100/100
|turn|6
|
|move|p1a: Garchomp|Fire Blast|p2a: Jirachi
|-supereffective|p2a: Jirachi
|-damage|p2a: Jirachi|0 fnt
|-damage|p1a: Garchomp|91/100|[from] item: Life Orb
|faint|p2a: Jirachi
|
|-weather|Sandstorm|[upkeep]
|upkeep
|
|switch|p2a: Tyranitar|Tyranitar, M|100/100
|-damage|p2a: Tyranitar|88/100|[from] Spikes
|turn|7
|
|switch|p1a: Jellicent|Jellicent, F|77/100
|move|p2a: Tyranitar|Ice Beam|p1a: Jellicent
|-resisted|p1a: Jellicent
|-damage|p1a: Jellicent|71/100
|
|-weather|Sandstorm|[upkeep]
|-damage|p1a: Jellicent|65/100|[from] Sandstorm
|-heal|p1a: Jellicent|71/100|[from] item: Leftovers
|upkeep
|turn|8
|
|switch|p2a: Rotom|Rotom-Wash|100/100
|move|p1a: Jellicent|Will-O-Wisp|p2a: Rotom
|-status|p2a: Rotom|brn
|
|-weather|Sandstorm|[upkeep]
|-damage|p2a: Rotom|94/100 brn|[from] Sandstorm
|-damage|p1a: Jellicent|65/100|[from] Sandstorm
|-heal|p2a: Rotom|100/100 brn|[from] item: Leftovers
|-heal|p1a: Jellicent|71/100|[from] item: Leftovers
|-damage|p2a: Rotom|88/100 brn|[from] brn
|upkeep
|turn|9
|
|move|p2a: Rotom|Will-O-Wisp|p1a: Jellicent
|-status|p1a: Jellicent|brn
|move|p1a: Jellicent|Recover|p1a: Jellicent
|-heal|p1a: Jellicent|100/100 brn
|
|-weather|Sandstorm|[upkeep]
|-damage|p2a: Rotom|82/100 brn|[from] Sandstorm
|-damage|p1a: Jellicent|94/100 brn|[from] Sandstorm
|-heal|p2a: Rotom|88/100 brn|[from] item: Leftovers
|-heal|p1a: Jellicent|100/100 brn|[from] item: Leftovers
|-damage|p2a: Rotom|75/100 brn|[from] brn
|-damage|p1a: Jellicent|88/100 brn|[from] brn
|upkeep
|turn|10
|
|move|p2a: Rotom|Volt Switch|p1a: Jellicent
|-supereffective|p1a: Jellicent
|-damage|p1a: Jellicent|56/100 brn
|
|switch|p2a: Landorus|Landorus-Therian, M|100/100|[from]move: Volt Switch
|-ability|p2a: Landorus|Intimidate|boost
|-unboost|p1a: Jellicent|atk|1
|move|p1a: Jellicent|Will-O-Wisp|p2a: Landorus
|-status|p2a: Landorus|brn
|
|-weather|Sandstorm|[upkeep]
|-damage|p1a: Jellicent|50/100 brn|[from] Sandstorm
|-heal|p1a: Jellicent|56/100 brn|[from] item: Leftovers
|-damage|p2a: Landorus|88/100 brn|[from] brn
|-damage|p1a: Jellicent|44/100 brn|[from] brn
|upkeep
|turn|11
|
|move|p2a: Landorus|Stealth Rock|p1a: Jellicent
|-sidestart|p1: blackkaiser|move: Stealth Rock
|move|p1a: Jellicent|Recover|p1a: Jellicent
|-heal|p1a: Jellicent|94/100 brn
|
|-weather|Sandstorm|[upkeep]
|-damage|p1a: Jellicent|88/100 brn|[from] Sandstorm
|-heal|p2a: Landorus|94/100 brn|[from] item: Leftovers
|-heal|p1a: Jellicent|94/100 brn|[from] item: Leftovers
|-damage|p2a: Landorus|82/100 brn|[from] brn
|-damage|p1a: Jellicent|82/100 brn|[from] brn
|upkeep
|turn|12
|
|switch|p2a: Rotom|Rotom-Wash|75/100 brn
|move|p1a: Jellicent|Scald|p2a: Rotom
|-resisted|p2a: Rotom
|-damage|p2a: Rotom|65/100 brn
|
|-weather|Sandstorm|[upkeep]
|-damage|p2a: Rotom|59/100 brn|[from] Sandstorm
|-damage|p1a: Jellicent|75/100 brn|[from] Sandstorm
|-heal|p2a: Rotom|65/100 brn|[from] item: Leftovers
|-heal|p1a: Jellicent|82/100 brn|[from] item: Leftovers
|-damage|p2a: Rotom|52/100 brn|[from] brn
|-damage|p1a: Jellicent|69/100 brn|[from] brn
|upkeep
|turn|13
|
|move|p2a: Rotom|Volt Switch|p1a: Jellicent
|-supereffective|p1a: Jellicent
|-damage|p1a: Jellicent|40/100 brn
|
|switch|p2a: Tyranitar|Tyranitar, M|88/100|[from]move: Volt Switch
|-damage|p2a: Tyranitar|76/100|[from] Spikes
|move|p1a: Jellicent|Recover|p1a: Jellicent
|-heal|p1a: Jellicent|91/100 brn
|
|-weather|Sandstorm|[upkeep]
|-damage|p1a: Jellicent|84/100 brn|[from] Sandstorm
|-heal|p1a: Jellicent|91/100 brn|[from] item: Leftovers
|-damage|p1a: Jellicent|78/100 brn|[from] brn
|upkeep
|turn|14
|
|move|p2a: Tyranitar|Crunch|p1a: Jellicent
|-supereffective|p1a: Jellicent
|-crit|p1a: Jellicent
|-damage|p1a: Jellicent|0 fnt
|faint|p1a: Jellicent
|
|-weather|Sandstorm|[upkeep]
|upkeep
|
|switch|p1a: Scizor|Scizor, F|100/100
|-damage|p1a: Scizor|88/100|[from] Stealth Rock
|turn|15
|c|☆TheetumThoor|aah sorry lol
|c|☆TheetumThoor|lucky crit
|
|switch|p2a: Landorus|Landorus-Therian, M|82/100 brn
|-ability|p2a: Landorus|Intimidate|boost
|-unboost|p1a: Scizor|atk|1
|move|p1a: Scizor|U-turn|p2a: Landorus
|-resisted|p2a: Landorus
|-damage|p2a: Landorus|66/100 brn
|
|switch|p1a: Garchomp|Garchomp, M|91/100|[from]move: U-turn
|-damage|p1a: Garchomp|85/100|[from] Stealth Rock
|
|-weather|Sandstorm|[upkeep]
|-heal|p2a: Landorus|72/100 brn|[from] item: Leftovers
|-damage|p2a: Landorus|60/100 brn|[from] brn
|upkeep
|turn|16
|
|switch|p2a: Rotom|Rotom-Wash|52/100 brn
|move|p1a: Garchomp|Draco Meteor|p2a: Rotom
|-damage|p2a: Rotom|0 fnt
|-unboost|p1a: Garchomp|spa|2
|-damage|p1a: Garchomp|75/100|[from] item: Life Orb
|faint|p2a: Rotom
|
|-weather|Sandstorm|[upkeep]
|upkeep
|
|switch|p2a: Keldeo|Keldeo|100/100
|-damage|p2a: Keldeo|88/100|[from] Spikes
|turn|17
|
|switch|p1a: Latios|Latios, M, shiny|100/100
|-damage|p1a: Latios|88/100|[from] Stealth Rock
|move|p2a: Keldeo|Hydro Pump|p1a: Latios
|-resisted|p1a: Latios
|-damage|p1a: Latios|57/100
|
|-weather|Sandstorm|[upkeep]
|-damage|p1a: Latios|51/100|[from] Sandstorm
|-damage|p2a: Keldeo|82/100|[from] Sandstorm
|upkeep
|turn|18
|
|move|p1a: Latios|Draco Meteor|p2a: Keldeo
|-damage|p2a: Keldeo|0 fnt
|-unboost|p1a: Latios|spa|2
|faint|p2a: Keldeo
|
|-weather|Sandstorm|[upkeep]
|-damage|p1a: Latios|45/100|[from] Sandstorm
|upkeep
|
|switch|p2a: Tyranitar|Tyranitar, M|76/100
|-damage|p2a: Tyranitar|64/100|[from] Spikes
|turn|19
|
|move|p2a: Tyranitar|Pursuit|p1a: Latios
|-supereffective|p1a: Latios
|-damage|p1a: Latios|0 fnt
|faint|p1a: Latios
|
|-weather|Sandstorm|[upkeep]
|upkeep
|
|switch|p1a: Garchomp|Garchomp, M|75/100
|-damage|p1a: Garchomp|69/100|[from] Stealth Rock
|turn|20
|
|switch|p2a: Landorus|Landorus-Therian, M|60/100 brn
|-ability|p2a: Landorus|Intimidate|boost
|-unboost|p1a: Garchomp|atk|1
|move|p1a: Garchomp|Draco Meteor|p2a: Landorus
|-damage|p2a: Landorus|0 fnt
|-unboost|p1a: Garchomp|spa|2
|-damage|p1a: Garchomp|59/100|[from] item: Life Orb
|faint|p2a: Landorus
|
|-weather|Sandstorm|[upkeep]
|upkeep
|
|switch|p2a: Tyranitar|Tyranitar, M|64/100
|-damage|p2a: Tyranitar|51/100|[from] Spikes
|turn|21
|
|-activate|p1a: Garchomp|move: Pursuit
|move|p2a: Tyranitar|Pursuit|p1a: Garchomp|[from]Pursuit
|-damage|p1a: Garchomp|14/100
|-damage|p2a: Tyranitar|39/100|[from] ability: Rough Skin|[of] p1a: Garchomp
|switch|p1a: Scizor|Scizor, F|88/100
|-damage|p1a: Scizor|76/100|[from] Stealth Rock
|
|-weather|Sandstorm|[upkeep]
|upkeep
|turn|22
|
|switch|p2a: Garchomp|Garchomp, M|100/100
|-damage|p2a: Garchomp|88/100|[from] Spikes
|move|p1a: Scizor|Bullet Punch|p2a: Garchomp
|-damage|p2a: Garchomp|38/100
|-damage|p1a: Scizor|64/100|[from] ability: Rough Skin|[of] p2a: Garchomp
|
|-weather|Sandstorm|[upkeep]
|upkeep
|turn|23
|
|move|p1a: Scizor|Bullet Punch|p2a: Garchomp
|-damage|p2a: Garchomp|0 fnt
|-damage|p1a: Scizor|52/100|[from] ability: Rough Skin|[of] p2a: Garchomp
|faint|p2a: Garchomp
|
|-weather|Sandstorm|[upkeep]
|upkeep
|c|☆blackkaiser|gg
|c|☆TheetumThoor|gg
|
|switch|p2a: Tyranitar|Tyranitar, M|39/100
|-damage|p2a: Tyranitar|27/100|[from] Spikes
|turn|24
|
|move|p1a: Scizor|Bullet Punch|p2a: Tyranitar
|-supereffective|p2a: Tyranitar
|-damage|p2a: Tyranitar|0 fnt
|faint|p2a: Tyranitar
|
|win|blackkaiser
|raw|blackkaiser's rating: 1574 &rarr; <strong>1583</strong><br />(+9 for winning)
|raw|TheetumThoor's rating: 1370 &rarr; <strong>1361</strong><br />(-9 for losing)
