|j|☆AnBadPuff
|j|☆Im jesus christ
|t:|1740586261
|gametype|singles
|player|p1|AnBadPuff|dawn-gen4pt|1296
|player|p2|Im jesus christ|102|1316
|teamsize|p1|6
|teamsize|p2|6
|gen|5
|tier|[Gen 5] OU
|rated|
|rule|Species Clause: Limit one of each Pokémon
|rule|OHKO Clause: OHKO moves are banned
|rule|Moody Clause: Moody is banned
|rule|Evasion Items Clause: Evasion items are banned
|rule|Evasion Moves Clause: Evasion moves are banned
|rule|Endless Battle Clause: Forcing endless battles is banned
|rule|HP Percentage Mod: HP is shown in percentages
|rule|Evasion Abilities Clause: Evasion abilities are banned
|rule|Sleep Moves Clause: Sleep-inducing moves are banned
|rule|Swagger Clause: Swagger is banned
|rule|Baton Pass Stat Clause: No Baton Passer may have a way to boost its stats
|clearpoke
|poke|p1|Politoed, M|item
|poke|p1|Keldeo|item
|poke|p1|Tentacruel, F|item
|poke|p1|Toxicroak, F|item
|poke|p1|Ferrothorn, M|item
|poke|p1|Scizor, F|item
|poke|p2|Ferrothorn, F|item
|poke|p2|Magnezone|item
|poke|p2|Landorus-Therian, M|item
|poke|p2|Breloom, M|item
|poke|p2|Jellicent, M|item
|poke|p2|Excadrill, F|item
|teampreview
|
|t:|1740586273
|start
|switch|p1a: My Little Pony|Keldeo|100/100
|switch|p2a: Ferrothorn|Ferrothorn, F|100/100
|turn|1
|
|t:|1740586276
|move|p1a: My Little Pony|Secret Sword|p2a: Ferrothorn
|-supereffective|p2a: Ferrothorn
|-damage|p2a: Ferrothorn|28/100
|move|p2a: Ferrothorn|Thunder Wave|p1a: My Little Pony
|-status|p1a: My Little Pony|par
|
|-heal|p2a: Ferrothorn|34/100|[from] item: Leftovers
|upkeep
|turn|2
|
|t:|1740586282
|switch|p2a: Jellicent|Jellicent, M|100/100
|move|p1a: My Little Pony|Hidden Power|p2a: Jellicent
|-supereffective|p2a: Jellicent
|-damage|p2a: Jellicent|74/100
|
|-heal|p2a: Jellicent|80/100|[from] item: Leftovers
|upkeep
|turn|3
|
|t:|1740586290
|move|p2a: Jellicent|Will-O-Wisp||[still]
|-fail|p2a: Jellicent
|cant|p1a: My Little Pony|par
|
|-heal|p2a: Jellicent|86/100|[from] item: Leftovers
|upkeep
|turn|4
|
|t:|1740586293
|move|p2a: Jellicent|Hex|p1a: My Little Pony
|-damage|p1a: My Little Pony|66/100 par
|move|p1a: My Little Pony|Hidden Power|p2a: Jellicent
|-supereffective|p2a: Jellicent
|-damage|p2a: Jellicent|57/100
|
|-heal|p2a: Jellicent|63/100|[from] item: Leftovers
|-heal|p1a: My Little Pony|72/100 par|[from] item: Leftovers
|upkeep
|turn|5
|
|t:|1740586299
|move|p2a: Jellicent|Hex|p1a: My Little Pony
|-damage|p1a: My Little Pony|35/100 par
|move|p1a: My Little Pony|Hidden Power|p2a: Jellicent
|-supereffective|p2a: Jellicent
|-damage|p2a: Jellicent|34/100
|
|-heal|p2a: Jellicent|41/100|[from] item: Leftovers
|-heal|p1a: My Little Pony|41/100 par|[from] item: Leftovers
|upkeep
|turn|6
|
|t:|1740586305
|move|p2a: Jellicent|Recover|p2a: Jellicent
|-heal|p2a: Jellicent|91/100
|move|p1a: My Little Pony|Hidden Power|p2a: Jellicent
|-supereffective|p2a: Jellicent
|-crit|p2a: Jellicent
|-damage|p2a: Jellicent|31/100
|
|-heal|p2a: Jellicent|37/100|[from] item: Leftovers
|-heal|p1a: My Little Pony|47/100 par|[from] item: Leftovers
|upkeep
|turn|7
|
|t:|1740586306
|move|p2a: Jellicent|Recover|p2a: Jellicent
|-heal|p2a: Jellicent|87/100
|move|p1a: My Little Pony|Hidden Power|p2a: Jellicent
|-supereffective|p2a: Jellicent
|-damage|p2a: Jellicent|56/100
|
|-heal|p2a: Jellicent|62/100|[from] item: Leftovers
|-heal|p1a: My Little Pony|53/100 par|[from] item: Leftovers
|upkeep
|turn|8
|
|t:|1740586309
|move|p2a: Jellicent|Hex|p1a: My Little Pony
|-damage|p1a: My Little Pony|19/100 par
|move|p1a: My Little Pony|Hidden Power|p2a: Jellicent
|-supereffective|p2a: Jellicent
|-damage|p2a: Jellicent|35/100
|
|-heal|p2a: Jellicent|41/100|[from] item: Leftovers
|-heal|p1a: My Little Pony|25/100 par|[from] item: Leftovers
|upkeep
|turn|9
|
|t:|1740586314
|move|p2a: Jellicent|Recover|p2a: Jellicent
|-heal|p2a: Jellicent|91/100
|cant|p1a: My Little Pony|par
|
|-heal|p2a: Jellicent|97/100|[from] item: Leftovers
|-heal|p1a: My Little Pony|31/100 par|[from] item: Leftovers
|upkeep
|turn|10
|
|t:|1740586316
|move|p2a: Jellicent|Hex|p1a: My Little Pony
|-damage|p1a: My Little Pony|0 fnt
|faint|p1a: My Little Pony
|
|-heal|p2a: Jellicent|100/100|[from] item: Leftovers
|upkeep
|
|t:|1740586322
|switch|p1a: Isn’t that Cruel?|Tentacruel, F, shiny|100/100
|turn|11
|
|t:|1740586327
|move|p1a: Isn’t that Cruel?|Toxic Spikes|p2a: Jellicent
|-sidestart|p2: Im jesus christ|move: Toxic Spikes
|move|p2a: Jellicent|Will-O-Wisp|p1a: Isn’t that Cruel?
|-status|p1a: Isn’t that Cruel?|brn
|
|-damage|p1a: Isn’t that Cruel?|88/100 brn|[from] brn
|upkeep
|turn|12
|
|t:|1740586333
|move|p1a: Isn’t that Cruel?|Toxic Spikes|p2a: Jellicent
|-sidestart|p2: Im jesus christ|move: Toxic Spikes
|move|p2a: Jellicent|Hex|p1a: Isn’t that Cruel?
|-damage|p1a: Isn’t that Cruel?|62/100 brn
|
|-heal|p1a: Isn’t that Cruel?|68/100 brn|[from] item: Black Sludge
|-damage|p1a: Isn’t that Cruel?|56/100 brn|[from] brn
|upkeep
|turn|13
|
|t:|1740586337
|switch|p1a: On your Parade|Politoed, M|100/100
|-weather|RainDance|[from] ability: Drizzle|[of] p1a: On your Parade
|move|p2a: Jellicent|Hex|p1a: On your Parade
|-damage|p1a: On your Parade|85/100
|
|-weather|RainDance|[upkeep]
|upkeep
|turn|14
|
|t:|1740586340
|move|p1a: On your Parade|Hidden Power|p2a: Jellicent
|-supereffective|p2a: Jellicent
|-damage|p2a: Jellicent|77/100
|move|p2a: Jellicent|Will-O-Wisp|p1a: On your Parade
|-status|p1a: On your Parade|brn
|
|-weather|RainDance|[upkeep]
|-heal|p2a: Jellicent|83/100|[from] item: Leftovers
|-damage|p1a: On your Parade|73/100 brn|[from] brn
|upkeep
|turn|15
|
|t:|1740586353
|switch|p1a: Manscape|Ferrothorn, M|100/100
|move|p2a: Jellicent|Recover|p2a: Jellicent
|-heal|p2a: Jellicent|100/100
|
|-weather|RainDance|[upkeep]
|upkeep
|turn|16
|
|t:|1740586357
|move|p2a: Jellicent|Taunt|p1a: Manscape
|-start|p1a: Manscape|move: Taunt
|move|p1a: Manscape|Power Whip|p2a: Jellicent
|-supereffective|p2a: Jellicent
|-damage|p2a: Jellicent|0 fnt
|faint|p2a: Jellicent
|
|-weather|RainDance|[upkeep]
|upkeep
|
|t:|1740586362
|switch|p2a: Ferrothorn|Ferrothorn, F|34/100
|turn|17
|
|t:|1740586375
|switch|p1a: Snippy|Scizor, F|100/100
|move|p2a: Ferrothorn|Substitute|p2a: Ferrothorn
|-start|p2a: Ferrothorn|Substitute
|-damage|p2a: Ferrothorn|9/100
|
|-weather|RainDance|[upkeep]
|-heal|p2a: Ferrothorn|15/100|[from] item: Leftovers
|upkeep
|turn|18
|
|t:|1740586379
|move|p1a: Snippy|Superpower|p2a: Ferrothorn
|-supereffective|p2a: Ferrothorn
|-end|p2a: Ferrothorn|Substitute
|-unboost|p1a: Snippy|atk|1
|-unboost|p1a: Snippy|def|1
|move|p2a: Ferrothorn|Thunder Wave|p1a: Snippy
|-status|p1a: Snippy|par
|
|-weather|RainDance|[upkeep]
|-heal|p2a: Ferrothorn|21/100|[from] item: Leftovers
|upkeep
|turn|19
|
|t:|1740586383
|move|p2a: Ferrothorn|Leech Seed|p1a: Snippy
|-start|p1a: Snippy|move: Leech Seed
|move|p1a: Snippy|Superpower|p2a: Ferrothorn
|-supereffective|p2a: Ferrothorn
|-damage|p2a: Ferrothorn|0 fnt
|-unboost|p1a: Snippy|atk|1
|-unboost|p1a: Snippy|def|1
|-damage|p1a: Snippy|88/100 par|[from] ability: Iron Barbs|[of] p2a: Ferrothorn
|faint|p2a: Ferrothorn
|
|-weather|RainDance|[upkeep]
|upkeep
|
|t:|1740586387
|switch|p2a: Breloom|Breloom, M|100/100
|-status|p2a: Breloom|tox
|turn|20
|
|t:|1740586392
|switch|p1a: Burger Flipper|Toxicroak, F|100/100
|move|p2a: Breloom|Substitute|p2a: Breloom
|-start|p2a: Breloom|Substitute
|-damage|p2a: Breloom|76/100 tox
|
|-weather|RainDance|[upkeep]
|-heal|p2a: Breloom|88/100 tox|[from] ability: Poison Heal
|upkeep
|turn|21
|
|t:|1740586400
|move|p1a: Burger Flipper|Ice Punch|p2a: Breloom
|-supereffective|p2a: Breloom
|-end|p2a: Breloom|Substitute
|-damage|p1a: Burger Flipper|91/100|[from] item: Life Orb
|move|p2a: Breloom|Leech Seed|p1a: Burger Flipper
|-start|p1a: Burger Flipper|move: Leech Seed
|
|-weather|RainDance|[upkeep]
|-heal|p1a: Burger Flipper|100/100|[from] ability: Dry Skin
|-damage|p1a: Burger Flipper|88/100|[from] Leech Seed|[of] p2a: Breloom
|-heal|p2a: Breloom|99/100 tox|[silent]
|-heal|p2a: Breloom|100/100 tox|[from] ability: Poison Heal
|upkeep
|turn|22
|
|t:|1740586412
|switch|p2a: Landorus|Landorus-Therian, M|100/100
|-ability|p2a: Landorus|Intimidate|boost
|-unboost|p1a: Burger Flipper|atk|1
|move|p1a: Burger Flipper|Ice Punch|p2a: Landorus
|-supereffective|p2a: Landorus
|-damage|p2a: Landorus|1/100
|-damage|p1a: Burger Flipper|78/100|[from] item: Life Orb
|
|-weather|RainDance|[upkeep]
|-heal|p1a: Burger Flipper|91/100|[from] ability: Dry Skin
|-heal|p2a: Landorus|7/100|[from] item: Leftovers
|-damage|p1a: Burger Flipper|78/100|[from] Leech Seed|[of] p2a: Landorus
|-heal|p2a: Landorus|19/100|[silent]
|upkeep
|turn|23
|
|t:|1740586424
|switch|p1a: On your Parade|Politoed, M|73/100 brn
|move|p2a: Landorus|Earthquake|p1a: On your Parade
|-damage|p1a: On your Parade|0 fnt
|faint|p1a: On your Parade
|
|-weather|RainDance|[upkeep]
|-heal|p2a: Landorus|25/100|[from] item: Leftovers
|upkeep
|
|t:|1740586432
|switch|p1a: Isn’t that Cruel?|Tentacruel, F, shiny|56/100 brn
|turn|24
|
|t:|1740586438
|move|p1a: Isn’t that Cruel?|Scald|p2a: Landorus
|-supereffective|p2a: Landorus
|-damage|p2a: Landorus|0 fnt
|faint|p2a: Landorus
|
|-weather|RainDance|[upkeep]
|-heal|p1a: Isn’t that Cruel?|62/100 brn|[from] ability: Rain Dish
|-heal|p1a: Isn’t that Cruel?|68/100 brn|[from] item: Black Sludge
|-damage|p1a: Isn’t that Cruel?|56/100 brn|[from] brn
|upkeep
|
|t:|1740586444
|switch|p2a: Magnezone|Magnezone|100/100
|-item|p2a: Magnezone|Air Balloon
|turn|25
|
|t:|1740586448
|move|p1a: Isn’t that Cruel?|Scald|p2a: Magnezone
|-damage|p2a: Magnezone|54/100
|-enditem|p2a: Magnezone|Air Balloon
|move|p2a: Magnezone|Thunderbolt|p1a: Isn’t that Cruel?
|-supereffective|p1a: Isn’t that Cruel?
|-crit|p1a: Isn’t that Cruel?
|-damage|p1a: Isn’t that Cruel?|0 fnt
|faint|p1a: Isn’t that Cruel?
|
|-weather|RainDance|[upkeep]
|upkeep
|
|t:|1740586458
|switch|p1a: Snippy|Scizor, F|88/100 par
|turn|26
|
|t:|1740586461
|move|p2a: Magnezone|Hidden Power|p1a: Snippy
|-supereffective|p1a: Snippy
|-damage|p1a: Snippy|18/100 par
|move|p1a: Snippy|Superpower|p2a: Magnezone
|-supereffective|p2a: Magnezone
|-damage|p2a: Magnezone|0 fnt
|-unboost|p1a: Snippy|atk|1
|-unboost|p1a: Snippy|def|1
|faint|p2a: Magnezone
|
|-weather|RainDance|[upkeep]
|upkeep
|
|t:|1740586473
|switch|p2a: Excadrill|Excadrill, F|100/100
|-ability|p2a: Excadrill|Mold Breaker
|turn|27
|
|t:|1740586475
|move|p2a: Excadrill|Earthquake|p1a: Snippy
|-damage|p1a: Snippy|0 fnt
|faint|p1a: Snippy
|
|-weather|RainDance|[upkeep]
|upkeep
|
|t:|1740586477
|switch|p1a: Manscape|Ferrothorn, M|100/100
|turn|28
|
|t:|1740586480
|switch|p2a: Breloom|Breloom, M|100/100 tox
|move|p1a: Manscape|Power Whip|p2a: Breloom
|-resisted|p2a: Breloom
|-damage|p2a: Breloom|68/100 tox
|
|-weather|RainDance|[upkeep]
|-heal|p2a: Breloom|80/100 tox|[from] ability: Poison Heal
|upkeep
|turn|29
|
|t:|1740586482
|move|p2a: Breloom|Substitute|p2a: Breloom
|-start|p2a: Breloom|Substitute
|-damage|p2a: Breloom|55/100 tox
|move|p1a: Manscape|Gyro Ball|p2a: Breloom
|-end|p2a: Breloom|Substitute
|
|-weather|RainDance|[upkeep]
|-heal|p2a: Breloom|68/100 tox|[from] ability: Poison Heal
|upkeep
|turn|30
|
|t:|1740586487
|switch|p2a: Excadrill|Excadrill, F|100/100
|-ability|p2a: Excadrill|Mold Breaker
|move|p1a: Manscape|Gyro Ball|p2a: Excadrill
|-resisted|p2a: Excadrill
|-damage|p2a: Excadrill|48/100
|
|-weather|RainDance|[upkeep]
|-heal|p2a: Excadrill|54/100|[from] item: Leftovers
|upkeep
|turn|31
|
|t:|1740586494
|move|p2a: Excadrill|Earthquake|p1a: Manscape
|-damage|p1a: Manscape|57/100
|move|p1a: Manscape|Power Whip|p2a: Excadrill
|-damage|p2a: Excadrill|0 fnt
|faint|p2a: Excadrill
|
|-weather|RainDance|[upkeep]
|-heal|p1a: Manscape|63/100|[from] item: Leftovers
|upkeep
|
|t:|1740586496
|switch|p2a: Breloom|Breloom, M|68/100 tox
|turn|32
|-message|Im jesus christ forfeited.
|
|win|AnBadPuff
|raw|AnBadPuff's rating: 1296 &rarr; <strong>1322</strong><br />(+26 for winning)
|raw|Im jesus christ's rating: 1316 &rarr; <strong>1295</strong><br />(-21 for losing)
|l|☆Im jesus christ
|player|p2|
|l|☆AnBadPuff
|player|p1|
|j|☆AnBadPuff
|player|p1|AnBadPuff|dawn-gen4pt|
