|j|☆Horror Gallery
|j|☆Internal Cannon
|player|p1|Horror Gallery|39
|player|p2|Internal Cannon|261
|teamsize|p1|6
|teamsize|p2|6
|gametype|singles
|gen|5
|tier|[Gen 5] OU
|rated|
|rule|Sleep Clause Mod: Limit one foe put to sleep
|rule|Species Clause: Limit one of each Pokémon
|rule|OHKO Clause: OHKO moves are banned
|rule|Moody Clause: Moody is banned
|rule|Evasion Moves Clause: Evasion moves are banned
|rule|Endless Battle Clause: Forcing endless battles is banned
|rule|HP Percentage Mod: HP is shown in percentages
|rule|Evasion Abilities Clause: Evasion abilities are banned
|rule|Baton Pass Clause: Limit one Baton Passer, can't pass Spe and other stats simultaneously
|rule|Swagger Clause: Swagger is banned
|clearpoke
|poke|p1|Tyranitar, M|item
|poke|p1|Garchomp, M|item
|poke|p1|Skarmory, M|item
|poke|p1|Slowking, M|item
|poke|p1|Mienshao, F|item
|poke|p1|Latios, M|item
|poke|p2|Politoed, F|item
|poke|p2|Amoonguss, M|item
|poke|p2|Jirachi|item
|poke|p2|Excadrill, F|item
|poke|p2|Keldeo-Resolute|item
|poke|p2|Thundurus-Therian, M|item
|teampreview
|c|☆Horror Gallery|glhf
|inactive|Battle timer is ON: inactive players will automatically lose when time's up. (requested by Horror Gallery)
|inactive|Internal Cannon has 120 seconds left.
|c|☆Internal Cannon|u2 :]
|
|start
|switch|p1a: Mienshao|Mienshao, F|100/100
|switch|p2a: Politoed|Politoed, F|100/100
|-weather|RainDance|[from] ability: Drizzle|[of] p2a: Politoed
|turn|1
|
|switch|p2a: Amoonguss|Amoonguss, M, shiny|100/100
|move|p1a: Mienshao|U-turn|p2a: Amoonguss
|-damage|p2a: Amoonguss|74/100
|
|switch|p1a: Latios|Latios, M|100/100
|
|-weather|RainDance|[upkeep]
|upkeep
|turn|2
|
|move|p1a: Latios|Surf|p2a: Amoonguss
|-resisted|p2a: Amoonguss
|-damage|p2a: Amoonguss|48/100
|move|p2a: Amoonguss|Stun Spore|p1a: Latios
|-status|p1a: Latios|par
|
|-weather|RainDance|[upkeep]
|upkeep
|turn|3
|
|move|p2a: Amoonguss|Spore|p1a: Latios
|-fail|p1a: Latios
|move|p1a: Latios|Surf|p2a: Amoonguss
|-resisted|p2a: Amoonguss
|-damage|p2a: Amoonguss|22/100
|
|-weather|RainDance|[upkeep]
|upkeep
|turn|4
|
|switch|p2a: Politoed|Politoed, F|100/100
|switch|p1a: Mienshao|Mienshao, F|100/100
|
|-weather|RainDance|[upkeep]
|upkeep
|turn|5
|
|move|p1a: Mienshao|U-turn|p2a: Politoed
|-crit|p2a: Politoed
|-damage|p2a: Politoed|42/100
|
|switch|p1a: Tyranitar|Tyranitar, M|100/100
|-weather|Sandstorm|[from] ability: Sand Stream|[of] p1a: Tyranitar
|move|p2a: Politoed|Hydro Pump|p1a: Tyranitar
|-supereffective|p1a: Tyranitar
|-damage|p1a: Tyranitar|47/100
|
|-weather|Sandstorm|[upkeep]
|-damage|p2a: Politoed|35/100|[from] Sandstorm
|upkeep
|turn|6
|
|switch|p1a: Slowking|Slowking, M|100/100
|move|p2a: Politoed|Hydro Pump|p1a: Slowking
|-resisted|p1a: Slowking
|-damage|p1a: Slowking|81/100
|
|-weather|Sandstorm|[upkeep]
|-damage|p2a: Politoed|29/100|[from] Sandstorm
|-damage|p1a: Slowking|75/100|[from] Sandstorm
|-heal|p1a: Slowking|81/100|[from] item: Leftovers
|upkeep
|turn|7
|
|move|p2a: Politoed|Hypnosis|p1a: Slowking
|-status|p1a: Slowking|slp
|cant|p1a: Slowking|slp
|
|-weather|Sandstorm|[upkeep]
|-damage|p2a: Politoed|23/100|[from] Sandstorm
|-damage|p1a: Slowking|75/100 slp|[from] Sandstorm
|-heal|p1a: Slowking|81/100 slp|[from] item: Leftovers
|upkeep
|turn|8
|
|switch|p2a: Jirachi|Jirachi|100/100
|cant|p1a: Slowking|slp
|
|-weather|Sandstorm|[upkeep]
|-damage|p1a: Slowking|75/100 slp|[from] Sandstorm
|-heal|p1a: Slowking|81/100 slp|[from] item: Leftovers
|upkeep
|turn|9
|
|move|p2a: Jirachi|Stealth Rock|p1a: Slowking
|-sidestart|p1: Horror Gallery|move: Stealth Rock
|-curestatus|p1a: Slowking|slp|[msg]
|move|p1a: Slowking|Scald|p2a: Jirachi
|-damage|p2a: Jirachi|83/100
|-status|p2a: Jirachi|brn
|
|-weather|Sandstorm|[upkeep]
|-damage|p1a: Slowking|75/100|[from] Sandstorm
|-heal|p2a: Jirachi|89/100 brn|[from] item: Leftovers
|-heal|p1a: Slowking|81/100|[from] item: Leftovers
|-damage|p2a: Jirachi|77/100 brn|[from] brn
|upkeep
|turn|10
|
|switch|p2a: Keldeo|Keldeo-Resolute|100/100
|switch|p1a: Garchomp|Garchomp, M|100/100
|-damage|p1a: Garchomp|94/100|[from] Stealth Rock
|
|-weather|Sandstorm|[upkeep]
|-damage|p2a: Keldeo|94/100|[from] Sandstorm
|upkeep
|turn|11
|
|switch|p1a: Slowking|Slowking, M|100/100
|-damage|p1a: Slowking|88/100|[from] Stealth Rock
|move|p2a: Keldeo|Hydro Pump|p1a: Slowking
|-resisted|p1a: Slowking
|-damage|p1a: Slowking|53/100
|
|-weather|Sandstorm|[upkeep]
|-damage|p2a: Keldeo|88/100|[from] Sandstorm
|-damage|p1a: Slowking|47/100|[from] Sandstorm
|-heal|p1a: Slowking|53/100|[from] item: Leftovers
|upkeep
|turn|12
|
|switch|p2a: Jirachi|Jirachi|77/100 brn
|move|p1a: Slowking|Slack Off|p1a: Slowking
|-heal|p1a: Slowking|100/100
|
|-weather|Sandstorm|[upkeep]
|-damage|p1a: Slowking|94/100|[from] Sandstorm
|-heal|p2a: Jirachi|83/100 brn|[from] item: Leftovers
|-heal|p1a: Slowking|100/100|[from] item: Leftovers
|-damage|p2a: Jirachi|71/100 brn|[from] brn
|upkeep
|turn|13
|
|move|p2a: Jirachi|Thunder|p1a: Slowking|[miss]
|-miss|p2a: Jirachi|p1a: Slowking
|move|p1a: Slowking|Fire Blast|p2a: Jirachi
|-supereffective|p2a: Jirachi
|-damage|p2a: Jirachi|33/100 brn
|
|-weather|Sandstorm|[upkeep]
|-damage|p1a: Slowking|94/100|[from] Sandstorm
|-heal|p2a: Jirachi|39/100 brn|[from] item: Leftovers
|-heal|p1a: Slowking|100/100|[from] item: Leftovers
|-damage|p2a: Jirachi|27/100 brn|[from] brn
|upkeep
|turn|14
|
|move|p2a: Jirachi|Healing Wish|p2a: Jirachi
|faint|p2a: Jirachi
|move|p1a: Slowking|Fire Blast|p2: Jirachi|[notarget]
|-notarget
|
|-weather|Sandstorm|[upkeep]
|-damage|p1a: Slowking|94/100|[from] Sandstorm
|-heal|p1a: Slowking|100/100|[from] item: Leftovers
|upkeep
|
|switch|p2a: Politoed|Politoed, F|23/100
|-heal|p2a: Politoed|100/100|[from] move: Healing Wish
|-weather|RainDance|[from] ability: Drizzle|[of] p2a: Politoed
|turn|15
|
|switch|p1a: Latios|Latios, M|100/100 par
|-damage|p1a: Latios|88/100 par|[from] Stealth Rock
|move|p2a: Politoed|Hydro Pump|p1a: Latios
|-resisted|p1a: Latios
|-damage|p1a: Latios|43/100 par
|
|-weather|RainDance|[upkeep]
|upkeep
|turn|16
|
|move|p2a: Politoed|Ice Beam|p1a: Latios
|-supereffective|p1a: Latios
|-damage|p1a: Latios|0 fnt
|faint|p1a: Latios
|
|-weather|RainDance|[upkeep]
|upkeep
|
|switch|p1a: Mienshao|Mienshao, F|100/100
|-damage|p1a: Mienshao|95/100|[from] Stealth Rock
|turn|17
|
|move|p1a: Mienshao|U-turn|p2a: Politoed
|-damage|p2a: Politoed|71/100
|
|switch|p1a: Tyranitar|Tyranitar, M|47/100
|-damage|p1a: Tyranitar|34/100|[from] Stealth Rock
|-weather|Sandstorm|[from] ability: Sand Stream|[of] p1a: Tyranitar
|move|p2a: Politoed|Hydro Pump|p1a: Tyranitar
|-supereffective|p1a: Tyranitar
|-damage|p1a: Tyranitar|0 fnt
|faint|p1a: Tyranitar
|
|-weather|Sandstorm|[upkeep]
|-damage|p2a: Politoed|65/100|[from] Sandstorm
|upkeep
|
|switch|p1a: Mienshao|Mienshao, F|100/100
|-damage|p1a: Mienshao|95/100|[from] Stealth Rock
|turn|18
|
|switch|p2a: Amoonguss|Amoonguss, M, shiny|56/100
|move|p1a: Mienshao|High Jump Kick|p2a: Amoonguss
|-resisted|p2a: Amoonguss
|-damage|p2a: Amoonguss|24/100
|
|-weather|Sandstorm|[upkeep]
|-damage|p1a: Mienshao|89/100|[from] Sandstorm
|-damage|p2a: Amoonguss|17/100|[from] Sandstorm
|upkeep
|turn|19
|
|switch|p2a: Politoed|Politoed, F|65/100
|-weather|RainDance|[from] ability: Drizzle|[of] p2a: Politoed
|move|p1a: Mienshao|High Jump Kick|p2a: Politoed
|-damage|p2a: Politoed|0 fnt
|faint|p2a: Politoed
|
|-weather|RainDance|[upkeep]
|upkeep
|
|switch|p2a: Thundurus|Thundurus-Therian, M|100/100
|turn|20
|
|switch|p1a: Garchomp|Garchomp, M|94/100
|-damage|p1a: Garchomp|88/100|[from] Stealth Rock
|move|p2a: Thundurus|Agility|p2a: Thundurus
|-boost|p2a: Thundurus|spe|2
|
|-weather|RainDance|[upkeep]
|upkeep
|turn|21
|
|move|p2a: Thundurus|Hidden Power|p1a: Garchomp
|-supereffective|p1a: Garchomp
|-damage|p1a: Garchomp|0 fnt
|faint|p1a: Garchomp
|
|-weather|RainDance|[upkeep]
|upkeep
|
|switch|p1a: Mienshao|Mienshao, F|100/100
|-damage|p1a: Mienshao|95/100|[from] Stealth Rock
|turn|22
|c|☆Horror Gallery|gg
|-message|Horror Gallery forfeited.
|
|win|Internal Cannon
|l|☆Horror Gallery
|raw|Horror Gallery's rating: 1377 &rarr; <strong>1357</strong><br />(-20 for losing)
|raw|Internal Cannon's rating: 1375 &rarr; <strong>1395</strong><br />(+20 for winning)
|l|☆Internal Cannon
|j|☆Internal Cannon
