|badge|p1|bronze|gen9ou|100-2
|uhtml|medal-msg|<div class="broadcast-blue">Curious what those medals under the avatar are? PS now has Ladder Seasons! For more information, check out the <a href="https://www.smogon.com/forums/threads/3740067/">thread on Smogon.</a></div>
|j|☆Shinjou Akane
|j|‽MegaStarUniverse
|t:|1726870372
|gametype|singles
|player|p1|Shinjou Akane|lass-gen6oras|1478
|player|p2|MegaStarUniverse|nate|1446
|teamsize|p1|6
|teamsize|p2|6
|gen|5
|tier|[Gen 5] OU
|rated|
|rule|Species Clause: Limit one of each Pokémon
|rule|OHKO Clause: OHKO moves are banned
|rule|Moody Clause: Moody is banned
|rule|Evasion Items Clause: Evasion items are banned
|rule|Evasion Moves Clause: Evasion moves are banned
|rule|Endless Battle Clause: Forcing endless battles is banned
|rule|HP Percentage Mod: HP is shown in percentages
|rule|Evasion Abilities Clause: Evasion abilities are banned
|rule|Sleep Moves Clause: Sleep-inducing moves are banned
|rule|Swagger Clause: Swagger is banned
|rule|Baton Pass Stat Clause: No Baton Passer may have a way to boost its stats
|clearpoke
|poke|p1|Dragonite, M|item
|poke|p1|Jirachi|item
|poke|p1|Magnezone|item
|poke|p1|Garchomp, M|item
|poke|p1|Latios, M|item
|poke|p1|Excadrill, M|item
|poke|p2|Starmie|item
|poke|p2|Breloom, F|item
|poke|p2|Scizor, F|item
|poke|p2|Garchomp, M|item
|poke|p2|Dragonite, M|item
|poke|p2|Volcarona, M|item
|teampreview
|inactive|Battle timer is ON: inactive players will automatically lose when time's up. (requested by Shinjou Akane)
|
|t:|1726870380
|start
|switch|p1a: Latios|Latios, M|100/100
|switch|p2a: Garchomp|Garchomp, M|100/100
|turn|1
|
|t:|1726870386
|move|p1a: Latios|Draco Meteor|p2a: Garchomp
|-supereffective|p2a: Garchomp
|-enditem|p2a: Garchomp|Focus Sash
|-damage|p2a: Garchomp|1/100
|-unboost|p1a: Latios|spa|2
|move|p2a: Garchomp|Stealth Rock|p1a: Latios
|-sidestart|p1: Shinjou Akane|move: Stealth Rock
|
|upkeep
|turn|2
|
|t:|1726870390
|switch|p2a: Scizor|Scizor, F|100/100
|move|p1a: Latios|Draco Meteor|p2a: Scizor
|-resisted|p2a: Scizor
|-damage|p2a: Scizor|74/100
|-unboost|p1a: Latios|spa|2
|
|upkeep
|turn|3
|
|t:|1726870396
|-activate|p1a: Latios|move: Pursuit
|move|p2a: Scizor|Pursuit|p1a: Latios|[from]Pursuit
|-supereffective|p1a: Latios
|-damage|p1a: Latios|0 fnt
|faint|p1a: Latios
|-hint|A Pokemon can't switch between when it runs out of HP and when it faints
|
|upkeep
|
|t:|1726870400
|switch|p1a: Magnezone|Magnezone|100/100
|-damage|p1a: Magnezone|94/100|[from] Stealth Rock
|-item|p1a: Magnezone|Air Balloon
|turn|4
|
|t:|1726870405
|move|p1a: Magnezone|Hidden Power|p2a: Scizor
|-supereffective|p2a: Scizor
|-damage|p2a: Scizor|0 fnt
|faint|p2a: Scizor
|
|upkeep
|
|t:|1726870411
|switch|p2a: Volcarona|Volcarona, M|100/100
|turn|5
|
|t:|1726870414
|switch|p1a: Garchomp|Garchomp, M|100/100
|-damage|p1a: Garchomp|94/100|[from] Stealth Rock
|move|p2a: Volcarona|Quiver Dance|p2a: Volcarona
|-boost|p2a: Volcarona|spa|1
|-boost|p2a: Volcarona|spd|1
|-boost|p2a: Volcarona|spe|1
|
|upkeep
|turn|6
|
|t:|1726870417
|move|p2a: Volcarona|Bug Buzz|p1a: Garchomp
|-damage|p1a: Garchomp|14/100
|move|p1a: Garchomp|Outrage|p2a: Volcarona
|-damage|p2a: Volcarona|4/100
|-status|p1a: Garchomp|brn|[from] ability: Flame Body|[of] p2a: Volcarona
|
|-damage|p1a: Garchomp|1/100 brn|[from] brn
|upkeep
|turn|7
|
|t:|1726870424
|move|p2a: Volcarona|Flamethrower|p1a: Garchomp
|-resisted|p1a: Garchomp
|-damage|p1a: Garchomp|0 fnt
|faint|p1a: Garchomp
|
|upkeep
|
|t:|1726870431
|switch|p1a: Dragonite|Dragonite, M|100/100
|-damage|p1a: Dragonite|76/100|[from] Stealth Rock
|turn|8
|
|t:|1726870434
|move|p1a: Dragonite|Extreme Speed|p2a: Volcarona
|-damage|p2a: Volcarona|0 fnt
|-status|p1a: Dragonite|brn|[from] ability: Flame Body|[of] p2a: Volcarona
|-enditem|p1a: Dragonite|Lum Berry|[eat]
|-curestatus|p1a: Dragonite|brn|[msg]
|faint|p2a: Volcarona
|
|upkeep
|
|t:|1726870439
|switch|p2a: Starmie|Starmie|100/100
|turn|9
|
|t:|1726870443
|switch|p1a: Magnezone|Magnezone|94/100
|-damage|p1a: Magnezone|88/100|[from] Stealth Rock
|-item|p1a: Magnezone|Air Balloon
|move|p2a: Starmie|Ice Beam|p1a: Magnezone
|-resisted|p1a: Magnezone
|-damage|p1a: Magnezone|59/100
|-enditem|p1a: Magnezone|Air Balloon
|-damage|p2a: Starmie|91/100|[from] item: Life Orb
|
|upkeep
|turn|10
|
|t:|1726870449
|switch|p1a: Jirachi|Jirachi|100/100
|-damage|p1a: Jirachi|94/100|[from] Stealth Rock
|move|p2a: Starmie|Surf|p1a: Jirachi
|-damage|p1a: Jirachi|52/100
|-damage|p2a: Starmie|81/100|[from] item: Life Orb
|
|-heal|p1a: Jirachi|59/100|[from] item: Leftovers
|upkeep
|turn|11
|
|t:|1726870459
|switch|p2a: Garchomp|Garchomp, M|1/100
|move|p1a: Jirachi|Icy Wind|p2a: Garchomp
|-supereffective|p2a: Garchomp
|-damage|p2a: Garchomp|0 fnt
|faint|p2a: Garchomp
|
|-heal|p1a: Jirachi|65/100|[from] item: Leftovers
|upkeep
|
|t:|1726870463
|switch|p2a: Dragonite|Dragonite, M|100/100
|turn|12
|
|t:|1726870465
|move|p2a: Dragonite|Fire Punch|p1a: Jirachi
|-supereffective|p1a: Jirachi
|-damage|p1a: Jirachi|0 fnt
|faint|p1a: Jirachi
|
|upkeep
|
|t:|1726870469
|switch|p1a: Dragonite|Dragonite, M|76/100
|-damage|p1a: Dragonite|51/100|[from] Stealth Rock
|turn|13
|
|t:|1726870482
|move|p2a: Dragonite|Fire Punch|p1a: Dragonite
|-resisted|p1a: Dragonite
|-damage|p1a: Dragonite|28/100
|move|p1a: Dragonite|Dragon Dance|p1a: Dragonite
|-boost|p1a: Dragonite|atk|1
|-boost|p1a: Dragonite|spe|1
|
|upkeep
|turn|14
|
|t:|1726870493
|switch|p2a: Starmie|Starmie|81/100
|move|p1a: Dragonite|Outrage|p2a: Starmie
|-damage|p2a: Starmie|0 fnt
|faint|p2a: Starmie
|
|upkeep
|
|t:|1726870496
|switch|p2a: Dragonite|Dragonite, M|100/100
|turn|15
|
|t:|1726870497
|move|p2a: Dragonite|Extreme Speed|p1a: Dragonite
|-damage|p1a: Dragonite|0 fnt
|faint|p1a: Dragonite
|
|upkeep
|
|t:|1726870501
|switch|p1a: Excadrill|Excadrill, M|100/100
|-damage|p1a: Excadrill|97/100|[from] Stealth Rock
|-ability|p1a: Excadrill|Mold Breaker
|turn|16
|
|t:|1726870503
|move|p2a: Dragonite|Extreme Speed|p1a: Excadrill
|-resisted|p1a: Excadrill
|-damage|p1a: Excadrill|64/100
|move|p1a: Excadrill|Rapid Spin|p2a: Dragonite
|-damage|p2a: Dragonite|91/100
|-sideend|p1: Shinjou Akane|Stealth Rock|[from] move: Rapid Spin|[of] p1a: Excadrill
|
|upkeep
|turn|17
|
|t:|1726870506
|switch|p1a: Magnezone|Magnezone|59/100
|move|p2a: Dragonite|Extreme Speed|p1a: Magnezone
|-resisted|p1a: Magnezone
|-damage|p1a: Magnezone|32/100
|
|upkeep
|turn|18
|
|t:|1726870511
|move|p2a: Dragonite|Extreme Speed|p1a: Magnezone
|-resisted|p1a: Magnezone
|-damage|p1a: Magnezone|6/100
|move|p1a: Magnezone|Hidden Power|p2a: Dragonite
|-resisted|p2a: Dragonite
|-damage|p2a: Dragonite|77/100
|
|upkeep
|turn|19
|
|t:|1726870513
|move|p2a: Dragonite|Extreme Speed|p1a: Magnezone
|-resisted|p1a: Magnezone
|-damage|p1a: Magnezone|0 fnt
|faint|p1a: Magnezone
|
|upkeep
|
|t:|1726870515
|switch|p1a: Excadrill|Excadrill, M|64/100
|-ability|p1a: Excadrill|Mold Breaker
|turn|20
|
|t:|1726870516
|move|p2a: Dragonite|Extreme Speed|p1a: Excadrill
|-resisted|p1a: Excadrill
|-damage|p1a: Excadrill|29/100
|move|p1a: Excadrill|Iron Head|p2a: Dragonite
|-damage|p2a: Dragonite|29/100
|
|upkeep
|turn|21
|
|t:|1726870519
|move|p2a: Dragonite|Extreme Speed|p1a: Excadrill
|-resisted|p1a: Excadrill
|-damage|p1a: Excadrill|0 fnt
|faint|p1a: Excadrill
|
|win|MegaStarUniverse
|raw|Shinjou Akane's rating: 1478 &rarr; <strong>1456</strong><br />(-22 for losing)
|raw|MegaStarUniverse's rating: 1446 &rarr; <strong>1468</strong><br />(+22 for winning)
|l|☆Shinjou Akane
|player|p1|
