|join|chadbruv
|join|Julian
|player|p1|chadbruv|169
|player|p2|Julian|169
|gametype|singles
|gen|5
|tier|[Gen 5] OU
|rated
|rule|Evasion Abilities Clause: Evasion abilities are banned
|clearpoke
|poke|p1|Tyranitar, F
|poke|p1|Magnezone
|poke|p1|Terrakion
|poke|p1|Latios, M, shiny
|poke|p1|Scizor, F, shiny
|poke|p1|Landorus-Therian, M
|poke|p2|Politoed, F
|poke|p2|Moltres
|poke|p2|Amoonguss, M, shiny
|poke|p2|Tentacruel, M
|poke|p2|Jirachi
|poke|p2|Tornadus, M
|rule|Sleep Clause Mod: Limit one foe put to sleep
|rule|Species Clause: Limit one of each Pokemon
|rule|OHKO Clause: OHKO moves are banned
|rule|Moody Clause: Moody is banned
|rule|Evasion Moves Clause: Evasion moves are banned
|rule|Endless Battle Clause: Forcing endless battles is banned.
|rule|HP Percentage Mod: HP is reported as percentages
|teampreview
|chat|chadbruv|sup
|chat|Julian|hi
|
|start
|switch|p1a: Pat Riely|Tyranitar, F|403/403
|switch|p2a: Tornadus|Tornadus, M|299/299
|-weather|Sandstorm|[from] ability: Sand Stream|[of] p1a: Pat Riely
|turn|1
|chat|chadbruv|new account?
|chat|Julian|huh?
|join|Alexxi
|
|switch|p2a: Jirachi|Jirachi|404/404
|switch|p1a: Bron Bron|Landorus-Therian, M|382/382
|-ability|p1a: Bron Bron|Intimidate|[of] p2a: Jirachi
|-unboost|p2a: Jirachi|atk|1
|
|-weather|Sandstorm|[upkeep]
|turn|2
|chat|Alexxi|dced?
|chat|Alexxi|:P
|chat|Julian|a lot!
|chat|Alexxi|ah :[
|chat|Julian|but i still play
|chat|Julian|lol
|
|switch|p2a: Amoonguss|Amoonguss, M, shiny|432/432
|move|p1a: Bron Bron|Earthquake|p2a: Amoonguss
|-damage|p2a: Amoonguss|162/432
|
|-weather|Sandstorm|[upkeep]
|-damage|p2a: Amoonguss|135/432|[from] sandstorm
|-heal|p2a: Amoonguss|162/432|[from] item: Black Sludge
|turn|3
|chat|Alexxi|oh look, rain!
|chat|Alexxi|:P
|join|basco
|chat|Julian|i like to mix it up
|
|switch|p2a: Tornadus|Tornadus, M|299/299
|move|p1a: Bron Bron|Earthquake|p2a: Tornadus
|-immune|p2a: Tornadus|[msg]
|
|-weather|Sandstorm|[upkeep]
|-damage|p2a: Tornadus|281/299|[from] sandstorm
|turn|4
|
|move|p2a: Tornadus|U-turn|p1a: Bron Bron
|-resisted|p1a: Bron Bron
|-damage|p1a: Bron Bron|335/382
|-damage|p2a: Tornadus|252/299|[from] item: Life Orb
|
|switch|p2a: Amoonguss|Amoonguss, M, shiny|306/432
|move|p1a: Bron Bron|Hidden Power|p2a: Amoonguss
|-supereffective|p2a: Amoonguss
|-damage|p2a: Amoonguss|179/432
|
|-weather|Sandstorm|[upkeep]
|-damage|p2a: Amoonguss|152/432|[from] sandstorm
|-heal|p2a: Amoonguss|179/432|[from] item: Black Sludge
|turn|5
|
|switch|p2a: Moltres|Moltres|321/321
|-ability|p2a: Moltres|Pressure
|move|p1a: Bron Bron|U-turn|p2a: Moltres
|-resisted|p2a: Moltres
|-damage|p2a: Moltres|296/321
|
|switch|p1a: Bosh|Latios, M, shiny|301/301
|
|-weather|Sandstorm|[upkeep]
|-damage|p1a: Bosh|283/301|[from] sandstorm
|-damage|p2a: Moltres|276/321|[from] sandstorm
|turn|6
|
|switch|p2a: Jirachi|Jirachi|404/404
|move|p1a: Bosh|Surf|p2a: Jirachi
|-damage|p2a: Jirachi|323/404
|
|-weather|Sandstorm|[upkeep]
|-damage|p1a: Bosh|265/301|[from] sandstorm
|-heal|p2a: Jirachi|348/404|[from] item: Leftovers
|turn|7
|join|innovamania
|
|switch|p1a: Bron Bron|Landorus-Therian, M|335/382
|-ability|p1a: Bron Bron|Intimidate|[of] p2a: Jirachi
|-unboost|p2a: Jirachi|atk|1
|switch|p2a: Amoonguss|Amoonguss, M, shiny|323/432
|
|-weather|Sandstorm|[upkeep]
|-damage|p2a: Amoonguss|296/432|[from] sandstorm
|-heal|p2a: Amoonguss|323/432|[from] item: Black Sludge
|turn|8
|
|move|p1a: Bron Bron|U-turn|p2a: Amoonguss
|-damage|p2a: Amoonguss|184/432
|
|switch|p1a: Pat Riely|Tyranitar, F|403/403
|move|p2a: Amoonguss|Spore|p1a: Pat Riely
|-status|p1a: Pat Riely|slp
|
|-weather|Sandstorm|[upkeep]
|-damage|p2a: Amoonguss|157/432|[from] sandstorm
|-heal|p2a: Amoonguss|184/432|[from] item: Black Sludge
|turn|9
|
|switch|p1a: Bron Bron|Landorus-Therian, M|335/382
|-ability|p1a: Bron Bron|Intimidate|[of] p2a: Amoonguss
|-unboost|p2a: Amoonguss|atk|1
|switch|p2a: Politoed|Politoed, F|322/322
|-weather|RainDance|[from] ability: Drizzle|[of] p2a: Politoed
|
|-weather|RainDance|[upkeep]
|turn|10
|
|move|p2a: Politoed|Scald|p1a: Bron Bron
|-supereffective|p1a: Bron Bron
|-damage|p1a: Bron Bron|0 fnt
|faint|p1a: Bron Bron
|
|-weather|RainDance|[upkeep]
|
|switch|p1a: Pat Riely|Tyranitar, F|403/403 slp
|-weather|Sandstorm|[from] ability: Sand Stream|[of] p1a: Pat Riely
|turn|11
|
|switch|p2a: Jirachi|Jirachi|348/404
|switch|p1a: Bosh|Latios, M, shiny|265/301
|
|-weather|Sandstorm|[upkeep]
|-damage|p1a: Bosh|247/301|[from] sandstorm
|-heal|p2a: Jirachi|373/404|[from] item: Leftovers
|turn|12
|
|switch|p1a: Ray Allen|Magnezone|283/283
|move|p2a: Jirachi|Stealth Rock|p1a: Ray Allen
|-sidestart|p1: chadbruv|move: Stealth Rock
|
|-weather|Sandstorm|[upkeep]
|-heal|p2a: Jirachi|398/404|[from] item: Leftovers
|turn|13
|
|move|p1a: Ray Allen|Substitute|p1a: Ray Allen
|-start|p1a: Ray Allen|Substitute
|-damage|p1a: Ray Allen|213/283
|move|p2a: Jirachi|Wish|p2a: Jirachi
|
|-weather|Sandstorm|[upkeep]
|-heal|p1a: Ray Allen|230/283|[from] item: Leftovers
|-heal|p2a: Jirachi|404/404|[from] item: Leftovers
|turn|14
|
|move|p1a: Ray Allen|Charge Beam|p2a: Jirachi
|-damage|p2a: Jirachi|337/404
|-boost|p1a: Ray Allen|spa|1
|move|p2a: Jirachi|Thunder|p1a: Ray Allen
|-resisted|p1a: Ray Allen
|-activate|p1a: Ray Allen|Substitute|[damage]
|
|-weather|Sandstorm|[upkeep]
|-heal|p2a: Jirachi|404/404|[from] move: Wish|[wisher] Jirachi
|-heal|p1a: Ray Allen|247/283|[from] item: Leftovers
|turn|15
|
|move|p1a: Ray Allen|Charge Beam|p2a: Jirachi
|-damage|p2a: Jirachi|304/404
|-boost|p1a: Ray Allen|spa|1
|move|p2a: Jirachi|Thunder|p1a: Ray Allen
|-resisted|p1a: Ray Allen
|-end|p1a: Ray Allen|Substitute
|
|-weather|Sandstorm|[upkeep]
|-heal|p1a: Ray Allen|264/283|[from] item: Leftovers
|-heal|p2a: Jirachi|329/404|[from] item: Leftovers
|turn|16
|
|move|p1a: Ray Allen|Substitute|p1a: Ray Allen
|-start|p1a: Ray Allen|Substitute
|-damage|p1a: Ray Allen|194/283
|move|p2a: Jirachi|Thunder|p1a: Ray Allen
|-resisted|p1a: Ray Allen
|-activate|p1a: Ray Allen|Substitute|[damage]
|
|-weather|Sandstorm|[upkeep]
|-heal|p1a: Ray Allen|211/283|[from] item: Leftovers
|-heal|p2a: Jirachi|354/404|[from] item: Leftovers
|turn|17
|
|move|p1a: Ray Allen|Charge Beam|p2a: Jirachi|[miss]
|-miss|p1a: Ray Allen|p2a: Jirachi
|move|p2a: Jirachi|Thunder|p1a: Ray Allen|[miss]
|-miss|p2a: Jirachi|p1a: Ray Allen
|
|-weather|Sandstorm|[upkeep]
|-heal|p1a: Ray Allen|228/283|[from] item: Leftovers
|-heal|p2a: Jirachi|379/404|[from] item: Leftovers
|turn|18
|
|move|p1a: Ray Allen|Charge Beam|p2a: Jirachi|[miss]
|-miss|p1a: Ray Allen|p2a: Jirachi
|move|p2a: Jirachi|Thunder|p1a: Ray Allen
|-resisted|p1a: Ray Allen
|-end|p1a: Ray Allen|Substitute
|
|-weather|Sandstorm|[upkeep]
|-heal|p1a: Ray Allen|245/283|[from] item: Leftovers
|-heal|p2a: Jirachi|404/404|[from] item: Leftovers
|turn|19
|
|move|p1a: Ray Allen|Substitute|p1a: Ray Allen
|-start|p1a: Ray Allen|Substitute
|-damage|p1a: Ray Allen|175/283
|move|p2a: Jirachi|Thunder|p1a: Ray Allen
|-resisted|p1a: Ray Allen
|-activate|p1a: Ray Allen|Substitute|[damage]
|
|-weather|Sandstorm|[upkeep]
|-heal|p1a: Ray Allen|192/283|[from] item: Leftovers
|turn|20
|chat|Alexxi|;1 this is why you need u-turn
|chat|Julian|no room :/
|chat|Julian|i also need an ice move
|chat|Julian|desperately
|chat|Alexxi|or calm mind :P
|
|move|p1a: Ray Allen|Charge Beam|p2a: Jirachi
|-damage|p2a: Jirachi|284/404
|-boost|p1a: Ray Allen|spa|1
|move|p2a: Jirachi|Thunder|p1a: Ray Allen
|-resisted|p1a: Ray Allen
|-end|p1a: Ray Allen|Substitute
|
|-weather|Sandstorm|[upkeep]
|-heal|p1a: Ray Allen|209/283|[from] item: Leftovers
|-heal|p2a: Jirachi|309/404|[from] item: Leftovers
|turn|21
|
|move|p1a: Ray Allen|Substitute|p1a: Ray Allen
|-start|p1a: Ray Allen|Substitute
|-damage|p1a: Ray Allen|139/283
|move|p2a: Jirachi|Thunder|p1a: Ray Allen|[miss]
|-miss|p2a: Jirachi|p1a: Ray Allen
|
|-weather|Sandstorm|[upkeep]
|-heal|p1a: Ray Allen|156/283|[from] item: Leftovers
|-heal|p2a: Jirachi|334/404|[from] item: Leftovers
|turn|22
|
|move|p1a: Ray Allen|Charge Beam|p2a: Jirachi|[miss]
|-miss|p1a: Ray Allen|p2a: Jirachi
|move|p2a: Jirachi|Thunder|p1a: Ray Allen
|-resisted|p1a: Ray Allen
|-activate|p1a: Ray Allen|Substitute|[damage]
|
|-weather|Sandstorm|[upkeep]
|-heal|p1a: Ray Allen|173/283|[from] item: Leftovers
|-heal|p2a: Jirachi|359/404|[from] item: Leftovers
|turn|23
|
|move|p1a: Ray Allen|Charge Beam|p2a: Jirachi
|-damage|p2a: Jirachi|212/404
|-boost|p1a: Ray Allen|spa|1
|move|p2a: Jirachi|Thunder|p1a: Ray Allen
|-resisted|p1a: Ray Allen
|-end|p1a: Ray Allen|Substitute
|
|-weather|Sandstorm|[upkeep]
|-heal|p1a: Ray Allen|190/283|[from] item: Leftovers
|-heal|p2a: Jirachi|237/404|[from] item: Leftovers
|turn|24
|
|move|p1a: Ray Allen|Substitute|p1a: Ray Allen
|-start|p1a: Ray Allen|Substitute
|-damage|p1a: Ray Allen|120/283
|move|p2a: Jirachi|Thunder|p1a: Ray Allen
|-resisted|p1a: Ray Allen
|-activate|p1a: Ray Allen|Substitute|[damage]
|
|-weather|Sandstorm|[upkeep]
|-heal|p1a: Ray Allen|137/283|[from] item: Leftovers
|-heal|p2a: Jirachi|262/404|[from] item: Leftovers
|turn|25
|
|move|p1a: Ray Allen|Charge Beam|p2a: Jirachi
|-damage|p2a: Jirachi|78/404
|move|p2a: Jirachi|Thunder|p1a: Ray Allen|[miss]
|-miss|p2a: Jirachi|p1a: Ray Allen
|
|-weather|Sandstorm|[upkeep]
|-heal|p1a: Ray Allen|154/283|[from] item: Leftovers
|-heal|p2a: Jirachi|103/404|[from] item: Leftovers
|turn|26
|
|move|p1a: Ray Allen|Charge Beam|p2a: Jirachi
|-damage|p2a: Jirachi|0 fnt
|faint|p2a: Jirachi
|
|-weather|Sandstorm|[upkeep]
|-heal|p1a: Ray Allen|171/283|[from] item: Leftovers
|join|UWillRagequit
|
|switch|p2a: Politoed|Politoed, F|322/322
|-weather|RainDance|[from] ability: Drizzle|[of] p2a: Politoed
|turn|27
|
|move|p2a: Politoed|Perish Song|p2a: Politoed
|-fieldactivate|move: Perish Song
|move|p1a: Ray Allen|Charge Beam|p2a: Politoed
|-supereffective|p2a: Politoed
|-damage|p2a: Politoed|0 fnt
|-boost|p1a: Ray Allen|spa|1
|faint|p2a: Politoed
|
|-start|p1a: Ray Allen|perish3
|-weather|RainDance|[upkeep]
|-heal|p1a: Ray Allen|188/283|[from] item: Leftovers
|chat|Julian|tis bad
|chat|Julian| :/
|chat|Alexxi|:/
|
|switch|p2a: Tentacruel|Tentacruel, M|364/364
|turn|28
|chat|Alexxi|you shouldve used
|
|move|p2a: Tentacruel|Protect|p2a: Tentacruel
|-singleturn|p2a: Tentacruel|Protect
|move|p1a: Ray Allen|Charge Beam|p2a: Tentacruel
|-activate|p2a: Tentacruel|Protect
|
|-start|p1a: Ray Allen|perish2
|-weather|RainDance|[upkeep]
|-heal|p1a: Ray Allen|205/283|[from] item: Leftovers
|turn|29
|chat|basco|why
|chat|basco|it was scarfed
|chat|basco|why didnt you scold
|
|switch|p2a: Amoonguss|Amoonguss, M, shiny|328/432
|move|p1a: Ray Allen|Charge Beam|p2a: Amoonguss
|-resisted|p2a: Amoonguss
|-damage|p2a: Amoonguss|190/432
|-boost|p1a: Ray Allen|spa|1
|
|-start|p1a: Ray Allen|perish1
|-weather|RainDance|[upkeep]
|-heal|p1a: Ray Allen|222/283|[from] item: Leftovers
|-heal|p2a: Amoonguss|217/432|[from] item: Black Sludge
|turn|30
|
|switch|p2a: Tornadus|Tornadus, M|252/299
|move|p1a: Ray Allen|Flash Cannon|p2a: Tornadus
|-crit|p2a: Tornadus
|-damage|p2a: Tornadus|0 fnt
|faint|p2a: Tornadus
|
|-start|p1a: Ray Allen|perish0
|-weather|RainDance|[upkeep]
|faint|p1a: Ray Allen
|
|switch|p2a: Moltres|Moltres|276/321
|switch|p1a: Pat Riely|Tyranitar, F|403/403 slp
|-damage|p1a: Pat Riely|353/403 slp|[from] Stealth Rock
|-ability|p2a: Moltres|Pressure
|-weather|Sandstorm|[from] ability: Sand Stream|[of] p1a: Pat Riely
|turn|31
|chat|Julian|shet
|
|move|p2a: Moltres|Hidden Power|p1a: Pat Riely
|-supereffective|p1a: Pat Riely
|-damage|p1a: Pat Riely|105/403 slp
|cant|p1a: Pat Riely|slp
|
|-weather|Sandstorm|[upkeep]
|-damage|p2a: Moltres|256/321|[from] sandstorm
|-heal|p1a: Pat Riely|130/403 slp|[from] item: Leftovers
|turn|32
|
|switch|p2a: Tentacruel|Tentacruel, M|364/364
|-curestatus|p1a: Pat Riely|slp
|move|p1a: Pat Riely|Ice Beam|p2a: Tentacruel
|-resisted|p2a: Tentacruel
|-damage|p2a: Tentacruel|333/364
|
|-weather|Sandstorm|[upkeep]
|-damage|p2a: Tentacruel|311/364|[from] sandstorm
|-heal|p2a: Tentacruel|333/364|[from] item: Black Sludge
|-heal|p1a: Pat Riely|155/403|[from] item: Leftovers
|turn|33
|
|move|p2a: Tentacruel|Scald|p1a: Pat Riely
|-supereffective|p1a: Pat Riely
|-damage|p1a: Pat Riely|71/403
|move|p1a: Pat Riely|Stealth Rock|p2a: Tentacruel
|-sidestart|p2: Julian|move: Stealth Rock
|
|-weather|Sandstorm|[upkeep]
|-damage|p2a: Tentacruel|311/364|[from] sandstorm
|-heal|p2a: Tentacruel|333/364|[from] item: Black Sludge
|-heal|p1a: Pat Riely|96/403|[from] item: Leftovers
|turn|34
|
|move|p2a: Tentacruel|Rapid Spin|p1a: Pat Riely
|-resisted|p1a: Pat Riely
|-damage|p1a: Pat Riely|91/403
|-sideend|p2: Julian|Stealth Rock|[from] move: Rapid Spin|[of] p2a: Tentacruel
|move|p1a: Pat Riely|Ice Beam|p2a: Tentacruel
|-resisted|p2a: Tentacruel
|-damage|p2a: Tentacruel|303/364
|
|-weather|Sandstorm|[upkeep]
|-damage|p2a: Tentacruel|281/364|[from] sandstorm
|-heal|p2a: Tentacruel|303/364|[from] item: Black Sludge
|-heal|p1a: Pat Riely|116/403|[from] item: Leftovers
|turn|35
|
|move|p2a: Tentacruel|Scald|p1a: Pat Riely
|-supereffective|p1a: Pat Riely
|-damage|p1a: Pat Riely|30/403
|move|p1a: Pat Riely|Ice Beam|p2a: Tentacruel
|-resisted|p2a: Tentacruel
|-damage|p2a: Tentacruel|273/364
|
|-weather|Sandstorm|[upkeep]
|-damage|p2a: Tentacruel|251/364|[from] sandstorm
|-heal|p2a: Tentacruel|273/364|[from] item: Black Sludge
|-heal|p1a: Pat Riely|55/403|[from] item: Leftovers
|turn|36
|
|move|p2a: Tentacruel|Scald|p1a: Pat Riely
|-supereffective|p1a: Pat Riely
|-damage|p1a: Pat Riely|0 fnt
|faint|p1a: Pat Riely
|
|-weather|Sandstorm|[upkeep]
|-damage|p2a: Tentacruel|251/364|[from] sandstorm
|-heal|p2a: Tentacruel|273/364|[from] item: Black Sludge
|
|switch|p1a: Bosh|Latios, M, shiny|247/301
|-damage|p1a: Bosh|210/301|[from] Stealth Rock
|turn|37
|
|move|p2a: Tentacruel|Protect|p2a: Tentacruel
|-singleturn|p2a: Tentacruel|Protect
|move|p1a: Bosh|Psyshock|p2a: Tentacruel
|-activate|p2a: Tentacruel|Protect
|
|-weather|Sandstorm|[upkeep]
|-damage|p1a: Bosh|192/301|[from] sandstorm
|-damage|p2a: Tentacruel|251/364|[from] sandstorm
|-heal|p2a: Tentacruel|273/364|[from] item: Black Sludge
|turn|38
|
|switch|p2a: Amoonguss|Amoonguss, M, shiny|361/432
|move|p1a: Bosh|Psyshock|p2a: Amoonguss
|-supereffective|p2a: Amoonguss
|-damage|p2a: Amoonguss|0 fnt
|faint|p2a: Amoonguss
|
|-weather|Sandstorm|[upkeep]
|-damage|p1a: Bosh|174/301|[from] sandstorm
|
|switch|p2a: Moltres|Moltres|256/321
|-ability|p2a: Moltres|Pressure
|turn|39
|
|move|p1a: Bosh|Surf|p2a: Moltres
|-supereffective|p2a: Moltres
|-damage|p2a: Moltres|0 fnt
|faint|p2a: Moltres
|
|-weather|Sandstorm|[upkeep]
|-damage|p1a: Bosh|156/301|[from] sandstorm
|chat|Alexxi|sac? XD
|chat|Julian|wut
|chat|Alexxi|oh
|chat|Alexxi|O_O
|chat|Julian|whaa
|chat|Alexxi|ebelt
|chat|Julian|kitem
|
|switch|p2a: Tentacruel|Tentacruel, M|273/364
|turn|40
|chat|Julian|lame
|chat|chadbruv|u mad
|
|move|p1a: Bosh|Psyshock|p2a: Tentacruel
|-supereffective|p2a: Tentacruel
|-damage|p2a: Tentacruel|0 fnt
|faint|p2a: Tentacruel
|
|win|chadbruv
|raw|Ladder updating...
|raw|chadbruv's rating: 1552 &rarr; <strong>1567</strong><br />(+15 for winning)
|raw|Julian's rating: 1465 &rarr; <strong>1450</strong><br />(-15 for losing)
|chat|Alexxi|z:
|chat|chadbruv|haha
|chat|Alexxi|its ok
|chat|Julian|im mad i lost to
|chat|Alexxi|xD gg
|chat|Julian|that bs
|chat|Julian|lol
|leave|Julian
|player|p2
|chat|Alexxi|its ok :>
|chat|Alexxi|there's always
|chat|Alexxi|next time!
|leave|Alexxi