|j|☆leoperi99
|j|‽roadto10kbwgames
|t:|1723310363
|gametype|singles
|player|p1|leoperi99|hala|1446
|player|p2|roadto10kbwgames|2|1276
|teamsize|p1|6
|teamsize|p2|6
|gen|5
|tier|[Gen 5] OU
|rated|
|rule|Species Clause: Limit one of each Pokémon
|rule|OHKO Clause: OHKO moves are banned
|rule|Moody Clause: Moody is banned
|rule|Evasion Items Clause: Evasion items are banned
|rule|Evasion Moves Clause: Evasion moves are banned
|rule|Endless Battle Clause: Forcing endless battles is banned
|rule|HP Percentage Mod: HP is shown in percentages
|rule|Evasion Abilities Clause: Evasion abilities are banned
|rule|Sleep Moves Clause: Sleep-inducing moves are banned
|rule|Swagger Clause: Swagger is banned
|rule|Baton Pass Stat Clause: No Baton Passer may have a way to boost its stats
|clearpoke
|poke|p1|Politoed, F|item
|poke|p1|Tornadus, M|item
|poke|p1|Lanturn, M|item
|poke|p1|Mamoswine, F|item
|poke|p1|Starmie|item
|poke|p1|Ferrothorn, M|item
|poke|p2|Mew|item
|poke|p2|Hippowdon, F|item
|poke|p2|Skarmory, M|item
|poke|p2|Latias, F|item
|poke|p2|Clefable, M|item
|poke|p2|Rotom-Wash|item
|teampreview
|c|☆leoperi99|glhf
|
|t:|1723310411
|start
|switch|p1a: Politoed|Politoed, F|100/100
|switch|p2a: Rotom|Rotom-Wash|100/100
|-weather|RainDance|[from] ability: Drizzle|[of] p1a: Politoed
|turn|1
|
|t:|1723310425
|switch|p2a: Clefable|Clefable, M|100/100
|move|p1a: Politoed|Protect||[still]
|-fail|p1a: Politoed
|
|-weather|RainDance|[upkeep]
|upkeep
|turn|2
|
|t:|1723310432
|switch|p1a: Ferrothorn|Ferrothorn, M|100/100
|move|p2a: Clefable|Knock Off|p1a: Ferrothorn
|-resisted|p1a: Ferrothorn
|-damage|p1a: Ferrothorn|99/100
|-enditem|p1a: Ferrothorn|Leftovers|[from] move: Knock Off|[of] p2a: Clefable
|
|-weather|RainDance|[upkeep]
|upkeep
|turn|3
|
|t:|1723310441
|move|p2a: Clefable|Thunder Wave|p1a: Ferrothorn
|-status|p1a: Ferrothorn|par
|move|p1a: Ferrothorn|Knock Off|p2a: Clefable
|-damage|p2a: Clefable|96/100
|-enditem|p2a: Clefable|Leftovers|[from] move: Knock Off|[of] p1a: Ferrothorn
|
|-weather|RainDance|[upkeep]
|upkeep
|turn|4
|
|t:|1723310446
|move|p2a: Clefable|Seismic Toss|p1a: Ferrothorn
|-damage|p1a: Ferrothorn|71/100 par
|move|p1a: Ferrothorn|Stealth Rock|p2a: Clefable
|-sidestart|p2: roadto10kbwgames|move: Stealth Rock
|
|-weather|RainDance|[upkeep]
|upkeep
|turn|5
|
|t:|1723310453
|switch|p1a: Mamoswine|Mamoswine, F|100/100
|move|p2a: Clefable|Seismic Toss|p1a: Mamoswine
|-damage|p1a: Mamoswine|73/100
|
|-weather|RainDance|[upkeep]
|upkeep
|turn|6
|
|t:|1723310461
|switch|p2a: Skarmory|Skarmory, M|100/100
|-damage|p2a: Skarmory|88/100|[from] Stealth Rock
|move|p1a: Mamoswine|Icicle Crash|p2a: Skarmory|[miss]
|-miss|p1a: Mamoswine|p2a: Skarmory
|
|-weather|RainDance|[upkeep]
|upkeep
|turn|7
|
|t:|1723310467
|switch|p1a: Starmie|Starmie|100/100
|move|p2a: Skarmory|Spikes|p1a: Starmie
|-sidestart|p1: leoperi99|Spikes
|
|-weather|RainDance|[upkeep]
|upkeep
|turn|8
|
|t:|1723310473
|switch|p2a: Latias|Latias, F|100/100
|-damage|p2a: Latias|88/100|[from] Stealth Rock
|move|p1a: Starmie|Surf|p2a: Latias
|-resisted|p2a: Latias
|-damage|p2a: Latias|40/100
|
|-weather|RainDance|[upkeep]
|-heal|p2a: Latias|46/100|[from] item: Leftovers
|upkeep
|turn|9
|
|t:|1723310482
|move|p1a: Starmie|Surf|p2a: Latias
|-resisted|p2a: Latias
|-damage|p2a: Latias|10/100
|move|p2a: Latias|Recover|p2a: Latias
|-heal|p2a: Latias|60/100
|
|-weather|RainDance|[upkeep]
|-heal|p2a: Latias|66/100|[from] item: Leftovers
|upkeep
|turn|10
|
|t:|1723310488
|switch|p1a: Ferrothorn|Ferrothorn, M|71/100 par
|-damage|p1a: Ferrothorn|58/100 par|[from] Spikes
|move|p2a: Latias|Recover|p2a: Latias
|-heal|p2a: Latias|100/100
|
|-weather|RainDance|[upkeep]
|upkeep
|turn|11
|
|t:|1723310493
|switch|p2a: Hippowdon|Hippowdon, F|100/100
|-damage|p2a: Hippowdon|94/100|[from] Stealth Rock
|-weather|Sandstorm|[from] ability: Sand Stream|[of] p2a: Hippowdon
|cant|p1a: Ferrothorn|par
|
|-weather|Sandstorm|[upkeep]
|-heal|p2a: Hippowdon|100/100|[from] item: Leftovers
|upkeep
|turn|12
|
|t:|1723310499
|move|p2a: Hippowdon|Stealth Rock|p1a: Ferrothorn
|-sidestart|p1: leoperi99|move: Stealth Rock
|cant|p1a: Ferrothorn|par
|
|-weather|Sandstorm|[upkeep]
|upkeep
|turn|13
|
|t:|1723310502
|move|p2a: Hippowdon|Earthquake|p1a: Ferrothorn
|-damage|p1a: Ferrothorn|29/100 par
|move|p1a: Ferrothorn|Knock Off|p2a: Hippowdon
|-damage|p2a: Hippowdon|97/100
|-enditem|p2a: Hippowdon|Leftovers|[from] move: Knock Off|[of] p1a: Ferrothorn
|
|-weather|Sandstorm|[upkeep]
|upkeep
|turn|14
|
|t:|1723310509
|move|p2a: Hippowdon|Earthquake|p1a: Ferrothorn
|-damage|p1a: Ferrothorn|2/100 par
|cant|p1a: Ferrothorn|par
|
|-weather|Sandstorm|[upkeep]
|upkeep
|turn|15
|
|t:|1723310514
|move|p2a: Hippowdon|Earthquake|p1a: Ferrothorn
|-damage|p1a: Ferrothorn|0 fnt
|faint|p1a: Ferrothorn
|
|-weather|Sandstorm|[upkeep]
|upkeep
|
|t:|1723310516
|switch|p1a: Politoed|Politoed, F|100/100
|-damage|p1a: Politoed|88/100|[from] Spikes
|-damage|p1a: Politoed|75/100|[from] Stealth Rock
|-weather|RainDance|[from] ability: Drizzle|[of] p1a: Politoed
|turn|16
|
|t:|1723310521
|switch|p1a: Mamoswine|Mamoswine, F|73/100
|-damage|p1a: Mamoswine|60/100|[from] Spikes
|-damage|p1a: Mamoswine|48/100|[from] Stealth Rock
|switch|p2a: Clefable|Clefable, M|96/100
|
|-weather|RainDance|[upkeep]
|upkeep
|turn|17
|
|t:|1723310529
|switch|p2a: Skarmory|Skarmory, M|88/100
|-damage|p2a: Skarmory|76/100|[from] Stealth Rock
|move|p1a: Mamoswine|Icicle Crash|p2a: Skarmory
|-crit|p2a: Skarmory
|-damage|p2a: Skarmory|13/100
|
|-weather|RainDance|[upkeep]
|upkeep
|turn|18
|
|t:|1723310563
|switch|p2a: Rotom|Rotom-Wash|100/100
|-damage|p2a: Rotom|88/100|[from] Stealth Rock
|move|p1a: Mamoswine|Ice Shard|p2a: Rotom
|-resisted|p2a: Rotom
|-damage|p2a: Rotom|76/100
|
|-weather|RainDance|[upkeep]
|-heal|p2a: Rotom|83/100|[from] item: Leftovers
|upkeep
|turn|19
|
|t:|1723310569
|switch|p1a: Lanturn|Lanturn, M|100/100
|-damage|p1a: Lanturn|88/100|[from] Spikes
|-damage|p1a: Lanturn|76/100|[from] Stealth Rock
|move|p2a: Rotom|Hydro Pump|p1a: Lanturn
|-resisted|p1a: Lanturn
|-damage|p1a: Lanturn|48/100
|
|-weather|RainDance|[upkeep]
|-heal|p2a: Rotom|89/100|[from] item: Leftovers
|-heal|p1a: Lanturn|55/100|[from] item: Leftovers
|upkeep
|turn|20
|
|t:|1723310579
|switch|p2a: Hippowdon|Hippowdon, F|97/100
|-damage|p2a: Hippowdon|91/100|[from] Stealth Rock
|-weather|Sandstorm|[from] ability: Sand Stream|[of] p2a: Hippowdon
|move|p1a: Lanturn|Scald|p2a: Hippowdon
|-supereffective|p2a: Hippowdon
|-damage|p2a: Hippowdon|57/100
|
|-weather|Sandstorm|[upkeep]
|-damage|p1a: Lanturn|48/100|[from] Sandstorm
|-heal|p1a: Lanturn|55/100|[from] item: Leftovers
|upkeep
|turn|21
|
|t:|1723310588
|switch|p1a: Politoed|Politoed, F|75/100
|-damage|p1a: Politoed|63/100|[from] Spikes
|-damage|p1a: Politoed|50/100|[from] Stealth Rock
|-weather|RainDance|[from] ability: Drizzle|[of] p1a: Politoed
|switch|p2a: Clefable|Clefable, M|96/100
|
|-weather|RainDance|[upkeep]
|-heal|p1a: Politoed|57/100|[from] item: Leftovers
|upkeep
|turn|22
|
|t:|1723310593
|switch|p2a: Hippowdon|Hippowdon, F|57/100
|-damage|p2a: Hippowdon|51/100|[from] Stealth Rock
|-weather|Sandstorm|[from] ability: Sand Stream|[of] p2a: Hippowdon
|move|p1a: Politoed|Protect||[still]
|-fail|p1a: Politoed
|
|-weather|Sandstorm|[upkeep]
|-damage|p1a: Politoed|50/100|[from] Sandstorm
|-heal|p1a: Politoed|57/100|[from] item: Leftovers
|upkeep
|turn|23
|
|t:|1723310596
|switch|p2a: Clefable|Clefable, M|96/100
|move|p1a: Politoed|Scald|p2a: Clefable
|-damage|p2a: Clefable|79/100
|
|-weather|Sandstorm|[upkeep]
|-damage|p1a: Politoed|50/100|[from] Sandstorm
|-heal|p1a: Politoed|57/100|[from] item: Leftovers
|upkeep
|turn|24
|j| Sun Yagami.
|
|t:|1723310602
|move|p1a: Politoed|Protect|p1a: Politoed
|-singleturn|p1a: Politoed|Protect
|move|p2a: Clefable|Soft-Boiled|p2a: Clefable
|-heal|p2a: Clefable|100/100
|
|-weather|Sandstorm|[upkeep]
|-damage|p1a: Politoed|50/100|[from] Sandstorm
|-heal|p1a: Politoed|57/100|[from] item: Leftovers
|upkeep
|turn|25
|
|t:|1723310607
|switch|p2a: Latias|Latias, F|100/100
|-damage|p2a: Latias|88/100|[from] Stealth Rock
|move|p1a: Politoed|Encore||[still]
|-fail|p1a: Politoed
|
|-weather|Sandstorm|[upkeep]
|-damage|p2a: Latias|82/100|[from] Sandstorm
|-damage|p1a: Politoed|50/100|[from] Sandstorm
|-heal|p2a: Latias|88/100|[from] item: Leftovers
|-heal|p1a: Politoed|57/100|[from] item: Leftovers
|upkeep
|turn|26
|
|t:|1723310610
|move|p2a: Latias|Calm Mind|p2a: Latias
|-boost|p2a: Latias|spa|1
|-boost|p2a: Latias|spd|1
|move|p1a: Politoed|Encore|p2a: Latias
|-start|p2a: Latias|Encore
|
|-weather|Sandstorm|[upkeep]
|-damage|p2a: Latias|82/100|[from] Sandstorm
|-damage|p1a: Politoed|50/100|[from] Sandstorm
|-heal|p2a: Latias|88/100|[from] item: Leftovers
|-heal|p1a: Politoed|57/100|[from] item: Leftovers
|upkeep
|turn|27
|
|t:|1723310614
|switch|p1a: Starmie|Starmie|100/100
|-damage|p1a: Starmie|88/100|[from] Spikes
|-damage|p1a: Starmie|76/100|[from] Stealth Rock
|move|p2a: Latias|Calm Mind|p2a: Latias
|-boost|p2a: Latias|spa|1
|-boost|p2a: Latias|spd|1
|
|-weather|Sandstorm|[upkeep]
|-damage|p1a: Starmie|70/100|[from] Sandstorm
|-damage|p2a: Latias|82/100|[from] Sandstorm
|-heal|p2a: Latias|88/100|[from] item: Leftovers
|upkeep
|turn|28
|
|t:|1723310627
|switch|p2a: Skarmory|Skarmory, M|13/100
|-damage|p2a: Skarmory|0 fnt|[from] Stealth Rock
|faint|p2a: Skarmory
|move|p1a: Starmie|Rapid Spin|p2: Skarmory|[notarget]
|-fail|p1a: Starmie
|
|-weather|Sandstorm|[upkeep]
|-damage|p1a: Starmie|64/100|[from] Sandstorm
|upkeep
|
|t:|1723310664
|switch|p2a: Hippowdon|Hippowdon, F|51/100
|-damage|p2a: Hippowdon|45/100|[from] Stealth Rock
|turn|29
|
|t:|1723310679
|move|p1a: Starmie|Rapid Spin|p2a: Hippowdon
|-damage|p2a: Hippowdon|43/100
|-sideend|p1: leoperi99|Spikes|[from] move: Rapid Spin|[of] p1a: Starmie
|-sideend|p1: leoperi99|Stealth Rock|[from] move: Rapid Spin|[of] p1a: Starmie
|move|p2a: Hippowdon|Earthquake|p1a: Starmie
|-damage|p1a: Starmie|4/100
|
|-weather|Sandstorm|[upkeep]
|-damage|p1a: Starmie|0 fnt|[from] Sandstorm
|faint|p1a: Starmie
|upkeep
|
|t:|1723310683
|switch|p1a: Politoed|Politoed, F|57/100
|-weather|RainDance|[from] ability: Drizzle|[of] p1a: Politoed
|turn|30
|
|t:|1723310687
|switch|p1a: Tornadus|Tornadus, M|100/100
|switch|p2a: Clefable|Clefable, M|100/100
|
|-weather|RainDance|[upkeep]
|upkeep
|turn|31
|
|t:|1723310692
|move|p1a: Tornadus|Hurricane|p2a: Clefable
|-damage|p2a: Clefable|59/100
|-start|p2a: Clefable|confusion
|-activate|p2a: Clefable|confusion
|-damage|p2a: Clefable|51/100|[from] confusion
|
|-weather|RainDance|[upkeep]
|upkeep
|turn|32
|
|t:|1723310699
|switch|p2a: Hippowdon|Hippowdon, F|43/100
|-damage|p2a: Hippowdon|36/100|[from] Stealth Rock
|-weather|Sandstorm|[from] ability: Sand Stream|[of] p2a: Hippowdon
|move|p1a: Tornadus|Superpower|p2a: Hippowdon
|-crit|p2a: Hippowdon
|-damage|p2a: Hippowdon|0 fnt
|-unboost|p1a: Tornadus|atk|1
|-unboost|p1a: Tornadus|def|1
|faint|p2a: Hippowdon
|
|-weather|Sandstorm|[upkeep]
|-damage|p1a: Tornadus|94/100|[from] Sandstorm
|-heal|p1a: Tornadus|100/100|[from] item: Leftovers
|upkeep
|
|t:|1723310707
|switch|p2a: Rotom|Rotom-Wash|89/100
|-damage|p2a: Rotom|76/100|[from] Stealth Rock
|turn|33
|
|t:|1723310711
|move|p1a: Tornadus|Protect|p1a: Tornadus
|-singleturn|p1a: Tornadus|Protect
|move|p2a: Rotom|Will-O-Wisp|p1a: Tornadus
|-activate|p1a: Tornadus|move: Protect
|
|-weather|Sandstorm|[upkeep]
|-damage|p1a: Tornadus|94/100|[from] Sandstorm
|-damage|p2a: Rotom|70/100|[from] Sandstorm
|-heal|p1a: Tornadus|100/100|[from] item: Leftovers
|-heal|p2a: Rotom|76/100|[from] item: Leftovers
|upkeep
|turn|34
|
|t:|1723310717
|switch|p1a: Politoed|Politoed, F|57/100
|-weather|RainDance|[from] ability: Drizzle|[of] p1a: Politoed
|move|p2a: Rotom|Will-O-Wisp|p1a: Politoed
|-status|p1a: Politoed|brn
|
|-weather|RainDance|[upkeep]
|-heal|p2a: Rotom|83/100|[from] item: Leftovers
|-heal|p1a: Politoed|63/100 brn|[from] item: Leftovers
|-damage|p1a: Politoed|50/100 brn|[from] brn
|upkeep
|turn|35
|
|t:|1723310723
|switch|p2a: Latias|Latias, F|88/100
|-damage|p2a: Latias|76/100|[from] Stealth Rock
|move|p1a: Politoed|Scald|p2a: Latias
|-resisted|p2a: Latias
|-damage|p2a: Latias|60/100
|
|-weather|RainDance|[upkeep]
|-heal|p2a: Latias|66/100|[from] item: Leftovers
|-heal|p1a: Politoed|57/100 brn|[from] item: Leftovers
|-damage|p1a: Politoed|44/100 brn|[from] brn
|upkeep
|turn|36
|
|t:|1723310730
|move|p2a: Latias|Recover|p2a: Latias
|-heal|p2a: Latias|100/100
|move|p1a: Politoed|Encore|p2a: Latias
|-start|p2a: Latias|Encore
|
|-weather|RainDance|[upkeep]
|-heal|p1a: Politoed|50/100 brn|[from] item: Leftovers
|-damage|p1a: Politoed|38/100 brn|[from] brn
|upkeep
|turn|37
|
|t:|1723310735
|switch|p2a: Clefable|Clefable, M|51/100
|switch|p1a: Tornadus|Tornadus, M|100/100
|
|-weather|RainDance|[upkeep]
|upkeep
|turn|38
|
|t:|1723310738
|switch|p2a: Rotom|Rotom-Wash|83/100
|-damage|p2a: Rotom|70/100|[from] Stealth Rock
|move|p1a: Tornadus|Superpower|p2a: Rotom
|-damage|p2a: Rotom|46/100
|-unboost|p1a: Tornadus|atk|1
|-unboost|p1a: Tornadus|def|1
|
|-weather|RainDance|[upkeep]
|-heal|p2a: Rotom|52/100|[from] item: Leftovers
|upkeep
|turn|39
|
|t:|1723310746
|move|p1a: Tornadus|U-turn|p2a: Rotom
|-damage|p2a: Rotom|43/100
|
|t:|1723310748
|switch|p1a: Lanturn|Lanturn, M|55/100|[from] U-turn
|move|p2a: Rotom|Will-O-Wisp|p1a: Lanturn|[miss]
|-miss|p2a: Rotom|p1a: Lanturn
|
|-weather|RainDance|[upkeep]
|-heal|p2a: Rotom|49/100|[from] item: Leftovers
|-heal|p1a: Lanturn|61/100|[from] item: Leftovers
|upkeep
|turn|40
|
|t:|1723310753
|move|p2a: Rotom|Pain Split|p1a: Lanturn
|-sethp|p1a: Lanturn|47/100|[from] move: Pain Split|[silent]
|-sethp|p2a: Rotom|68/100|[from] move: Pain Split
|move|p1a: Lanturn|Heal Bell|p1a: Lanturn
|-activate|p1a: Lanturn|move: Heal Bell
|-curestatus|p1: Politoed|brn|[msg]
|
|-weather|RainDance|[upkeep]
|-heal|p2a: Rotom|75/100|[from] item: Leftovers
|-heal|p1a: Lanturn|53/100|[from] item: Leftovers
|upkeep
|turn|41
|
|t:|1723310761
|move|p2a: Rotom|Hydro Pump|p1a: Lanturn|[miss]
|-miss|p2a: Rotom|p1a: Lanturn
|move|p1a: Lanturn|Thunder|p2a: Rotom
|-damage|p2a: Rotom|42/100
|
|-weather|RainDance|[upkeep]
|-heal|p2a: Rotom|48/100|[from] item: Leftovers
|-heal|p1a: Lanturn|59/100|[from] item: Leftovers
|upkeep
|turn|42
|
|t:|1723310767
|move|p2a: Rotom|Will-O-Wisp|p1a: Lanturn|[miss]
|-miss|p2a: Rotom|p1a: Lanturn
|move|p1a: Lanturn|Volt Switch|p2a: Rotom
|-damage|p2a: Rotom|28/100
|
|t:|1723310771
|switch|p1a: Tornadus|Tornadus, M|100/100|[from] Volt Switch
|
|-weather|RainDance|[upkeep]
|-heal|p2a: Rotom|34/100|[from] item: Leftovers
|upkeep
|turn|43
|
|t:|1723310777
|move|p1a: Tornadus|U-turn|p2a: Rotom
|-damage|p2a: Rotom|19/100
|
|t:|1723310779
|switch|p1a: Lanturn|Lanturn, M|59/100|[from] U-turn
|move|p2a: Rotom|Volt Switch|p1a: Lanturn
|-heal|p1a: Lanturn|84/100|[from] ability: Volt Absorb|[of] p2a: Rotom
|
|-weather|RainDance|[upkeep]
|-heal|p2a: Rotom|25/100|[from] item: Leftovers
|-heal|p1a: Lanturn|90/100|[from] item: Leftovers
|upkeep
|turn|44
|
|t:|1723310786
|move|p2a: Rotom|Pain Split|p1a: Lanturn
|-sethp|p1a: Lanturn|54/100|[from] move: Pain Split|[silent]
|-sethp|p2a: Rotom|78/100|[from] move: Pain Split
|move|p1a: Lanturn|Thunder|p2a: Rotom
|-crit|p2a: Rotom
|-damage|p2a: Rotom|15/100
|-status|p2a: Rotom|par
|
|-weather|RainDance|[upkeep]
|-heal|p1a: Lanturn|60/100|[from] item: Leftovers
|-heal|p2a: Rotom|21/100 par|[from] item: Leftovers
|upkeep
|turn|45
|
|t:|1723310800
|move|p1a: Lanturn|Volt Switch|p2a: Rotom
|-damage|p2a: Rotom|3/100 par
|
|t:|1723310803
|switch|p1a: Mamoswine|Mamoswine, F|48/100|[from] Volt Switch
|move|p2a: Rotom|Pain Split|p1a: Mamoswine
|-sethp|p1a: Mamoswine|25/100|[from] move: Pain Split|[silent]
|-sethp|p2a: Rotom|30/100 par|[from] move: Pain Split
|
|-weather|RainDance|[upkeep]
|-heal|p2a: Rotom|36/100 par|[from] item: Leftovers
|upkeep
|turn|46
|
|t:|1723310811
|move|p1a: Mamoswine|Icicle Crash|p2a: Rotom
|-resisted|p2a: Rotom
|-damage|p2a: Rotom|12/100 par
|move|p2a: Rotom|Will-O-Wisp|p1a: Mamoswine
|-status|p1a: Mamoswine|brn
|
|-weather|RainDance|[upkeep]
|-heal|p2a: Rotom|18/100 par|[from] item: Leftovers
|-damage|p1a: Mamoswine|13/100 brn|[from] brn
|upkeep
|turn|47
|
|t:|1723310817
|switch|p1a: Lanturn|Lanturn, M|60/100
|switch|p2a: Mew|Mew|100/100
|-damage|p2a: Mew|88/100|[from] Stealth Rock
|
|-weather|RainDance|[upkeep]
|-heal|p2a: Mew|94/100|[from] item: Leftovers
|-heal|p1a: Lanturn|66/100|[from] item: Leftovers
|upkeep
|turn|48
|
|t:|1723310822
|switch|p2a: Latias|Latias, F|100/100
|-damage|p2a: Latias|88/100|[from] Stealth Rock
|move|p1a: Lanturn|Heal Bell|p1a: Lanturn
|-activate|p1a: Lanturn|move: Heal Bell
|-curestatus|p1: Mamoswine|brn|[msg]
|
|-weather|RainDance|[upkeep]
|-heal|p2a: Latias|94/100|[from] item: Leftovers
|-heal|p1a: Lanturn|72/100|[from] item: Leftovers
|upkeep
|turn|49
|
|t:|1723310827
|move|p2a: Latias|Calm Mind|p2a: Latias
|-boost|p2a: Latias|spa|1
|-boost|p2a: Latias|spd|1
|move|p1a: Lanturn|Thunder|p2a: Latias
|-resisted|p2a: Latias
|-damage|p2a: Latias|86/100
|
|-weather|RainDance|[upkeep]
|-heal|p2a: Latias|92/100|[from] item: Leftovers
|-heal|p1a: Lanturn|78/100|[from] item: Leftovers
|upkeep
|turn|50
|
|t:|1723310832
|move|p2a: Latias|Calm Mind|p2a: Latias
|-boost|p2a: Latias|spa|1
|-boost|p2a: Latias|spd|1
|move|p1a: Lanturn|Volt Switch|p2a: Latias
|-resisted|p2a: Latias
|-damage|p2a: Latias|88/100
|l| Sun Yagami.
|
|t:|1723310834
|switch|p1a: Politoed|Politoed, F|38/100|[from] Volt Switch
|
|-weather|RainDance|[upkeep]
|-heal|p2a: Latias|94/100|[from] item: Leftovers
|-heal|p1a: Politoed|44/100|[from] item: Leftovers
|upkeep
|turn|51
|
|t:|1723310838
|move|p1a: Politoed|Protect|p1a: Politoed
|-singleturn|p1a: Politoed|Protect
|move|p2a: Latias|Dragon Pulse|p1a: Politoed
|-activate|p1a: Politoed|move: Protect
|
|-weather|RainDance|[upkeep]
|-heal|p2a: Latias|100/100|[from] item: Leftovers
|-heal|p1a: Politoed|50/100|[from] item: Leftovers
|upkeep
|turn|52
|
|t:|1723310840
|move|p2a: Latias|Dragon Pulse|p1a: Politoed
|-damage|p1a: Politoed|0 fnt
|faint|p1a: Politoed
|
|-weather|RainDance|[upkeep]
|upkeep
|
|t:|1723310843
|switch|p1a: Lanturn|Lanturn, M|78/100
|turn|53
|
|t:|1723310859
|move|p2a: Latias|Dragon Pulse|p1a: Lanturn
|-damage|p1a: Lanturn|20/100
|move|p1a: Lanturn|Thunder|p2a: Latias
|-resisted|p2a: Latias
|-damage|p2a: Latias|94/100
|
|-weather|RainDance|[upkeep]
|-heal|p2a: Latias|99/100|[from] item: Leftovers
|-heal|p1a: Lanturn|26/100|[from] item: Leftovers
|upkeep
|turn|54
|c|☆leoperi99|ofc no para
|
|t:|1723310866
|move|p2a: Latias|Dragon Pulse|p1a: Lanturn
|-damage|p1a: Lanturn|0 fnt
|faint|p1a: Lanturn
|
|-weather|RainDance|[upkeep]
|-heal|p2a: Latias|100/100|[from] item: Leftovers
|upkeep
|
|t:|1723310868
|switch|p1a: Tornadus|Tornadus, M|100/100
|turn|55
|
|t:|1723310871
|move|p1a: Tornadus|Hurricane|p2a: Latias
|-damage|p2a: Latias|76/100
|move|p2a: Latias|Dragon Pulse|p1a: Tornadus
|-damage|p1a: Tornadus|0 fnt
|faint|p1a: Tornadus
|
|-weather|RainDance|[upkeep]
|-heal|p2a: Latias|82/100|[from] item: Leftovers
|upkeep
|
|t:|1723310874
|switch|p1a: Mamoswine|Mamoswine, F|13/100
|turn|56
|
|t:|1723310877
|move|p1a: Mamoswine|Ice Shard|p2a: Latias
|-supereffective|p2a: Latias
|-damage|p2a: Latias|29/100
|move|p2a: Latias|Dragon Pulse|p1a: Mamoswine
|-damage|p1a: Mamoswine|0 fnt
|faint|p1a: Mamoswine
|
|win|roadto10kbwgames
|raw|leoperi99's rating: 1446 &rarr; <strong>1418</strong><br />(-28 for losing)
|raw|roadto10kbwgames's rating: 1293 &rarr; <strong>1328</strong><br />(+35 for winning)
|c|☆leoperi99|u are so lucky
|l|☆leoperi99
|player|p1|
