|j|☆el janitor
|j|☆banlangen
|t:|1711251694
|gametype|singles
|player|p1|el janitor|burglar|1458
|player|p2|banlangen|2|1337
|teamsize|p1|6
|teamsize|p2|6
|gen|5
|tier|[Gen 5] OU
|rated|
|rule|Species Clause: Limit one of each Pokémon
|rule|OHKO Clause: OHKO moves are banned
|rule|Moody Clause: Moody is banned
|rule|Evasion Items Clause: Evasion items are banned
|rule|Evasion Moves Clause: Evasion moves are banned
|rule|Endless Battle Clause: Forcing endless battles is banned
|rule|HP Percentage Mod: HP is shown in percentages
|rule|Evasion Abilities Clause: Evasion abilities are banned
|rule|Sleep Moves Clause: Sleep-inducing moves are banned
|rule|Swagger Clause: Swagger is banned
|rule|Baton Pass Stat Clause: No Baton Passer may have a way to boost its stats
|clearpoke
|poke|p1|Politoed, F|item
|poke|p1|Landorus-Therian, M|item
|poke|p1|Tentacruel, F|item
|poke|p1|Toxicroak, F|item
|poke|p1|Tornadus, M|item
|poke|p1|Ferrothorn, M|item
|poke|p2|Yanmega, F|item
|poke|p2|Forretress, F|item
|poke|p2|Ninetales, F|item
|poke|p2|Infernape, F|item
|poke|p2|Latios, M|item
|poke|p2|Espeon, F|item
|teampreview
|inactive|Battle timer is ON: inactive players will automatically lose when time's up. (requested by el janitor)
|
|t:|1711251703
|start
|switch|p1a: Politoed|Politoed, F|100/100
|switch|p2a: Forretress|Forretress, F|100/100
|-weather|RainDance|[from] ability: Drizzle|[of] p1a: Politoed
|turn|1
|
|t:|1711251711
|switch|p2a: Ninetales|Ninetales, F|100/100
|-weather|SunnyDay|[from] ability: Drought|[of] p2a: Ninetales
|move|p1a: Politoed|Scald|p2a: Ninetales
|-supereffective|p2a: Ninetales
|-damage|p2a: Ninetales|83/100
|
|-weather|SunnyDay|[upkeep]
|-heal|p2a: Ninetales|89/100|[from] item: Leftovers
|upkeep
|turn|2
|
|t:|1711251723
|switch|p2a: Forretress|Forretress, F|100/100
|switch|p1a: Tentacruel|Tentacruel, F|100/100
|
|-weather|SunnyDay|[upkeep]
|upkeep
|turn|3
|
|t:|1711251731
|move|p1a: Tentacruel|Toxic Spikes|p2a: Forretress
|-sidestart|p2: banlangen|move: Toxic Spikes
|move|p2a: Forretress|Stealth Rock|p1a: Tentacruel
|-sidestart|p1: el janitor|move: Stealth Rock
|
|-weather|SunnyDay|[upkeep]
|upkeep
|turn|4
|
|t:|1711251738
|move|p1a: Tentacruel|Rapid Spin|p2a: Forretress
|-resisted|p2a: Forretress
|-damage|p2a: Forretress|99/100
|-damage|p1a: Tentacruel|84/100|[from] item: Rocky Helmet|[of] p2a: Forretress
|-sideend|p1: el janitor|Stealth Rock|[from] move: Rapid Spin|[of] p1a: Tentacruel
|move|p2a: Forretress|Rapid Spin|p1a: Tentacruel
|-damage|p1a: Tentacruel|80/100
|-sideend|p2: banlangen|Toxic Spikes|[from] move: Rapid Spin|[of] p2a: Forretress
|
|-weather|SunnyDay|[upkeep]
|-heal|p1a: Tentacruel|86/100|[from] item: Black Sludge
|upkeep
|turn|5
|
|t:|1711251753
|switch|p1a: Politoed|Politoed, F|100/100
|-weather|RainDance|[from] ability: Drizzle|[of] p1a: Politoed
|switch|p2a: Espeon|Espeon, F|100/100
|
|-weather|RainDance|[upkeep]
|upkeep
|turn|6
|
|t:|1711251764
|switch|p2a: Ninetales|Ninetales, F|89/100
|-weather|SunnyDay|[from] ability: Drought|[of] p2a: Ninetales
|move|p1a: Politoed|Scald|p2a: Ninetales
|-supereffective|p2a: Ninetales
|-damage|p2a: Ninetales|73/100
|
|-weather|SunnyDay|[upkeep]
|-heal|p2a: Ninetales|79/100|[from] item: Leftovers
|upkeep
|turn|7
|
|t:|1711251777
|switch|p1a: Tentacruel|Tentacruel, F|86/100
|move|p2a: Ninetales|Will-O-Wisp|p1a: Tentacruel
|-status|p1a: Tentacruel|brn
|
|-weather|SunnyDay|[upkeep]
|-heal|p1a: Tentacruel|92/100 brn|[from] item: Black Sludge
|-heal|p2a: Ninetales|85/100|[from] item: Leftovers
|-damage|p1a: Tentacruel|79/100 brn|[from] brn
|upkeep
|turn|8
|
|t:|1711251790
|switch|p2a: Espeon|Espeon, F|100/100
|move|p1a: Tentacruel|Scald|p2a: Espeon
|-damage|p2a: Espeon|89/100
|
|-weather|SunnyDay|[upkeep]
|-heal|p2a: Espeon|95/100|[from] item: Leftovers
|-heal|p1a: Tentacruel|85/100 brn|[from] item: Black Sludge
|-damage|p1a: Tentacruel|73/100 brn|[from] brn
|upkeep
|turn|9
|
|t:|1711251801
|switch|p1a: Politoed|Politoed, F|100/100
|-weather|RainDance|[from] ability: Drizzle|[of] p1a: Politoed
|move|p2a: Espeon|Future Sight|p1a: Politoed
|-start|p2a: Espeon|move: Future Sight
|
|-weather|RainDance|[upkeep]
|-heal|p2a: Espeon|100/100|[from] item: Leftovers
|upkeep
|turn|10
|
|t:|1711251810
|move|p2a: Espeon|Wish|p2a: Espeon
|move|p1a: Politoed|Toxic|p2a: Espeon
|move|p2a: Espeon|Toxic|p1a: Politoed|[from]ability: Magic Bounce
|-status|p1a: Politoed|tox
|
|-weather|RainDance|[upkeep]
|-damage|p1a: Politoed|94/100 tox|[from] psn
|upkeep
|turn|11
|
|t:|1711251820
|switch|p2a: Ninetales|Ninetales, F|85/100
|-weather|SunnyDay|[from] ability: Drought|[of] p2a: Ninetales
|switch|p1a: Landorus|Landorus-Therian, M|100/100
|-ability|p1a: Landorus|Intimidate|boost
|-unboost|p2a: Ninetales|atk|1
|
|-weather|SunnyDay|[upkeep]
|-end|p1a: Landorus|move: Future Sight
|-damage|p1a: Landorus|40/100
|-heal|p2a: Ninetales|100/100|[from] move: Wish|[wisher] Espeon
|upkeep
|turn|12
|
|t:|1711251834
|move|p2a: Ninetales|Protect|p2a: Ninetales
|-singleturn|p2a: Ninetales|Protect
|move|p1a: Landorus|U-turn|p2a: Ninetales
|-activate|p2a: Ninetales|move: Protect
|
|-weather|SunnyDay|[upkeep]
|upkeep
|turn|13
|
|t:|1711251842
|move|p1a: Landorus|U-turn|p2a: Ninetales
|-resisted|p2a: Ninetales
|-damage|p2a: Ninetales|86/100
|
|t:|1711251844
|switch|p1a: Politoed|Politoed, F|94/100 tox|[from] U-turn
|-weather|RainDance|[from] ability: Drizzle|[of] p1a: Politoed
|move|p2a: Ninetales|Will-O-Wisp|p1a: Politoed|[miss]
|-miss|p2a: Ninetales|p1a: Politoed
|
|-weather|RainDance|[upkeep]
|-heal|p2a: Ninetales|92/100|[from] item: Leftovers
|-heal|p1a: Politoed|100/100 tox|[from] item: Leftovers
|-damage|p1a: Politoed|94/100 tox|[from] psn
|upkeep
|turn|14
|
|t:|1711251857
|switch|p2a: Latios|Latios, M|100/100
|move|p1a: Politoed|Toxic|p2a: Latios
|-status|p2a: Latios|tox
|
|-weather|RainDance|[upkeep]
|-heal|p1a: Politoed|100/100 tox|[from] item: Leftovers
|-damage|p2a: Latios|95/100 tox|[from] psn
|-damage|p1a: Politoed|88/100 tox|[from] psn
|upkeep
|turn|15
|
|t:|1711251869
|switch|p2a: Ninetales|Ninetales, F|92/100
|-weather|SunnyDay|[from] ability: Drought|[of] p2a: Ninetales
|switch|p1a: Ferrothorn|Ferrothorn, M|100/100
|
|-weather|SunnyDay|[upkeep]
|-heal|p2a: Ninetales|98/100|[from] item: Leftovers
|upkeep
|turn|16
|
|t:|1711251880
|switch|p2a: Espeon|Espeon, F|100/100
|switch|p1a: Tentacruel|Tentacruel, F|73/100 brn
|
|-weather|SunnyDay|[upkeep]
|-heal|p1a: Tentacruel|79/100 brn|[from] item: Black Sludge
|-damage|p1a: Tentacruel|67/100 brn|[from] brn
|upkeep
|turn|17
|
|t:|1711251890
|switch|p1a: Landorus|Landorus-Therian, M|40/100
|-ability|p1a: Landorus|Intimidate|boost
|-unboost|p2a: Espeon|atk|1
|move|p2a: Espeon|Future Sight|p1a: Landorus
|-start|p2a: Espeon|move: Future Sight
|
|-weather|SunnyDay|[upkeep]
|upkeep
|turn|18
|
|t:|1711251899
|move|p2a: Espeon|Protect|p2a: Espeon
|-singleturn|p2a: Espeon|Protect
|move|p1a: Landorus|U-turn|p2a: Espeon
|-activate|p2a: Espeon|move: Protect
|
|-weather|SunnyDay|[upkeep]
|upkeep
|turn|19
|
|t:|1711251909
|move|p1a: Landorus|U-turn|p2a: Espeon
|-supereffective|p2a: Espeon
|-damage|p2a: Espeon|47/100
|
|t:|1711251919
|switch|p1a: Ferrothorn|Ferrothorn, M|100/100|[from] U-turn
|move|p2a: Espeon|Wish|p2a: Espeon
|
|-weather|SunnyDay|[upkeep]
|-end|p1a: Ferrothorn|move: Future Sight
|-resisted|p1a: Ferrothorn
|-damage|p1a: Ferrothorn|88/100
|-heal|p2a: Espeon|53/100|[from] item: Leftovers
|-heal|p1a: Ferrothorn|94/100|[from] item: Leftovers
|upkeep
|turn|20
|
|t:|1711251931
|switch|p1a: Politoed|Politoed, F|88/100 tox
|-weather|RainDance|[from] ability: Drizzle|[of] p1a: Politoed
|move|p2a: Espeon|Hidden Power|p1a: Politoed
|-resisted|p1a: Politoed
|-damage|p1a: Politoed|84/100 tox
|
|-weather|RainDance|[upkeep]
|-heal|p2a: Espeon|100/100|[from] move: Wish|[wisher] Espeon
|-heal|p1a: Politoed|90/100 tox|[from] item: Leftovers
|-damage|p1a: Politoed|84/100 tox|[from] psn
|upkeep
|turn|21
|
|t:|1711251944
|switch|p2a: Ninetales|Ninetales, F|98/100
|-weather|SunnyDay|[from] ability: Drought|[of] p2a: Ninetales
|switch|p1a: Ferrothorn|Ferrothorn, M|94/100
|
|-weather|SunnyDay|[upkeep]
|-heal|p2a: Ninetales|100/100|[from] item: Leftovers
|-heal|p1a: Ferrothorn|99/100|[from] item: Leftovers
|upkeep
|turn|22
|
|t:|1711251956
|switch|p2a: Espeon|Espeon, F|100/100
|switch|p1a: Politoed|Politoed, F|84/100 tox
|-weather|RainDance|[from] ability: Drizzle|[of] p1a: Politoed
|
|-weather|RainDance|[upkeep]
|-heal|p1a: Politoed|90/100 tox|[from] item: Leftovers
|-damage|p1a: Politoed|84/100 tox|[from] psn
|upkeep
|turn|23
|
|t:|1711251967
|switch|p1a: Landorus|Landorus-Therian, M|40/100
|-ability|p1a: Landorus|Intimidate|boost
|-unboost|p2a: Espeon|atk|1
|move|p2a: Espeon|Future Sight|p1a: Landorus
|-start|p2a: Espeon|move: Future Sight
|
|-weather|RainDance|[upkeep]
|upkeep
|turn|24
|
|t:|1711251974
|move|p2a: Espeon|Protect|p2a: Espeon
|-singleturn|p2a: Espeon|Protect
|move|p1a: Landorus|U-turn|p2a: Espeon
|-activate|p2a: Espeon|move: Protect
|
|-weather|RainDance|[upkeep]
|upkeep
|turn|25
|
|t:|1711251981
|move|p1a: Landorus|U-turn|p2a: Espeon
|-supereffective|p2a: Espeon
|-damage|p2a: Espeon|52/100
|
|t:|1711251984
|switch|p1a: Ferrothorn|Ferrothorn, M|99/100|[from] U-turn
|move|p2a: Espeon|Wish|p2a: Espeon
|
|-weather|RainDance|[upkeep]
|-end|p1a: Ferrothorn|move: Future Sight
|-resisted|p1a: Ferrothorn
|-damage|p1a: Ferrothorn|87/100
|-heal|p2a: Espeon|58/100|[from] item: Leftovers
|-heal|p1a: Ferrothorn|93/100|[from] item: Leftovers
|upkeep
|turn|26
|
|t:|1711252008
|switch|p1a: Tornadus|Tornadus, M|100/100
|move|p2a: Espeon|Hidden Power|p1a: Tornadus
|-damage|p1a: Tornadus|87/100
|
|-weather|RainDance|[upkeep]
|-heal|p2a: Espeon|100/100|[from] move: Wish|[wisher] Espeon
|upkeep
|turn|27
|
|t:|1711252025
|switch|p2a: Ninetales|Ninetales, F|100/100
|-weather|SunnyDay|[from] ability: Drought|[of] p2a: Ninetales
|move|p1a: Tornadus|Hurricane|p2a: Ninetales|[miss]
|-miss|p1a: Tornadus|p2a: Ninetales
|
|-weather|SunnyDay|[upkeep]
|upkeep
|turn|28
|
|t:|1711252042
|switch|p1a: Politoed|Politoed, F|84/100 tox
|-weather|RainDance|[from] ability: Drizzle|[of] p1a: Politoed
|switch|p2a: Latios|Latios, M|95/100 tox
|
|-weather|RainDance|[upkeep]
|-heal|p1a: Politoed|90/100 tox|[from] item: Leftovers
|-damage|p2a: Latios|89/100 tox|[from] psn
|-damage|p1a: Politoed|84/100 tox|[from] psn
|upkeep
|turn|29
|
|t:|1711252054
|switch|p1a: Ferrothorn|Ferrothorn, M|93/100
|move|p2a: Latios|Draco Meteor|p1a: Ferrothorn|[miss]
|-miss|p2a: Latios|p1a: Ferrothorn
|
|-weather|RainDance|[upkeep]
|-heal|p1a: Ferrothorn|99/100|[from] item: Leftovers
|-damage|p2a: Latios|77/100 tox|[from] psn
|upkeep
|turn|30
|
|t:|1711252065
|switch|p2a: Espeon|Espeon, F|100/100
|move|p1a: Ferrothorn|Gyro Ball|p2a: Espeon
|-damage|p2a: Espeon|51/100
|
|-weather|RainDance|[upkeep]
|-heal|p2a: Espeon|57/100|[from] item: Leftovers
|-heal|p1a: Ferrothorn|100/100|[from] item: Leftovers
|upkeep
|turn|31
|
|t:|1711252078
|switch|p1a: Landorus|Landorus-Therian, M|40/100
|-ability|p1a: Landorus|Intimidate|boost
|-unboost|p2a: Espeon|atk|1
|move|p2a: Espeon|Wish|p2a: Espeon
|
|-weather|RainDance|[upkeep]
|-heal|p2a: Espeon|63/100|[from] item: Leftovers
|upkeep
|turn|32
|
|t:|1711252087
|move|p2a: Espeon|Protect|p2a: Espeon
|-singleturn|p2a: Espeon|Protect
|move|p1a: Landorus|U-turn|p2a: Espeon
|-activate|p2a: Espeon|move: Protect
|
|-weather|RainDance|[upkeep]
|-heal|p2a: Espeon|100/100|[from] move: Wish|[wisher] Espeon
|upkeep
|turn|33
|
|t:|1711252096
|switch|p2a: Forretress|Forretress, F|99/100
|move|p1a: Landorus|U-turn|p2a: Forretress
|-resisted|p2a: Forretress
|-damage|p2a: Forretress|93/100
|-damage|p1a: Landorus|23/100|[from] item: Rocky Helmet|[of] p2a: Forretress
|
|t:|1711252103
|switch|p1a: Tornadus|Tornadus, M|87/100|[from] U-turn
|
|-weather|RainDance|[upkeep]
|upkeep
|turn|34
|
|t:|1711252109
|switch|p2a: Ninetales|Ninetales, F|100/100
|-weather|SunnyDay|[from] ability: Drought|[of] p2a: Ninetales
|move|p1a: Tornadus|Hurricane|p2a: Ninetales
|-damage|p2a: Ninetales|39/100
|-start|p2a: Ninetales|confusion
|
|-weather|SunnyDay|[upkeep]
|-heal|p2a: Ninetales|45/100|[from] item: Leftovers
|upkeep
|turn|35
|
|t:|1711252125
|switch|p1a: Politoed|Politoed, F|84/100 tox
|-weather|RainDance|[from] ability: Drizzle|[of] p1a: Politoed
|switch|p2a: Latios|Latios, M|77/100 tox
|
|-weather|RainDance|[upkeep]
|-heal|p1a: Politoed|90/100 tox|[from] item: Leftovers
|-damage|p2a: Latios|71/100 tox|[from] psn
|-damage|p1a: Politoed|84/100 tox|[from] psn
|upkeep
|turn|36
|
|t:|1711252137
|switch|p2a: Ninetales|Ninetales, F|45/100
|-weather|SunnyDay|[from] ability: Drought|[of] p2a: Ninetales
|switch|p1a: Ferrothorn|Ferrothorn, M|100/100
|
|-weather|SunnyDay|[upkeep]
|-heal|p2a: Ninetales|51/100|[from] item: Leftovers
|upkeep
|turn|37
|
|t:|1711252149
|switch|p2a: Forretress|Forretress, F|93/100
|switch|p1a: Politoed|Politoed, F|84/100 tox
|-weather|RainDance|[from] ability: Drizzle|[of] p1a: Politoed
|
|-weather|RainDance|[upkeep]
|-heal|p1a: Politoed|90/100 tox|[from] item: Leftovers
|-damage|p1a: Politoed|84/100 tox|[from] psn
|upkeep
|turn|38
|
|t:|1711252156
|switch|p1a: Tentacruel|Tentacruel, F|67/100 brn
|move|p2a: Forretress|Stealth Rock|p1a: Tentacruel
|-sidestart|p1: el janitor|move: Stealth Rock
|
|-weather|RainDance|[upkeep]
|-heal|p1a: Tentacruel|73/100 brn|[from] ability: Rain Dish
|-heal|p1a: Tentacruel|79/100 brn|[from] item: Black Sludge
|-damage|p1a: Tentacruel|66/100 brn|[from] brn
|upkeep
|turn|39
|
|t:|1711252165
|move|p1a: Tentacruel|Rapid Spin|p2a: Forretress
|-resisted|p2a: Forretress
|-damage|p2a: Forretress|93/100
|-damage|p1a: Tentacruel|50/100 brn|[from] item: Rocky Helmet|[of] p2a: Forretress
|-sideend|p1: el janitor|Stealth Rock|[from] move: Rapid Spin|[of] p1a: Tentacruel
|move|p2a: Forretress|Volt Switch|p1a: Tentacruel
|-supereffective|p1a: Tentacruel
|-damage|p1a: Tentacruel|36/100 brn
|
|t:|1711252180
|switch|p2a: Ninetales|Ninetales, F|51/100|[from] Volt Switch
|-weather|SunnyDay|[from] ability: Drought|[of] p2a: Ninetales
|
|-weather|SunnyDay|[upkeep]
|-heal|p2a: Ninetales|57/100|[from] item: Leftovers
|-heal|p1a: Tentacruel|42/100 brn|[from] item: Black Sludge
|-damage|p1a: Tentacruel|30/100 brn|[from] brn
|upkeep
|turn|40
|
|t:|1711252191
|switch|p2a: Espeon|Espeon, F|100/100
|switch|p1a: Politoed|Politoed, F|84/100 tox
|-weather|RainDance|[from] ability: Drizzle|[of] p1a: Politoed
|
|-weather|RainDance|[upkeep]
|-heal|p1a: Politoed|90/100 tox|[from] item: Leftovers
|-damage|p1a: Politoed|84/100 tox|[from] psn
|upkeep
|turn|41
|
|t:|1711252202
|switch|p1a: Landorus|Landorus-Therian, M|23/100
|-ability|p1a: Landorus|Intimidate|boost
|-unboost|p2a: Espeon|atk|1
|move|p2a: Espeon|Wish|p2a: Espeon
|
|-weather|RainDance|[upkeep]
|upkeep
|turn|42
|
|t:|1711252214
|move|p1a: Landorus|U-turn|p2a: Espeon
|-supereffective|p2a: Espeon
|-damage|p2a: Espeon|47/100
|
|t:|1711252218
|switch|p1a: Tornadus|Tornadus, M|87/100|[from] U-turn
|move|p2a: Espeon|Future Sight|p1a: Tornadus
|-start|p2a: Espeon|move: Future Sight
|
|-weather|RainDance|[upkeep]
|-heal|p2a: Espeon|97/100|[from] move: Wish|[wisher] Espeon
|-heal|p2a: Espeon|100/100|[from] item: Leftovers
|upkeep
|turn|43
|
|t:|1711252241
|move|p2a: Espeon|Protect|p2a: Espeon
|-singleturn|p2a: Espeon|Protect
|move|p1a: Tornadus|Hurricane|p2a: Espeon
|-activate|p2a: Espeon|move: Protect
|
|-weather|RainDance|[upkeep]
|upkeep
|turn|44
|
|t:|1711252250
|switch|p1a: Ferrothorn|Ferrothorn, M|100/100
|move|p2a: Espeon|Wish|p2a: Espeon
|
|-weather|RainDance|[upkeep]
|-end|p1a: Ferrothorn|move: Future Sight
|-resisted|p1a: Ferrothorn
|-damage|p1a: Ferrothorn|86/100
|-heal|p1a: Ferrothorn|93/100|[from] item: Leftovers
|upkeep
|turn|45
|
|t:|1711252260
|switch|p1a: Tornadus|Tornadus, M|87/100
|move|p2a: Espeon|Future Sight|p1a: Tornadus
|-start|p2a: Espeon|move: Future Sight
|
|-weather|RainDance|[upkeep]
|upkeep
|turn|46
|
|t:|1711252271
|move|p1a: Tornadus|Hurricane|p2a: Espeon
|-damage|p2a: Espeon|6/100
|-start|p2a: Espeon|confusion
|-activate|p2a: Espeon|confusion
|move|p2a: Espeon|Wish|p2a: Espeon
|
|-weather|RainDance|[upkeep]
|-heal|p2a: Espeon|12/100|[from] item: Leftovers
|upkeep
|turn|47
|
|t:|1711252280
|switch|p1a: Ferrothorn|Ferrothorn, M|93/100
|-end|p2a: Espeon|confusion
|move|p2a: Espeon|Protect||[still]
|-fail|p2a: Espeon
|
|-weather|RainDance|[upkeep]
|-end|p1a: Ferrothorn|move: Future Sight
|-resisted|p1a: Ferrothorn
|-damage|p1a: Ferrothorn|78/100
|-heal|p2a: Espeon|62/100|[from] move: Wish|[wisher] Espeon
|-heal|p2a: Espeon|68/100|[from] item: Leftovers
|-heal|p1a: Ferrothorn|84/100|[from] item: Leftovers
|upkeep
|turn|48
|
|t:|1711252294
|switch|p2a: Forretress|Forretress, F|93/100
|switch|p1a: Tornadus|Tornadus, M|87/100
|
|-weather|RainDance|[upkeep]
|upkeep
|turn|49
|
|t:|1711252310
|switch|p2a: Latios|Latios, M|71/100 tox
|move|p1a: Tornadus|Hurricane|p2a: Latios
|-damage|p2a: Latios|0 fnt
|faint|p2a: Latios
|
|-weather|RainDance|[upkeep]
|upkeep
|inactive|banlangen has 120 seconds left.
|
|t:|1711252340
|switch|p2a: Ninetales|Ninetales, F|57/100
|-weather|SunnyDay|[from] ability: Drought|[of] p2a: Ninetales
|turn|50
|inactive|banlangen has 120 seconds left.
|
|t:|1711252347
|switch|p1a: Politoed|Politoed, F|84/100 tox
|-weather|RainDance|[from] ability: Drizzle|[of] p1a: Politoed
|switch|p2a: Forretress|Forretress, F|93/100
|
|-weather|RainDance|[upkeep]
|-heal|p1a: Politoed|90/100 tox|[from] item: Leftovers
|-damage|p1a: Politoed|84/100 tox|[from] psn
|upkeep
|turn|51
|inactive|banlangen has 120 seconds left.
|
|t:|1711252365
|switch|p1a: Tentacruel|Tentacruel, F|30/100 brn
|move|p2a: Forretress|Stealth Rock|p1a: Tentacruel
|-sidestart|p1: el janitor|move: Stealth Rock
|
|-weather|RainDance|[upkeep]
|-heal|p1a: Tentacruel|36/100 brn|[from] ability: Rain Dish
|-heal|p1a: Tentacruel|42/100 brn|[from] item: Black Sludge
|-damage|p1a: Tentacruel|30/100 brn|[from] brn
|upkeep
|turn|52
|inactive|banlangen has 120 seconds left.
|
|t:|1711252375
|move|p1a: Tentacruel|Toxic Spikes|p2a: Forretress
|-sidestart|p2: banlangen|move: Toxic Spikes
|move|p2a: Forretress|Stealth Rock||[still]
|-fail|p2a: Forretress
|
|-weather|RainDance|[upkeep]
|-heal|p1a: Tentacruel|36/100 brn|[from] ability: Rain Dish
|-heal|p1a: Tentacruel|42/100 brn|[from] item: Black Sludge
|-damage|p1a: Tentacruel|29/100 brn|[from] brn
|upkeep
|turn|53
|inactive|banlangen has 120 seconds left.
|
|t:|1711252387
|move|p1a: Tentacruel|Scald|p2a: Forretress
|-damage|p2a: Forretress|41/100
|-status|p2a: Forretress|brn
|move|p2a: Forretress|Stealth Rock||[still]
|-fail|p2a: Forretress
|
|-weather|RainDance|[upkeep]
|-heal|p1a: Tentacruel|35/100 brn|[from] ability: Rain Dish
|-heal|p1a: Tentacruel|41/100 brn|[from] item: Black Sludge
|-damage|p1a: Tentacruel|29/100 brn|[from] brn
|-damage|p2a: Forretress|28/100 brn|[from] brn
|upkeep
|turn|54
|inactive|banlangen has 120 seconds left.
|
|t:|1711252402
|move|p1a: Tentacruel|Scald|p2a: Forretress
|-damage|p2a: Forretress|0 fnt
|faint|p2a: Forretress
|
|-weather|RainDance|[upkeep]
|-heal|p1a: Tentacruel|35/100 brn|[from] ability: Rain Dish
|-heal|p1a: Tentacruel|41/100 brn|[from] item: Black Sludge
|-damage|p1a: Tentacruel|29/100 brn|[from] brn
|upkeep
|
|t:|1711252413
|switch|p2a: Yanmega|Yanmega, F|100/100
|turn|55
|
|t:|1711252417
|move|p2a: Yanmega|Protect|p2a: Yanmega
|-singleturn|p2a: Yanmega|Protect
|move|p1a: Tentacruel|Rapid Spin|p2a: Yanmega
|-activate|p2a: Yanmega|move: Protect
|
|-weather|RainDance|[upkeep]
|-heal|p1a: Tentacruel|35/100 brn|[from] ability: Rain Dish
|-heal|p1a: Tentacruel|41/100 brn|[from] item: Black Sludge
|-damage|p1a: Tentacruel|29/100 brn|[from] brn
|-ability|p2a: Yanmega|Speed Boost|boost
|-boost|p2a: Yanmega|spe|1
|upkeep
|turn|56
|inactive|banlangen has 120 seconds left.
|
|t:|1711252429
|move|p2a: Yanmega|Air Slash|p1a: Tentacruel
|-damage|p1a: Tentacruel|0 fnt
|faint|p1a: Tentacruel
|-damage|p2a: Yanmega|91/100|[from] item: Life Orb
|
|-weather|RainDance|[upkeep]
|-ability|p2a: Yanmega|Speed Boost|boost
|-boost|p2a: Yanmega|spe|1
|upkeep
|
|t:|1711252439
|switch|p1a: Ferrothorn|Ferrothorn, M|84/100
|-damage|p1a: Ferrothorn|78/100|[from] Stealth Rock
|turn|57
|
|t:|1711252446
|switch|p2a: Espeon|Espeon, F|68/100
|-status|p2a: Espeon|psn
|move|p1a: Ferrothorn|Gyro Ball|p2a: Espeon
|-damage|p2a: Espeon|25/100 psn
|
|-weather|RainDance|[upkeep]
|-heal|p2a: Espeon|31/100 psn|[from] item: Leftovers
|-heal|p1a: Ferrothorn|84/100|[from] item: Leftovers
|-damage|p2a: Espeon|18/100 psn|[from] psn
|upkeep
|turn|58
|
|t:|1711252458
|switch|p2a: Ninetales|Ninetales, F|57/100
|-status|p2a: Ninetales|psn
|-weather|SunnyDay|[from] ability: Drought|[of] p2a: Ninetales
|move|p1a: Ferrothorn|Gyro Ball|p2a: Ninetales
|-resisted|p2a: Ninetales
|-damage|p2a: Ninetales|29/100 psn
|
|-weather|SunnyDay|[upkeep]
|-heal|p2a: Ninetales|35/100 psn|[from] item: Leftovers
|-heal|p1a: Ferrothorn|91/100|[from] item: Leftovers
|-damage|p2a: Ninetales|23/100 psn|[from] psn
|upkeep
|turn|59
|inactive|banlangen has 120 seconds left.
|
|t:|1711252478
|switch|p2a: Infernape|Infernape, F|100/100
|-status|p2a: Infernape|psn
|switch|p1a: Politoed|Politoed, F|84/100 tox
|-damage|p1a: Politoed|71/100 tox|[from] Stealth Rock
|-weather|RainDance|[from] ability: Drizzle|[of] p1a: Politoed
|
|-weather|RainDance|[upkeep]
|-heal|p1a: Politoed|78/100 tox|[from] item: Leftovers
|-damage|p2a: Infernape|88/100 psn|[from] psn
|-damage|p1a: Politoed|71/100 tox|[from] psn
|upkeep
|turn|60
|inactive|banlangen has 120 seconds left.
|
|t:|1711252492
|switch|p1a: Toxicroak|Toxicroak, F|100/100
|-damage|p1a: Toxicroak|94/100|[from] Stealth Rock
|move|p2a: Infernape|Close Combat|p1a: Toxicroak
|-resisted|p1a: Toxicroak
|-damage|p1a: Toxicroak|49/100
|-unboost|p2a: Infernape|def|1
|-unboost|p2a: Infernape|spd|1
|-damage|p2a: Infernape|78/100 psn|[from] item: Life Orb
|
|-weather|RainDance|[upkeep]
|-heal|p1a: Toxicroak|61/100|[from] ability: Dry Skin
|-damage|p2a: Infernape|66/100 psn|[from] psn
|upkeep
|turn|61
|inactive|banlangen has 120 seconds left.
|
|t:|1711252508
|move|p2a: Infernape|Overheat|p1a: Toxicroak|[miss]
|-miss|p2a: Infernape|p1a: Toxicroak
|move|p1a: Toxicroak|Substitute|p1a: Toxicroak
|-start|p1a: Toxicroak|Substitute
|-damage|p1a: Toxicroak|37/100
|
|-weather|RainDance|[upkeep]
|-heal|p1a: Toxicroak|49/100|[from] ability: Dry Skin
|-damage|p2a: Infernape|54/100 psn|[from] psn
|upkeep
|turn|62
|inactive|banlangen has 120 seconds left.
|
|t:|1711252519
|switch|p2a: Yanmega|Yanmega, F|91/100
|move|p1a: Toxicroak|Swords Dance|p1a: Toxicroak
|-boost|p1a: Toxicroak|atk|2
|
|-weather|RainDance|[upkeep]
|-heal|p1a: Toxicroak|61/100|[from] ability: Dry Skin
|upkeep
|turn|63
|inactive|banlangen has 120 seconds left.
|
|t:|1711252528
|move|p1a: Toxicroak|Sucker Punch|p2a: Yanmega
|-damage|p2a: Yanmega|8/100
|-damage|p1a: Toxicroak|52/100|[from] item: Life Orb
|move|p2a: Yanmega|Bug Buzz|p1a: Toxicroak
|-resisted|p1a: Toxicroak
|-activate|p1a: Toxicroak|Substitute|[damage]
|-damage|p2a: Yanmega|0 fnt|[from] item: Life Orb
|faint|p2a: Yanmega
|
|-weather|RainDance|[upkeep]
|-heal|p1a: Toxicroak|64/100|[from] ability: Dry Skin
|upkeep
|inactive|banlangen has 120 seconds left.
|-message|banlangen forfeited.
|
|win|el janitor
|raw|el janitor's rating: 1458 &rarr; <strong>1471</strong><br />(+13 for winning)
|raw|banlangen's rating: 1337 &rarr; <strong>1324</strong><br />(-13 for losing)
|l|☆banlangen
|player|p2|
|c|☆el janitor|gg
