|j|☆i love srn
|j|☆Mizuho_poke
|player|p1|i love srn|265|1510
|player|p2|Mizuho_poke|98|1360
|teamsize|p1|6
|teamsize|p2|6
|gametype|singles
|gen|5
|tier|[Gen 5] OU
|rated|
|rule|Sleep Clause Mod: Limit one foe put to sleep
|rule|Species Clause: Limit one of each Pokémon
|rule|OHKO Clause: OHKO moves are banned
|rule|Moody Clause: Moody is banned
|rule|Evasion Moves Clause: Evasion moves are banned
|rule|Endless Battle Clause: Forcing endless battles is banned
|rule|HP Percentage Mod: HP is shown in percentages
|rule|Evasion Abilities Clause: Evasion abilities are banned
|rule|Baton Pass Clause: Limit one Baton Passer, can't pass Spe and other stats simultaneously
|rule|Swagger Clause: Swagger is banned
|clearpoke
|poke|p1|Hydreigon, F|item
|poke|p1|Skarmory, F|item
|poke|p1|Gastrodon, M|item
|poke|p1|Tyranitar, M|item
|poke|p1|Alakazam, F|item
|poke|p1|Landorus-Therian, M|item
|poke|p2|Bronzong|item
|poke|p2|Latios, M|item
|poke|p2|Garchomp, F|item
|poke|p2|Thundurus-Therian, M|item
|poke|p2|Keldeo|item
|poke|p2|Arcanine, M|item
|teampreview
|inactive|Battle timer is ON: inactive players will automatically lose when time's up. (requested by i love srn)
|inactive|Mizuho_poke has 120 seconds left.
|
|start
|switch|p1a: Gastrodon|Gastrodon, M|100/100
|switch|p2a: Thundurus|Thundurus-Therian, M, shiny|100/100
|turn|1
|
|switch|p2a: Latios|Latios, M, shiny|100/100
|move|p1a: Gastrodon|Scald|p2a: Latios
|-resisted|p2a: Latios
|-damage|p2a: Latios|86/100
|-status|p2a: Latios|brn
|
|-damage|p2a: Latios|74/100 brn|[from] brn
|upkeep
|turn|2
|
|switch|p2a: Keldeo|Keldeo|100/100
|switch|p1a: Tyranitar|Tyranitar, M|100/100
|-weather|Sandstorm|[from] ability: Sand Stream|[of] p1a: Tyranitar
|
|-weather|Sandstorm|[upkeep]
|-damage|p2a: Keldeo|94/100|[from] Sandstorm
|upkeep
|turn|3
|
|switch|p1a: Gastrodon|Gastrodon, M|100/100
|move|p2a: Keldeo|Secret Sword|p1a: Gastrodon
|-enditem|p2a: Keldeo|Fighting Gem|[from] gem|[move] Secret Sword
|-crit|p1a: Gastrodon
|-damage|p1a: Gastrodon|10/100
|
|-weather|Sandstorm|[upkeep]
|-damage|p2a: Keldeo|88/100|[from] Sandstorm
|-heal|p1a: Gastrodon|16/100|[from] item: Leftovers
|upkeep
|turn|4
|
|move|p2a: Keldeo|Secret Sword|p1a: Gastrodon
|-damage|p1a: Gastrodon|0 fnt
|faint|p1a: Gastrodon
|
|-weather|Sandstorm|[upkeep]
|-damage|p2a: Keldeo|82/100|[from] Sandstorm
|upkeep
|
|switch|p1a: Alakazam|Alakazam, F|100/100
|turn|5
|
|switch|p1a: Landorus-T|Landorus-Therian, M|100/100
|-ability|p1a: Landorus-T|Intimidate|boost
|-unboost|p2a: Keldeo|atk|1
|switch|p2a: Bronzong|Bronzong, shiny|100/100
|
|-weather|Sandstorm|[upkeep]
|upkeep
|turn|6
|
|move|p1a: Landorus-T|Stealth Rock|p2a: Bronzong
|-sidestart|p2: Mizuho_poke|move: Stealth Rock
|move|p2a: Bronzong|Hidden Power|p1a: Landorus-T
|-supereffective|p1a: Landorus-T
|-damage|p1a: Landorus-T|35/100
|
|-weather|Sandstorm|[upkeep]
|-heal|p1a: Landorus-T|41/100|[from] item: Leftovers
|upkeep
|turn|7
|
|move|p1a: Landorus-T|U-turn|p2a: Bronzong
|-damage|p2a: Bronzong|86/100
|
|switch|p1a: Skarmory|Skarmory, F|100/100|[from]move: U-turn
|move|p2a: Bronzong|Stealth Rock|p1a: Skarmory
|-sidestart|p1: i love srn|move: Stealth Rock
|
|-weather|Sandstorm|[upkeep]
|upkeep
|turn|8
|
|switch|p2a: Thundurus|Thundurus-Therian, M, shiny|100/100
|-damage|p2a: Thundurus|76/100|[from] Stealth Rock
|move|p1a: Skarmory|Spikes|p2a: Thundurus
|-sidestart|p2: Mizuho_poke|Spikes
|
|-weather|Sandstorm|[upkeep]
|-damage|p2a: Thundurus|70/100|[from] Sandstorm
|upkeep
|turn|9
|
|switch|p1a: Tyranitar|Tyranitar, M|100/100
|-damage|p1a: Tyranitar|88/100|[from] Stealth Rock
|move|p2a: Thundurus|Focus Blast|p1a: Tyranitar|[miss]
|-miss|p2a: Thundurus|p1a: Tyranitar
|
|-weather|Sandstorm|[upkeep]
|-damage|p2a: Thundurus|64/100|[from] Sandstorm
|upkeep
|turn|10
|
|move|p1a: Tyranitar|Stone Edge|p2a: Thundurus
|-supereffective|p2a: Thundurus
|-damage|p2a: Thundurus|0 fnt
|faint|p2a: Thundurus
|
|-weather|Sandstorm|[upkeep]
|upkeep
|
|switch|p2a: Garchomp|Garchomp, F, shiny|100/100
|-damage|p2a: Garchomp|88/100|[from] Spikes
|-damage|p2a: Garchomp|82/100|[from] Stealth Rock
|turn|11
|
|switch|p2a: Arcanine|Arcanine, M, shiny|100/100
|-damage|p2a: Arcanine|76/100|[from] Stealth Rock
|-damage|p2a: Arcanine|63/100|[from] Spikes
|-ability|p2a: Arcanine|Intimidate|boost
|-unboost|p1a: Tyranitar|atk|1
|switch|p1a: Skarmory|Skarmory, F|100/100
|-damage|p1a: Skarmory|88/100|[from] Stealth Rock
|
|-weather|Sandstorm|[upkeep]
|-damage|p2a: Arcanine|57/100|[from] Sandstorm
|-heal|p1a: Skarmory|94/100|[from] item: Leftovers
|upkeep
|turn|12
|
|switch|p1a: Landorus-T|Landorus-Therian, M|41/100
|-damage|p1a: Landorus-T|29/100|[from] Stealth Rock
|-ability|p1a: Landorus-T|Intimidate|boost
|-unboost|p2a: Arcanine|atk|1
|move|p2a: Arcanine|Flare Blitz|p1a: Landorus-T
|-damage|p1a: Landorus-T|0 fnt
|-damage|p2a: Arcanine|47/100|[from] Recoil
|faint|p1a: Landorus-T
|
|-weather|Sandstorm|[upkeep]
|-damage|p2a: Arcanine|41/100|[from] Sandstorm
|upkeep
|
|switch|p1a: Tyranitar|Tyranitar, M|88/100
|-damage|p1a: Tyranitar|76/100|[from] Stealth Rock
|turn|13
|
|move|p1a: Tyranitar|Crunch|p2a: Arcanine
|-damage|p2a: Arcanine|0 fnt
|faint|p2a: Arcanine
|
|-weather|Sandstorm|[upkeep]
|upkeep
|
|switch|p2a: Keldeo|Keldeo|82/100
|-damage|p2a: Keldeo|70/100|[from] Spikes
|-damage|p2a: Keldeo|63/100|[from] Stealth Rock
|turn|14
|
|move|p1a: Tyranitar|Crunch|p2a: Keldeo
|-resisted|p2a: Keldeo
|-damage|p2a: Keldeo|40/100
|-ability|p2a: Keldeo|Justified|boost
|-boost|p2a: Keldeo|atk|1
|-unboost|p2a: Keldeo|def|1
|move|p2a: Keldeo|Hydro Pump|p1a: Tyranitar|[miss]
|-miss|p2a: Keldeo|p1a: Tyranitar
|
|-weather|Sandstorm|[upkeep]
|-damage|p2a: Keldeo|34/100|[from] Sandstorm
|upkeep
|turn|15
|
|move|p1a: Tyranitar|Crunch|p2a: Keldeo
|-resisted|p2a: Keldeo
|-damage|p2a: Keldeo|0 fnt
|faint|p2a: Keldeo
|
|-weather|Sandstorm|[upkeep]
|upkeep
|
|switch|p2a: Garchomp|Garchomp, F, shiny|82/100
|-damage|p2a: Garchomp|70/100|[from] Spikes
|-damage|p2a: Garchomp|64/100|[from] Stealth Rock
|turn|16
|-message|Mizuho_poke forfeited.
|
|win|i love srn
|l|☆Mizuho_poke
|raw|i love srn's rating: 1510 &rarr; <strong>1522</strong><br />(+12 for winning)
|raw|Mizuho_poke's rating: 1360 &rarr; <strong>1348</strong><br />(-12 for losing)
