|j|☆CringLord!
|j|☆Darkortex
|t:|1717384514
|gametype|singles
|player|p1|CringLord!|caitlin|1459
|player|p2|Darkortex|hilbert|1548
|teamsize|p1|6
|teamsize|p2|6
|gen|5
|tier|[Gen 5] OU
|rated|
|rule|Species Clause: Limit one of each Pokémon
|rule|OHKO Clause: OHKO moves are banned
|rule|Moody Clause: Moody is banned
|rule|Evasion Items Clause: Evasion items are banned
|rule|Evasion Moves Clause: Evasion moves are banned
|rule|Endless Battle Clause: Forcing endless battles is banned
|rule|HP Percentage Mod: HP is shown in percentages
|rule|Evasion Abilities Clause: Evasion abilities are banned
|rule|Sleep Moves Clause: Sleep-inducing moves are banned
|rule|Swagger Clause: Swagger is banned
|rule|Baton Pass Stat Clause: No Baton Passer may have a way to boost its stats
|clearpoke
|poke|p1|Heatran, M|item
|poke|p1|Ninetales, F|item
|poke|p1|Forretress, M|item
|poke|p1|Cresselia, F|item
|poke|p1|Gliscor, F|item
|poke|p1|Blissey, F|item
|poke|p2|Ninetales, F|item
|poke|p2|Chansey, F|item
|poke|p2|Cresselia, F|item
|poke|p2|Excadrill, M|item
|poke|p2|Xatu, M|item
|poke|p2|Volcarona, F|item
|teampreview
|inactive|Battle timer is ON: inactive players will automatically lose when time's up. (requested by Darkortex)
|inactive|Darkortex has 120 seconds left.
|
|t:|1717384567
|start
|switch|p1a: Gliscor|Gliscor, F|100/100
|switch|p2a: Chansey|Chansey, F|100/100
|turn|1
|
|t:|1717384573
|move|p1a: Gliscor|Swords Dance|p1a: Gliscor
|-boost|p1a: Gliscor|atk|2
|move|p2a: Chansey|Stealth Rock|p1a: Gliscor
|-sidestart|p1: CringLord!|move: Stealth Rock
|
|-status|p1a: Gliscor|tox|[from] item: Toxic Orb
|upkeep
|turn|2
|
|t:|1717384581
|switch|p2a: Cresselia|Cresselia, F|100/100
|move|p1a: Gliscor|Swords Dance|p1a: Gliscor
|-boost|p1a: Gliscor|atk|2
|
|upkeep
|turn|3
|
|t:|1717384589
|move|p1a: Gliscor|Facade|p2a: Cresselia
|-damage|p2a: Cresselia|57/100
|move|p2a: Cresselia|Ice Beam|p1a: Gliscor
|-supereffective|p1a: Gliscor
|-damage|p1a: Gliscor|44/100 tox
|
|-heal|p2a: Cresselia|63/100|[from] item: Leftovers
|-heal|p1a: Gliscor|56/100 tox|[from] ability: Poison Heal
|upkeep
|turn|4
|
|t:|1717384600
|move|p1a: Gliscor|Protect|p1a: Gliscor
|-singleturn|p1a: Gliscor|Protect
|move|p2a: Cresselia|Moonlight|p2a: Cresselia
|-heal|p2a: Cresselia|100/100
|
|-heal|p1a: Gliscor|69/100 tox|[from] ability: Poison Heal
|upkeep
|turn|5
|
|t:|1717384607
|switch|p1a: Blissey|Blissey, F|100/100
|-damage|p1a: Blissey|88/100|[from] Stealth Rock
|move|p2a: Cresselia|Ice Beam|p1a: Blissey
|-damage|p1a: Blissey|82/100
|
|-heal|p1a: Blissey|88/100|[from] item: Leftovers
|upkeep
|turn|6
|j| amy233
|
|t:|1717384613
|switch|p2a: Xatu|Xatu, M|100/100
|move|p1a: Blissey|Stealth Rock|p2a: Xatu
|move|p2a: Xatu|Stealth Rock||[from]ability: Magic Bounce|[still]
|-fail|p2a: Xatu
|
|-heal|p1a: Blissey|95/100|[from] item: Leftovers
|upkeep
|turn|7
|
|t:|1717384620
|move|p2a: Xatu|Reflect|p2a: Xatu
|-sidestart|p2: Darkortex|Reflect
|move|p1a: Blissey|Wish|p1a: Blissey
|
|-heal|p1a: Blissey|100/100|[from] item: Leftovers
|upkeep
|turn|8
|
|t:|1717384625
|switch|p1a: Gliscor|Gliscor, F|69/100 tox
|-damage|p1a: Gliscor|56/100 tox|[from] Stealth Rock
|move|p2a: Xatu|U-turn|p1a: Gliscor
|-resisted|p1a: Gliscor
|-damage|p1a: Gliscor|51/100 tox
|
|t:|1717384627
|switch|p2a: Ninetales|Ninetales, F|100/100|[from] U-turn
|-weather|SunnyDay|[from] ability: Drought|[of] p2a: Ninetales
|
|-weather|SunnyDay|[upkeep]
|-heal|p1a: Gliscor|100/100 tox|[from] move: Wish|[wisher] Blissey
|upkeep
|turn|9
|
|t:|1717384644
|switch|p2a: Cresselia|Cresselia, F|100/100
|move|p1a: Gliscor|Swords Dance|p1a: Gliscor
|-boost|p1a: Gliscor|atk|2
|
|-weather|SunnyDay|[upkeep]
|upkeep
|turn|10
|
|t:|1717384650
|move|p1a: Gliscor|Protect|p1a: Gliscor
|-singleturn|p1a: Gliscor|Protect
|move|p2a: Cresselia|Skill Swap|p1a: Gliscor
|-activate|p1a: Gliscor|move: Protect
|
|-weather|SunnyDay|[upkeep]
|upkeep
|turn|11
|
|t:|1717384661
|switch|p1a: Forretress|Forretress, M|100/100
|-damage|p1a: Forretress|88/100|[from] Stealth Rock
|move|p2a: Cresselia|Ice Beam|p1a: Forretress
|-resisted|p1a: Forretress
|-damage|p1a: Forretress|76/100
|
|-weather|SunnyDay|[upkeep]
|-heal|p1a: Forretress|82/100|[from] item: Leftovers
|-sideend|p2: Darkortex|Reflect
|upkeep
|turn|12
|
|t:|1717384667
|switch|p2a: Xatu|Xatu, M|100/100
|move|p1a: Forretress|Rapid Spin|p2a: Xatu
|-damage|p2a: Xatu|96/100
|-damage|p1a: Forretress|66/100|[from] item: Rocky Helmet|[of] p2a: Xatu
|-sideend|p1: CringLord!|Stealth Rock|[from] move: Rapid Spin|[of] p1a: Forretress
|
|-weather|SunnyDay|[upkeep]
|-heal|p1a: Forretress|72/100|[from] item: Leftovers
|upkeep
|turn|13
|
|t:|1717384672
|move|p2a: Xatu|Night Shade|p1a: Forretress
|-damage|p1a: Forretress|44/100
|move|p1a: Forretress|Volt Switch|p2a: Xatu
|-supereffective|p2a: Xatu
|-damage|p2a: Xatu|71/100
|l| amy233
|
|t:|1717384677
|switch|p1a: Heatran|Heatran, M|100/100|[from] Volt Switch
|
|-weather|SunnyDay|[upkeep]
|upkeep
|turn|14
|
|t:|1717384680
|switch|p2a: Chansey|Chansey, F|100/100
|move|p1a: Heatran|Magma Storm|p2a: Chansey
|-damage|p2a: Chansey|71/100
|-activate|p2a: Chansey|move: Magma Storm|[of] p1a: Heatran
|
|-weather|SunnyDay|[upkeep]
|-damage|p2a: Chansey|65/100|[from] move: Magma Storm|[partiallytrapped]
|upkeep
|turn|15
|
|t:|1717384685
|move|p1a: Heatran|Taunt|p2a: Chansey
|-start|p2a: Chansey|move: Taunt
|cant|p2a: Chansey|move: Taunt|Soft-Boiled
|
|-weather|SunnyDay|[upkeep]
|-damage|p2a: Chansey|59/100|[from] move: Magma Storm|[partiallytrapped]
|upkeep
|turn|16
|
|t:|1717384691
|move|p1a: Heatran|Magma Storm|p2a: Chansey
|-damage|p2a: Chansey|30/100
|move|p2a: Chansey|Seismic Toss|p1a: Heatran
|-damage|p1a: Heatran|70/100
|
|-weather|SunnyDay|[upkeep]
|-heal|p1a: Heatran|76/100|[from] item: Leftovers
|-damage|p2a: Chansey|24/100|[from] move: Magma Storm|[partiallytrapped]
|upkeep
|turn|17
|
|t:|1717384695
|move|p1a: Heatran|Solar Beam||[still]
|-prepare|p1a: Heatran|Solar Beam
|-anim|p1a: Heatran|Solar Beam|p2a: Chansey
|-damage|p2a: Chansey|11/100
|move|p2a: Chansey|Seismic Toss|p1a: Heatran
|-damage|p1a: Heatran|45/100
|
|-weather|SunnyDay|[upkeep]
|-heal|p1a: Heatran|51/100|[from] item: Leftovers
|-damage|p2a: Chansey|5/100|[from] move: Magma Storm|[partiallytrapped]
|-end|p2a: Chansey|move: Taunt
|upkeep
|turn|18
|
|t:|1717384700
|move|p1a: Heatran|Solar Beam||[still]
|-prepare|p1a: Heatran|Solar Beam
|-anim|p1a: Heatran|Solar Beam|p2a: Chansey
|-damage|p2a: Chansey|0 fnt
|faint|p2a: Chansey
|
|-weather|SunnyDay|[upkeep]
|-heal|p1a: Heatran|57/100|[from] item: Leftovers
|upkeep
|
|t:|1717384705
|switch|p2a: Ninetales|Ninetales, F|100/100
|turn|19
|
|t:|1717384721
|switch|p1a: Blissey|Blissey, F|100/100
|move|p2a: Ninetales|Hidden Power|p1a: Blissey
|-damage|p1a: Blissey|96/100
|
|-weather|SunnyDay|[upkeep]
|-heal|p1a: Blissey|100/100|[from] item: Leftovers
|upkeep
|turn|20
|
|t:|1717384731
|switch|p2a: Excadrill|Excadrill, M|100/100
|-ability|p2a: Excadrill|Mold Breaker
|move|p1a: Blissey|Wish|p1a: Blissey
|
|-weather|SunnyDay|[upkeep]
|upkeep
|turn|21
|
|t:|1717384742
|switch|p2a: Volcarona|Volcarona, F|100/100
|switch|p1a: Forretress|Forretress, M|44/100
|
|-weather|SunnyDay|[upkeep]
|-heal|p1a: Forretress|100/100|[from] move: Wish|[wisher] Blissey
|upkeep
|turn|22
|
|t:|1717384752
|switch|p1a: Heatran|Heatran, M|57/100
|move|p2a: Volcarona|Bug Buzz|p1a: Heatran
|-resisted|p1a: Heatran
|-damage|p1a: Heatran|45/100
|
|-weather|SunnyDay|[upkeep]
|-heal|p1a: Heatran|51/100|[from] item: Leftovers
|upkeep
|turn|23
|
|t:|1717384755
|switch|p2a: Ninetales|Ninetales, F|100/100
|move|p1a: Heatran|Magma Storm|p2a: Ninetales
|-resisted|p2a: Ninetales
|-damage|p2a: Ninetales|58/100
|-activate|p2a: Ninetales|move: Magma Storm|[of] p1a: Heatran
|
|-weather|SunnyDay|[upkeep]
|-heal|p2a: Ninetales|64/100|[from] item: Leftovers
|-heal|p1a: Heatran|57/100|[from] item: Leftovers
|-damage|p2a: Ninetales|58/100|[from] move: Magma Storm|[partiallytrapped]
|upkeep
|turn|24
|
|t:|1717384761
|switch|p1a: Gliscor|Gliscor, F|100/100 tox
|move|p2a: Ninetales|Hidden Power|p1a: Gliscor
|-immune|p1a: Gliscor
|
|-weather|SunnyDay|[upkeep]
|-heal|p2a: Ninetales|64/100|[from] item: Leftovers
|upkeep
|turn|25
|
|t:|1717384766
|move|p2a: Ninetales|Protect|p2a: Ninetales
|-singleturn|p2a: Ninetales|Protect
|move|p1a: Gliscor|Swords Dance|p1a: Gliscor
|-boost|p1a: Gliscor|atk|2
|
|-weather|SunnyDay|[upkeep]
|-heal|p2a: Ninetales|70/100|[from] item: Leftovers
|upkeep
|turn|26
|
|t:|1717384770
|switch|p2a: Cresselia|Cresselia, F|100/100
|move|p1a: Gliscor|Swords Dance|p1a: Gliscor
|-boost|p1a: Gliscor|atk|2
|
|-weather|SunnyDay|[upkeep]
|upkeep
|turn|27
|
|t:|1717384775
|move|p1a: Gliscor|Swords Dance|p1a: Gliscor
|-boost|p1a: Gliscor|atk|2
|move|p2a: Cresselia|Ice Beam|p1a: Gliscor
|-supereffective|p1a: Gliscor
|-damage|p1a: Gliscor|46/100 tox
|
|-weather|SunnyDay|[upkeep]
|-heal|p1a: Gliscor|59/100 tox|[from] ability: Poison Heal
|upkeep
|turn|28
|
|t:|1717384784
|move|p1a: Gliscor|Protect|p1a: Gliscor
|-singleturn|p1a: Gliscor|Protect
|move|p2a: Cresselia|Moonlight|p2a: Cresselia
|-fail|p2a: Cresselia|heal
|
|-weather|SunnyDay|[upkeep]
|-heal|p1a: Gliscor|71/100 tox|[from] ability: Poison Heal
|upkeep
|turn|29
|
|t:|1717384788
|move|p1a: Gliscor|Facade|p2a: Cresselia
|-damage|p2a: Cresselia|41/100
|move|p2a: Cresselia|Ice Beam|p1a: Gliscor
|-supereffective|p1a: Gliscor
|-damage|p1a: Gliscor|16/100 tox
|
|-weather|SunnyDay|[upkeep]
|-heal|p2a: Cresselia|47/100|[from] item: Leftovers
|-heal|p1a: Gliscor|28/100 tox|[from] ability: Poison Heal
|upkeep
|turn|30
|
|t:|1717384794
|switch|p2a: Xatu|Xatu, M|71/100
|move|p1a: Gliscor|Facade|p2a: Xatu
|-damage|p2a: Xatu|0 fnt
|-damage|p1a: Gliscor|12/100 tox|[from] item: Rocky Helmet|[of] p2a: Xatu
|faint|p2a: Xatu
|
|-weather|SunnyDay|[upkeep]
|-heal|p1a: Gliscor|24/100 tox|[from] ability: Poison Heal
|upkeep
|
|t:|1717384798
|switch|p2a: Volcarona|Volcarona, F|100/100
|turn|31
|
|t:|1717384802
|switch|p1a: Heatran|Heatran, M|57/100
|move|p2a: Volcarona|Flamethrower|p1a: Heatran
|-start|p1a: Heatran|ability: Flash Fire
|
|-weather|SunnyDay|[upkeep]
|-heal|p1a: Heatran|63/100|[from] item: Leftovers
|upkeep
|turn|32
|-message|Darkortex forfeited.
|
|win|CringLord!
|raw|CringLord!'s rating: 1459 &rarr; <strong>1484</strong><br />(+25 for winning)
|raw|Darkortex's rating: 1548 &rarr; <strong>1523</strong><br />(-25 for losing)
|l|☆Darkortex
|player|p2|
|j|☆Darkortex
|player|p2|Darkortex|hilbert|
|c|☆CringLord!|gg
