|j|☆rabian
|j|☆Blossummm
|t:|1715040171
|gametype|singles
|player|p1|rabian|iris-gen5bw2|1401
|player|p2|Blossummm|roxie|1358
|teamsize|p1|6
|teamsize|p2|6
|gen|5
|tier|[Gen 5] OU
|rated|
|rule|Species Clause: Limit one of each Pokémon
|rule|OHKO Clause: OHKO moves are banned
|rule|Moody Clause: Moody is banned
|rule|Evasion Items Clause: Evasion items are banned
|rule|Evasion Moves Clause: Evasion moves are banned
|rule|Endless Battle Clause: Forcing endless battles is banned
|rule|HP Percentage Mod: HP is shown in percentages
|rule|Evasion Abilities Clause: Evasion abilities are banned
|rule|Sleep Moves Clause: Sleep-inducing moves are banned
|rule|Swagger Clause: Swagger is banned
|rule|Baton Pass Stat Clause: No Baton Passer may have a way to boost its stats
|clearpoke
|poke|p1|Jolteon, M|item
|poke|p1|Ferrothorn, M|item
|poke|p1|Politoed, M|item
|poke|p1|Gyarados, M|item
|poke|p1|Toxicroak, M|item
|poke|p1|Tentacruel, M|item
|poke|p2|Tyranitar, F|item
|poke|p2|Alakazam, F|item
|poke|p2|Latios, M|item
|poke|p2|Ferrothorn, F|item
|poke|p2|Keldeo|item
|poke|p2|Landorus-Therian, M|item
|teampreview
|c|☆rabian|glhf!
|inactive|Battle timer is ON: inactive players will automatically lose when time's up. (requested by Blossummm)
|
|t:|1715040197
|start
|switch|p1a: Weather Setter|Politoed, M|100/100
|switch|p2a: Ferrothorn|Ferrothorn, F|100/100
|-weather|RainDance|[from] ability: Drizzle|[of] p1a: Weather Setter
|turn|1
|
|t:|1715040202
|switch|p1a: Squid|Tentacruel, M|100/100
|move|p2a: Ferrothorn|Spikes|p1a: Squid
|-sidestart|p1: rabian|Spikes
|
|-weather|RainDance|[upkeep]
|upkeep
|turn|2
|
|t:|1715040206
|move|p1a: Squid|Scald|p2a: Ferrothorn
|-resisted|p2a: Ferrothorn
|-damage|p2a: Ferrothorn|89/100
|move|p2a: Ferrothorn|Knock Off|p1a: Squid
|-damage|p1a: Squid|96/100
|-enditem|p1a: Squid|Black Sludge|[from] move: Knock Off|[of] p2a: Ferrothorn
|
|-weather|RainDance|[upkeep]
|-heal|p1a: Squid|100/100|[from] ability: Rain Dish
|upkeep
|turn|3
|
|t:|1715040215
|switch|p2a: Tyranitar|Tyranitar, F, shiny|100/100
|-weather|Sandstorm|[from] ability: Sand Stream|[of] p2a: Tyranitar
|move|p1a: Squid|Rapid Spin|p2a: Tyranitar
|-resisted|p2a: Tyranitar
|-crit|p2a: Tyranitar
|-damage|p2a: Tyranitar|98/100
|-sideend|p1: rabian|Spikes|[from] move: Rapid Spin|[of] p1a: Squid
|
|-weather|Sandstorm|[upkeep]
|-damage|p1a: Squid|95/100|[from] Sandstorm
|upkeep
|turn|4
|
|t:|1715040221
|move|p1a: Squid|Toxic|p2a: Tyranitar
|-status|p2a: Tyranitar|tox
|move|p2a: Tyranitar|Thunder Wave|p1a: Squid
|-status|p1a: Squid|par
|
|-weather|Sandstorm|[upkeep]
|-damage|p1a: Squid|89/100 par|[from] Sandstorm
|-damage|p2a: Tyranitar|92/100 tox|[from] psn
|upkeep
|turn|5
|
|t:|1715040232
|switch|p1a: Weather Setter|Politoed, M|100/100
|-weather|RainDance|[from] ability: Drizzle|[of] p1a: Weather Setter
|move|p2a: Tyranitar|Crunch|p1a: Weather Setter
|-damage|p1a: Weather Setter|60/100
|-unboost|p1a: Weather Setter|def|1
|
|-weather|RainDance|[upkeep]
|-heal|p1a: Weather Setter|66/100|[from] item: Leftovers
|-damage|p2a: Tyranitar|80/100 tox|[from] psn
|upkeep
|turn|6
|
|t:|1715040242
|switch|p2a: Ferrothorn|Ferrothorn, F|89/100
|move|p1a: Weather Setter|Protect||[still]
|-fail|p1a: Weather Setter
|
|-weather|RainDance|[upkeep]
|-heal|p1a: Weather Setter|72/100|[from] item: Leftovers
|upkeep
|turn|7
|j| CertamenMeum
|
|t:|1715040257
|switch|p1a: Squid|Tentacruel, M|89/100 par
|move|p2a: Ferrothorn|Power Whip|p1a: Squid|[miss]
|-miss|p2a: Ferrothorn|p1a: Squid
|
|-weather|RainDance|[upkeep]
|-heal|p1a: Squid|95/100 par|[from] ability: Rain Dish
|upkeep
|turn|8
|
|t:|1715040271
|switch|p2a: Tyranitar|Tyranitar, F, shiny|80/100 tox
|-weather|Sandstorm|[from] ability: Sand Stream|[of] p2a: Tyranitar
|move|p1a: Squid|Scald|p2a: Tyranitar
|-supereffective|p2a: Tyranitar
|-damage|p2a: Tyranitar|59/100 tox
|
|-weather|Sandstorm|[upkeep]
|-damage|p1a: Squid|89/100 par|[from] Sandstorm
|-damage|p2a: Tyranitar|53/100 tox|[from] psn
|upkeep
|turn|9
|
|t:|1715040278
|-activate|p1a: Squid|move: Pursuit
|move|p2a: Tyranitar|Pursuit|p1a: Squid|[from]Pursuit
|-damage|p1a: Squid|41/100 par
|switch|p1a: Wall|Ferrothorn, M|100/100
|
|-weather|Sandstorm|[upkeep]
|-damage|p2a: Tyranitar|40/100 tox|[from] psn
|upkeep
|turn|10
|
|t:|1715040290
|switch|p2a: Landorus|Landorus-Therian, M|100/100
|-ability|p2a: Landorus|Intimidate|boost
|-unboost|p1a: Wall|atk|1
|move|p1a: Wall|Stealth Rock|p2a: Landorus
|-sidestart|p2: Blossummm|move: Stealth Rock
|
|-weather|Sandstorm|[upkeep]
|upkeep
|turn|11
|
|t:|1715040294
|move|p2a: Landorus|Stealth Rock|p1a: Wall
|-sidestart|p1: rabian|move: Stealth Rock
|move|p1a: Wall|Leech Seed|p2a: Landorus
|-start|p2a: Landorus|move: Leech Seed
|
|-weather|Sandstorm|[upkeep]
|-damage|p2a: Landorus|88/100|[from] Leech Seed|[of] p1a: Wall
|upkeep
|turn|12
|
|t:|1715040300
|move|p2a: Landorus|U-turn|p1a: Wall
|-damage|p1a: Wall|85/100
|-damage|p2a: Landorus|75/100|[from] ability: Iron Barbs|[of] p1a: Wall
|
|t:|1715040309
|switch|p2a: Alakazam|Alakazam, F|100/100|[from] U-turn
|move|p1a: Wall|Giga Drain|p2a: Alakazam
|-damage|p2a: Alakazam|74/100
|-heal|p1a: Wall|97/100|[from] drain|[of] p2a: Alakazam
|
|-weather|Sandstorm|[upkeep]
|-heal|p1a: Wall|100/100|[from] item: Leftovers
|upkeep
|turn|13
|
|t:|1715040315
|move|p2a: Alakazam|Hidden Power|p1a: Wall
|-supereffective|p1a: Wall
|-damage|p1a: Wall|0 fnt
|faint|p1a: Wall
|
|-weather|Sandstorm|[upkeep]
|upkeep
|
|t:|1715040318
|switch|p1a: Weather Setter|Politoed, M|72/100
|-damage|p1a: Weather Setter|60/100|[from] Stealth Rock
|-weather|RainDance|[from] ability: Drizzle|[of] p1a: Weather Setter
|turn|14
|
|t:|1715040325
|move|p1a: Weather Setter|Protect|p1a: Weather Setter
|-singleturn|p1a: Weather Setter|Protect
|move|p2a: Alakazam|Psychic|p1a: Weather Setter
|-activate|p1a: Weather Setter|move: Protect
|
|-weather|RainDance|[upkeep]
|-heal|p1a: Weather Setter|66/100|[from] item: Leftovers
|upkeep
|turn|15
|
|t:|1715040338
|move|p2a: Alakazam|Psychic|p1a: Weather Setter
|-damage|p1a: Weather Setter|25/100
|move|p1a: Weather Setter|Surf|p2a: Alakazam
|-damage|p2a: Alakazam|3/100
|
|-weather|RainDance|[upkeep]
|-heal|p1a: Weather Setter|31/100|[from] item: Leftovers
|upkeep
|turn|16
|
|t:|1715040347
|move|p1a: Weather Setter|Protect|p1a: Weather Setter
|-singleturn|p1a: Weather Setter|Protect
|move|p2a: Alakazam|Psychic|p1a: Weather Setter
|-activate|p1a: Weather Setter|move: Protect
|
|-weather|RainDance|[upkeep]
|-heal|p1a: Weather Setter|38/100|[from] item: Leftovers
|upkeep
|turn|17
|
|t:|1715040355
|switch|p1a: Just A Magikarp|Gyarados, M, shiny|100/100
|-damage|p1a: Just A Magikarp|76/100|[from] Stealth Rock
|-ability|p1a: Just A Magikarp|Intimidate|boost
|-unboost|p2a: Alakazam|atk|1
|move|p2a: Alakazam|Psychic|p1a: Just A Magikarp
|-damage|p1a: Just A Magikarp|19/100
|
|-weather|RainDance|[upkeep]
|-heal|p1a: Just A Magikarp|25/100|[from] item: Leftovers
|upkeep
|turn|18
|
|t:|1715040364
|move|p2a: Alakazam|Psychic|p1a: Just A Magikarp
|-damage|p1a: Just A Magikarp|0 fnt
|faint|p1a: Just A Magikarp
|
|-weather|RainDance|[upkeep]
|upkeep
|
|t:|1715040369
|switch|p1a: Trans Flag|Toxicroak, M, shiny|100/100
|-damage|p1a: Trans Flag|94/100|[from] Stealth Rock
|turn|19
|
|t:|1715040375
|switch|p2a: Landorus|Landorus-Therian, M|75/100
|-damage|p2a: Landorus|63/100|[from] Stealth Rock
|-ability|p2a: Landorus|Intimidate|boost
|-unboost|p1a: Trans Flag|atk|1
|move|p1a: Trans Flag|Sucker Punch||[still]
|-fail|p1a: Trans Flag
|
|-weather|RainDance|[upkeep]
|-heal|p1a: Trans Flag|100/100|[from] ability: Dry Skin
|-heal|p2a: Landorus|69/100|[from] item: Leftovers
|upkeep
|turn|20
|c|☆rabian|enfkjnfkjewnfjk
|c|☆rabian|why
|c|☆rabian|am i playing terribly today
|
|t:|1715040398
|move|p2a: Landorus|Earthquake|p1a: Trans Flag
|-supereffective|p1a: Trans Flag
|-enditem|p1a: Trans Flag|Focus Sash
|-damage|p1a: Trans Flag|1/100
|move|p1a: Trans Flag|Poison Jab|p2a: Landorus
|-resisted|p2a: Landorus
|-damage|p2a: Landorus|57/100
|
|-weather|RainDance|[upkeep]
|-heal|p1a: Trans Flag|13/100|[from] ability: Dry Skin
|-heal|p2a: Landorus|63/100|[from] item: Leftovers
|upkeep
|turn|21
|c|☆Blossummm|i feel that
|-message|rabian forfeited.
|
|win|Blossummm
|raw|rabian's rating: 1401 &rarr; <strong>1379</strong><br />(-22 for losing)
|raw|Blossummm's rating: 1358 &rarr; <strong>1380</strong><br />(+22 for winning)
|c|☆rabian|gg
|c|☆Blossummm|gg
|l|☆rabian
|player|p1|
