|j|☆CroCoeur
|j|☆STATS Xavi
|player|p1|CroCoeur|blue|1465
|player|p2|STATS Xavi|preschooler|1499
|teamsize|p1|6
|teamsize|p2|6
|gametype|singles
|gen|5
|tier|[Gen 5] OU
|rated|
|clearpoke
|poke|p1|Politoed, M|item
|poke|p1|Vaporeon, F|item
|poke|p1|Celebi|item
|poke|p1|Ferrothorn, M|item
|poke|p1|Latios, M|item
|poke|p1|Jirachi|item
|poke|p2|Hippowdon, F|item
|poke|p2|Gastrodon-East, F|item
|poke|p2|Skarmory, M|item
|poke|p2|Excadrill, F|item
|poke|p2|Jirachi|item
|poke|p2|Sigilyph, M|item
|rule|Species Clause: Limit one of each Pokémon
|rule|OHKO Clause: OHKO moves are banned
|rule|Moody Clause: Moody is banned
|rule|Evasion Moves Clause: Evasion moves are banned
|rule|Endless Battle Clause: Forcing endless battles is banned
|rule|HP Percentage Mod: HP is shown in percentages
|rule|Evasion Abilities Clause: Evasion abilities are banned
|rule|Baton Pass Clause: Limit one Baton Passer, can't pass Spe and other stats simultaneously
|rule|Sleep Clause: Sleep-inducing moves are banned
|rule|Swagger Clause: Swagger is banned
|teampreview
|inactive|Battle timer is ON: inactive players will automatically lose when time's up. (requested by STATS Xavi)
|
|start
|switch|p1a: Ferrothorn|Ferrothorn, M|100/100
|switch|p2a: Hattori el ninja|Hippowdon, F|100/100
|-weather|Sandstorm|[from] ability: Sand Stream|[of] p2a: Hattori el ninja
|turn|1
|
|switch|p1a: Politoed|Politoed, M|100/100
|-weather|RainDance|[from] ability: Drizzle|[of] p1a: Politoed
|move|p2a: Hattori el ninja|Stealth Rock|p1a: Politoed
|-sidestart|p1: CroCoeur|move: Stealth Rock
|
|-weather|RainDance|[upkeep]
|upkeep
|turn|2
|
|switch|p1a: Ferrothorn|Ferrothorn, M|100/100
|-damage|p1a: Ferrothorn|94/100|[from] Stealth Rock
|switch|p2a: W¡sh & K'3D Shop|Jirachi|100/100
|
|-weather|RainDance|[upkeep]
|-heal|p1a: Ferrothorn|100/100|[from] item: Leftovers
|upkeep
|turn|3
|
|switch|p2a: Piupiupiu|Skarmory, M|100/100
|move|p1a: Ferrothorn|Power Whip|p2a: Piupiupiu|[miss]
|-miss|p1a: Ferrothorn|p2a: Piupiupiu
|
|-weather|RainDance|[upkeep]
|upkeep
|turn|4
|
|move|p2a: Piupiupiu|Spikes|p1a: Ferrothorn
|-sidestart|p1: CroCoeur|Spikes
|move|p1a: Ferrothorn|Stealth Rock|p2a: Piupiupiu
|-sidestart|p2: STATS Xavi|move: Stealth Rock
|
|-weather|RainDance|[upkeep]
|upkeep
|turn|5
|
|move|p2a: Piupiupiu|Spikes|p1a: Ferrothorn
|-sidestart|p1: CroCoeur|Spikes
|move|p1a: Ferrothorn|Leech Seed|p2a: Piupiupiu
|-start|p2a: Piupiupiu|move: Leech Seed
|
|-weather|RainDance|[upkeep]
|-damage|p2a: Piupiupiu|88/100|[from] Leech Seed|[of] p1a: Ferrothorn
|upkeep
|turn|6
|
|move|p2a: Piupiupiu|Spikes|p1a: Ferrothorn
|-sidestart|p1: CroCoeur|Spikes
|move|p1a: Ferrothorn|Spikes|p2a: Piupiupiu
|-sidestart|p2: STATS Xavi|Spikes
|
|-weather|RainDance|[upkeep]
|-damage|p2a: Piupiupiu|76/100|[from] Leech Seed|[of] p1a: Ferrothorn
|upkeep
|turn|7
|
|switch|p2a: Headnown|Sigilyph, M|100/100
|move|p1a: Ferrothorn|Spikes|p2a: Headnown
|-sidestart|p2: STATS Xavi|Spikes
|
|-weather|RainDance|[upkeep]
|-status|p2a: Headnown|brn|[from] item: Flame Orb
|upkeep
|turn|8
|
|switch|p1a: Vaporeon|Vaporeon, F|100/100
|-damage|p1a: Vaporeon|88/100|[from] Stealth Rock
|-damage|p1a: Vaporeon|63/100|[from] Spikes
|move|p2a: Headnown|Cosmic Power|p2a: Headnown
|-boost|p2a: Headnown|def|1
|-boost|p2a: Headnown|spd|1
|
|-weather|RainDance|[upkeep]
|-heal|p1a: Vaporeon|69/100|[from] item: Leftovers
|upkeep
|turn|9
|
|move|p2a: Headnown|Stored Power|p1a: Vaporeon
|-damage|p1a: Vaporeon|58/100
|move|p1a: Vaporeon|Scald|p2a: Headnown
|-damage|p2a: Headnown|65/100 brn
|
|-weather|RainDance|[upkeep]
|-heal|p1a: Vaporeon|64/100|[from] item: Leftovers
|upkeep
|turn|10
|
|move|p2a: Headnown|Cosmic Power|p2a: Headnown
|-boost|p2a: Headnown|def|1
|-boost|p2a: Headnown|spd|1
|move|p1a: Vaporeon|Scald|p2a: Headnown
|-damage|p2a: Headnown|39/100 brn
|
|-weather|RainDance|[upkeep]
|-heal|p1a: Vaporeon|70/100|[from] item: Leftovers
|upkeep
|turn|11
|
|move|p2a: Headnown|Stored Power|p1a: Vaporeon
|-damage|p1a: Vaporeon|50/100
|move|p1a: Vaporeon|Roar|p2a: Headnown
|drag|p2a: Ma'frén|Excadrill, F|100/100
|-damage|p2a: Ma'frén|84/100|[from] Spikes
|-damage|p2a: Ma'frén|81/100|[from] Stealth Rock
|
|-weather|RainDance|[upkeep]
|-heal|p1a: Vaporeon|56/100|[from] item: Leftovers
|upkeep
|turn|12
|
|move|p2a: Ma'frén|Earthquake|p1a: Vaporeon
|-damage|p1a: Vaporeon|0 fnt
|faint|p1a: Vaporeon
|
|-weather|RainDance|[upkeep]
|upkeep
|c|☆CroCoeur|I was sure I could take that
|c|☆STATS Xavi|It's Pavoreon, not Vaporeon (?)
|inactive|CroCoeur has 120 seconds left.
|
|switch|p1a: Latios|Latios, M|100/100
|-damage|p1a: Latios|88/100|[from] Stealth Rock
|turn|13
|inactive|CroCoeur has 120 seconds left.
|
|switch|p2a: W¡sh & K'3D Shop|Jirachi|100/100
|-damage|p2a: W¡sh & K'3D Shop|94/100|[from] Stealth Rock
|-damage|p2a: W¡sh & K'3D Shop|78/100|[from] Spikes
|move|p1a: Latios|Draco Meteor|p2a: W¡sh & K'3D Shop
|-resisted|p2a: W¡sh & K'3D Shop
|-damage|p2a: W¡sh & K'3D Shop|55/100
|-unboost|p1a: Latios|spa|2
|
|-weather|RainDance|[upkeep]
|-heal|p2a: W¡sh & K'3D Shop|61/100|[from] item: Leftovers
|upkeep
|turn|14
|inactive|CroCoeur has 120 seconds left.
|
|switch|p1a: Ferrothorn|Ferrothorn, M|100/100
|-damage|p1a: Ferrothorn|94/100|[from] Stealth Rock
|-damage|p1a: Ferrothorn|69/100|[from] Spikes
|move|p2a: W¡sh & K'3D Shop|Body Slam|p1a: Ferrothorn
|-resisted|p1a: Ferrothorn
|-crit|p1a: Ferrothorn
|-damage|p1a: Ferrothorn|56/100
|-status|p1a: Ferrothorn|par
|-damage|p2a: W¡sh & K'3D Shop|49/100|[from] ability: Iron Barbs|[of] p1a: Ferrothorn
|
|-weather|RainDance|[upkeep]
|-heal|p2a: W¡sh & K'3D Shop|55/100|[from] item: Leftovers
|-heal|p1a: Ferrothorn|62/100 par|[from] item: Leftovers
|upkeep
|turn|15
|inactive|CroCoeur has 120 seconds left.
|
|move|p2a: W¡sh & K'3D Shop|Wish|p2a: W¡sh & K'3D Shop
|move|p1a: Ferrothorn|Power Whip|p2a: W¡sh & K'3D Shop
|-resisted|p2a: W¡sh & K'3D Shop
|-damage|p2a: W¡sh & K'3D Shop|39/100
|
|-weather|RainDance|[upkeep]
|-heal|p2a: W¡sh & K'3D Shop|46/100|[from] item: Leftovers
|-heal|p1a: Ferrothorn|69/100 par|[from] item: Leftovers
|upkeep
|turn|16
|
|switch|p2a: Headnown|Sigilyph, M|39/100 brn
|move|p1a: Ferrothorn|Power Whip|p2a: Headnown
|-resisted|p2a: Headnown
|-damage|p2a: Headnown|24/100 brn
|
|-weather|RainDance|[upkeep]
|-heal|p2a: Headnown|82/100 brn|[from] move: Wish|[wisher] W¡sh & K'3D Shop
|-heal|p1a: Ferrothorn|75/100 par|[from] item: Leftovers
|upkeep
|turn|17
|
|move|p2a: Headnown|Cosmic Power|p2a: Headnown
|-boost|p2a: Headnown|def|1
|-boost|p2a: Headnown|spd|1
|move|p1a: Ferrothorn|Spikes|p2a: Headnown
|-sidestart|p2: STATS Xavi|Spikes
|
|-weather|RainDance|[upkeep]
|-heal|p1a: Ferrothorn|81/100 par|[from] item: Leftovers
|upkeep
|turn|18
|
|move|p2a: Headnown|Cosmic Power|p2a: Headnown
|-boost|p2a: Headnown|def|1
|-boost|p2a: Headnown|spd|1
|cant|p1a: Ferrothorn|par
|
|-weather|RainDance|[upkeep]
|-heal|p1a: Ferrothorn|87/100 par|[from] item: Leftovers
|upkeep
|turn|19
|
|move|p2a: Headnown|Cosmic Power|p2a: Headnown
|-boost|p2a: Headnown|def|1
|-boost|p2a: Headnown|spd|1
|cant|p1a: Ferrothorn|par
|
|-weather|RainDance|[upkeep]
|-heal|p1a: Ferrothorn|94/100 par|[from] item: Leftovers
|upkeep
|turn|20
|
|move|p2a: Headnown|Cosmic Power|p2a: Headnown
|-boost|p2a: Headnown|def|1
|-boost|p2a: Headnown|spd|1
|move|p1a: Ferrothorn|Leech Seed|p2a: Headnown
|-start|p2a: Headnown|move: Leech Seed
|
|-weather|RainDance|[upkeep]
|-heal|p1a: Ferrothorn|99/100 par|[from] item: Leftovers
|upkeep
|turn|21
|
|switch|p1a: Celebi|Celebi|100/100
|-damage|p1a: Celebi|75/100|[from] Spikes
|-damage|p1a: Celebi|63/100|[from] Stealth Rock
|move|p2a: Headnown|Cosmic Power|p2a: Headnown
|-boost|p2a: Headnown|def|1
|-boost|p2a: Headnown|spd|1
|
|-weather|RainDance|[upkeep]
|-heal|p1a: Celebi|69/100|[from] item: Leftovers
|upkeep
|turn|22
|
|move|p2a: Headnown|Stored Power|p1a: Celebi
|-resisted|p1a: Celebi
|-damage|p1a: Celebi|46/100
|move|p1a: Celebi|Perish Song|p1a: Celebi
|-start|p1a: Celebi|perish3|[silent]
|-start|p2a: Headnown|perish3|[silent]
|-fieldactivate|move: Perish Song
|
|-weather|RainDance|[upkeep]
|-heal|p1a: Celebi|52/100|[from] item: Leftovers
|-start|p2a: Headnown|perish3
|-start|p1a: Celebi|perish3
|upkeep
|turn|23
|
|move|p2a: Headnown|Stored Power|p1a: Celebi
|-resisted|p1a: Celebi
|-crit|p1a: Celebi
|-damage|p1a: Celebi|3/100
|move|p1a: Celebi|Recover|p1a: Celebi
|-heal|p1a: Celebi|53/100
|
|-weather|RainDance|[upkeep]
|-heal|p1a: Celebi|59/100|[from] item: Leftovers
|-start|p2a: Headnown|perish2
|-start|p1a: Celebi|perish2
|upkeep
|turn|24
|
|move|p2a: Headnown|Stored Power|p1a: Celebi
|-resisted|p1a: Celebi
|-damage|p1a: Celebi|37/100
|move|p1a: Celebi|Recover|p1a: Celebi
|-heal|p1a: Celebi|87/100
|
|-weather|RainDance|[upkeep]
|-heal|p1a: Celebi|93/100|[from] item: Leftovers
|-start|p2a: Headnown|perish1
|-start|p1a: Celebi|perish1
|upkeep
|turn|25
|
|switch|p2a: Ma'frén|Excadrill, F|81/100
|-damage|p2a: Ma'frén|78/100|[from] Stealth Rock
|-damage|p2a: Ma'frén|53/100|[from] Spikes
|switch|p1a: Latios|Latios, M|88/100
|-damage|p1a: Latios|76/100|[from] Stealth Rock
|
|-weather|RainDance|[upkeep]
|upkeep
|turn|26
|
|move|p1a: Latios|Surf|p2a: Ma'frén
|-supereffective|p2a: Ma'frén
|-damage|p2a: Ma'frén|0 fnt
|faint|p2a: Ma'frén
|
|-weather|RainDance|[upkeep]
|upkeep
|
|switch|p2a: Hattori el ninja|Hippowdon, F|100/100
|-damage|p2a: Hattori el ninja|75/100|[from] Spikes
|-damage|p2a: Hattori el ninja|69/100|[from] Stealth Rock
|-weather|Sandstorm|[from] ability: Sand Stream|[of] p2a: Hattori el ninja
|turn|27
|c|☆STATS Xavi|so scarf
|
|switch|p2a: Amu Pinguilí|Gastrodon-East, F|100/100
|-damage|p2a: Amu Pinguilí|76/100|[from] Spikes
|-damage|p2a: Amu Pinguilí|70/100|[from] Stealth Rock
|move|p1a: Latios|Surf|p2a: Amu Pinguilí
|-ability|p2a: Amu Pinguilí|Storm Drain|boost
|-boost|p2a: Amu Pinguilí|spa|1
|
|-weather|Sandstorm|[upkeep]
|-damage|p1a: Latios|70/100|[from] Sandstorm
|-heal|p2a: Amu Pinguilí|76/100|[from] item: Leftovers
|upkeep
|turn|28
|
|switch|p1a: Ferrothorn|Ferrothorn, M|99/100 par
|-damage|p1a: Ferrothorn|94/100 par|[from] Stealth Rock
|-damage|p1a: Ferrothorn|69/100 par|[from] Spikes
|move|p2a: Amu Pinguilí|Scald|p1a: Ferrothorn
|-resisted|p1a: Ferrothorn
|-damage|p1a: Ferrothorn|54/100 par
|
|-weather|Sandstorm|[upkeep]
|-heal|p2a: Amu Pinguilí|82/100|[from] item: Leftovers
|-heal|p1a: Ferrothorn|61/100 par|[from] item: Leftovers
|upkeep
|turn|29
|
|switch|p2a: Headnown|Sigilyph, M|82/100 brn
|move|p1a: Ferrothorn|Power Whip|p2a: Headnown
|-resisted|p2a: Headnown
|-damage|p2a: Headnown|65/100 brn
|
|-weather|Sandstorm|[upkeep]
|-heal|p1a: Ferrothorn|67/100 par|[from] item: Leftovers
|upkeep
|turn|30
|
|move|p2a: Headnown|Cosmic Power|p2a: Headnown
|-boost|p2a: Headnown|def|1
|-boost|p2a: Headnown|spd|1
|move|p1a: Ferrothorn|Leech Seed|p2a: Headnown
|-start|p2a: Headnown|move: Leech Seed
|
|-weather|Sandstorm|[upkeep]
|-heal|p1a: Ferrothorn|73/100 par|[from] item: Leftovers
|upkeep
|turn|31
|
|move|p2a: Headnown|Cosmic Power|p2a: Headnown
|-boost|p2a: Headnown|def|1
|-boost|p2a: Headnown|spd|1
|move|p1a: Ferrothorn|Leech Seed||[still]
|-fail|p1a: Ferrothorn
|
|-weather|Sandstorm|[upkeep]
|-heal|p1a: Ferrothorn|79/100 par|[from] item: Leftovers
|upkeep
|turn|32
|
|move|p2a: Headnown|Cosmic Power|p2a: Headnown
|-boost|p2a: Headnown|def|1
|-boost|p2a: Headnown|spd|1
|cant|p1a: Ferrothorn|par
|
|-weather|Sandstorm|[upkeep]
|-heal|p1a: Ferrothorn|86/100 par|[from] item: Leftovers
|upkeep
|turn|33
|
|move|p2a: Headnown|Roost|p2a: Headnown
|-heal|p2a: Headnown|100/100 brn
|-singleturn|p2a: Headnown|move: Roost
|move|p1a: Ferrothorn|Stealth Rock||[still]
|-fail|p1a: Ferrothorn
|
|-weather|Sandstorm|[upkeep]
|-heal|p1a: Ferrothorn|92/100 par|[from] item: Leftovers
|upkeep
|turn|34
|
|switch|p1a: Celebi|Celebi|93/100
|-damage|p1a: Celebi|68/100|[from] Spikes
|-damage|p1a: Celebi|55/100|[from] Stealth Rock
|move|p2a: Headnown|Cosmic Power|p2a: Headnown
|-boost|p2a: Headnown|def|1
|-boost|p2a: Headnown|spd|1
|
|-weather|Sandstorm|[upkeep]
|-damage|p1a: Celebi|49/100|[from] Sandstorm
|-heal|p1a: Celebi|55/100|[from] item: Leftovers
|upkeep
|turn|35
|
|move|p2a: Headnown|Stored Power|p1a: Celebi
|-resisted|p1a: Celebi
|-damage|p1a: Celebi|37/100
|move|p1a: Celebi|Recover|p1a: Celebi
|-heal|p1a: Celebi|87/100
|
|-weather|Sandstorm|[upkeep]
|-damage|p1a: Celebi|81/100|[from] Sandstorm
|-heal|p1a: Celebi|87/100|[from] item: Leftovers
|upkeep
|turn|36
|
|move|p2a: Headnown|Cosmic Power|p2a: Headnown
|-boost|p2a: Headnown|def|1
|-boost|p2a: Headnown|spd|1
|move|p1a: Celebi|Giga Drain|p2a: Headnown
|-resisted|p2a: Headnown
|-damage|p2a: Headnown|96/100 brn
|-heal|p1a: Celebi|89/100|[from] drain|[of] p2a: Headnown
|
|-weather|Sandstorm|[upkeep]
|-damage|p1a: Celebi|83/100|[from] Sandstorm
|-heal|p1a: Celebi|89/100|[from] item: Leftovers
|upkeep
|turn|37
|
|move|p2a: Headnown|Stored Power|p1a: Celebi
|-resisted|p1a: Celebi
|-damage|p1a: Celebi|63/100
|move|p1a: Celebi|Perish Song|p1a: Celebi
|-start|p1a: Celebi|perish3|[silent]
|-start|p2a: Headnown|perish3|[silent]
|-fieldactivate|move: Perish Song
|
|-weather|Sandstorm|[upkeep]
|-damage|p1a: Celebi|57/100|[from] Sandstorm
|-heal|p1a: Celebi|63/100|[from] item: Leftovers
|-start|p2a: Headnown|perish3
|-start|p1a: Celebi|perish3
|upkeep
|turn|38
|
|move|p2a: Headnown|Cosmic Power|p2a: Headnown
|-boost|p2a: Headnown|def|1
|-boost|p2a: Headnown|spd|1
|move|p1a: Celebi|Recover|p1a: Celebi
|-heal|p1a: Celebi|100/100
|
|-weather|Sandstorm|[upkeep]
|-damage|p1a: Celebi|94/100|[from] Sandstorm
|-heal|p1a: Celebi|100/100|[from] item: Leftovers
|-start|p2a: Headnown|perish2
|-start|p1a: Celebi|perish2
|upkeep
|turn|39
|
|switch|p1a: Ferrothorn|Ferrothorn, M|92/100 par
|-damage|p1a: Ferrothorn|67/100 par|[from] Spikes
|-damage|p1a: Ferrothorn|61/100 par|[from] Stealth Rock
|move|p2a: Headnown|Stored Power|p1a: Ferrothorn
|-resisted|p1a: Ferrothorn
|-damage|p1a: Ferrothorn|27/100 par
|
|-weather|Sandstorm|[upkeep]
|-heal|p1a: Ferrothorn|33/100 par|[from] item: Leftovers
|-start|p2a: Headnown|perish1
|upkeep
|turn|40
|
|switch|p2a: Piupiupiu|Skarmory, M|76/100
|-damage|p2a: Piupiupiu|64/100|[from] Stealth Rock
|move|p1a: Ferrothorn|Leech Seed|p2a: Piupiupiu
|-start|p2a: Piupiupiu|move: Leech Seed
|
|-weather|Sandstorm|[upkeep]
|-heal|p1a: Ferrothorn|40/100 par|[from] item: Leftovers
|-damage|p2a: Piupiupiu|52/100|[from] Leech Seed|[of] p1a: Ferrothorn
|-heal|p1a: Ferrothorn|51/100 par|[silent]
|upkeep
|turn|41
|
|move|p1a: Ferrothorn|Spikes||[still]
|-fail|p1a: Ferrothorn
|move|p2a: Piupiupiu|Whirlwind|p1a: Ferrothorn
|drag|p1a: Latios|Latios, M|70/100
|-damage|p1a: Latios|58/100|[from] Stealth Rock
|
|-weather|Sandstorm|[upkeep]
|-damage|p1a: Latios|52/100|[from] Sandstorm
|-damage|p2a: Piupiupiu|39/100|[from] Leech Seed|[of] p1a: Latios
|-heal|p1a: Latios|65/100|[silent]
|upkeep
|turn|42
|
|move|p1a: Latios|Draco Meteor|p2a: Piupiupiu
|-resisted|p2a: Piupiupiu
|-damage|p2a: Piupiupiu|0 fnt
|-unboost|p1a: Latios|spa|2
|faint|p2a: Piupiupiu
|
|-weather|Sandstorm|[upkeep]
|-damage|p1a: Latios|59/100|[from] Sandstorm
|upkeep
|
|switch|p2a: W¡sh & K'3D Shop|Jirachi|46/100
|-damage|p2a: W¡sh & K'3D Shop|21/100|[from] Spikes
|-damage|p2a: W¡sh & K'3D Shop|14/100|[from] Stealth Rock
|turn|43
|
|switch|p1a: Politoed|Politoed, M|100/100
|-damage|p1a: Politoed|76/100|[from] Spikes
|-damage|p1a: Politoed|63/100|[from] Stealth Rock
|-weather|RainDance|[from] ability: Drizzle|[of] p1a: Politoed
|move|p2a: W¡sh & K'3D Shop|Protect||[still]
|-fail|p2a: W¡sh & K'3D Shop
|
|-weather|RainDance|[upkeep]
|-heal|p2a: W¡sh & K'3D Shop|21/100|[from] item: Leftovers
|upkeep
|turn|44
|inactive|CroCoeur has 120 seconds left.
|
|switch|p1a: Celebi|Celebi|100/100
|-damage|p1a: Celebi|75/100|[from] Spikes
|-damage|p1a: Celebi|63/100|[from] Stealth Rock
|move|p2a: W¡sh & K'3D Shop|Protect||[still]
|-fail|p2a: W¡sh & K'3D Shop
|
|-weather|RainDance|[upkeep]
|-heal|p1a: Celebi|69/100|[from] item: Leftovers
|-heal|p2a: W¡sh & K'3D Shop|27/100|[from] item: Leftovers
|upkeep
|turn|45
|inactive|CroCoeur has 120 seconds left.
|
|move|p1a: Celebi|Perish Song|p1a: Celebi
|-start|p1a: Celebi|perish3|[silent]
|-start|p2a: W¡sh & K'3D Shop|perish3|[silent]
|-fieldactivate|move: Perish Song
|move|p2a: W¡sh & K'3D Shop|Wish|p2a: W¡sh & K'3D Shop
|
|-weather|RainDance|[upkeep]
|-heal|p1a: Celebi|75/100|[from] item: Leftovers
|-heal|p2a: W¡sh & K'3D Shop|33/100|[from] item: Leftovers
|-start|p1a: Celebi|perish3
|-start|p2a: W¡sh & K'3D Shop|perish3
|upkeep
|turn|46
|
|move|p1a: Celebi|Giga Drain|p2a: W¡sh & K'3D Shop
|-resisted|p2a: W¡sh & K'3D Shop
|-damage|p2a: W¡sh & K'3D Shop|25/100
|-heal|p1a: Celebi|80/100|[from] drain|[of] p2a: W¡sh & K'3D Shop
|move|p2a: W¡sh & K'3D Shop|Iron Head|p1a: Celebi
|-damage|p1a: Celebi|55/100
|
|-weather|RainDance|[upkeep]
|-heal|p2a: W¡sh & K'3D Shop|75/100|[from] move: Wish|[wisher] W¡sh & K'3D Shop
|-heal|p1a: Celebi|61/100|[from] item: Leftovers
|-heal|p2a: W¡sh & K'3D Shop|81/100|[from] item: Leftovers
|-start|p1a: Celebi|perish2
|-start|p2a: W¡sh & K'3D Shop|perish2
|upkeep
|turn|47
|
|move|p1a: Celebi|Recover|p1a: Celebi
|-heal|p1a: Celebi|100/100
|move|p2a: W¡sh & K'3D Shop|Wish|p2a: W¡sh & K'3D Shop
|
|-weather|RainDance|[upkeep]
|-heal|p2a: W¡sh & K'3D Shop|87/100|[from] item: Leftovers
|-start|p1a: Celebi|perish1
|-start|p2a: W¡sh & K'3D Shop|perish1
|upkeep
|turn|48
|
|switch|p1a: Latios|Latios, M|59/100
|-damage|p1a: Latios|47/100|[from] Stealth Rock
|switch|p2a: Hattori el ninja|Hippowdon, F|69/100
|-damage|p2a: Hattori el ninja|44/100|[from] Spikes
|-damage|p2a: Hattori el ninja|38/100|[from] Stealth Rock
|-weather|Sandstorm|[from] ability: Sand Stream|[of] p2a: Hattori el ninja
|
|-weather|Sandstorm|[upkeep]
|-damage|p1a: Latios|41/100|[from] Sandstorm
|-heal|p2a: Hattori el ninja|86/100|[from] move: Wish|[wisher] W¡sh & K'3D Shop
|-heal|p2a: Hattori el ninja|92/100|[from] item: Leftovers
|upkeep
|turn|49
|
|move|p1a: Latios|Draco Meteor|p2a: Hattori el ninja
|-damage|p2a: Hattori el ninja|38/100
|-unboost|p1a: Latios|spa|2
|move|p2a: Hattori el ninja|Slack Off|p2a: Hattori el ninja
|-heal|p2a: Hattori el ninja|88/100
|
|-weather|Sandstorm|[upkeep]
|-damage|p1a: Latios|35/100|[from] Sandstorm
|-heal|p2a: Hattori el ninja|94/100|[from] item: Leftovers
|upkeep
|turn|50
|
|switch|p1a: Ferrothorn|Ferrothorn, M|51/100 par
|-damage|p1a: Ferrothorn|26/100 par|[from] Spikes
|-damage|p1a: Ferrothorn|20/100 par|[from] Stealth Rock
|move|p2a: Hattori el ninja|Earthquake|p1a: Ferrothorn
|-damage|p1a: Ferrothorn|0 fnt
|faint|p1a: Ferrothorn
|
|-weather|Sandstorm|[upkeep]
|-heal|p2a: Hattori el ninja|100/100|[from] item: Leftovers
|upkeep
|
|switch|p1a: Politoed|Politoed, M|63/100
|-damage|p1a: Politoed|51/100|[from] Stealth Rock
|-damage|p1a: Politoed|26/100|[from] Spikes
|-weather|RainDance|[from] ability: Drizzle|[of] p1a: Politoed
|turn|51
|inactive|CroCoeur has 90 seconds left.
|
|move|p1a: Politoed|Hydro Pump|p2a: Hattori el ninja
|-supereffective|p2a: Hattori el ninja
|-damage|p2a: Hattori el ninja|0 fnt
|faint|p2a: Hattori el ninja
|
|-weather|RainDance|[upkeep]
|upkeep
|
|switch|p2a: Amu Pinguilí|Gastrodon-East, F|82/100
|-damage|p2a: Amu Pinguilí|76/100|[from] Stealth Rock
|-damage|p2a: Amu Pinguilí|51/100|[from] Spikes
|turn|52
|
|switch|p1a: Celebi|Celebi|100/100
|-damage|p1a: Celebi|88/100|[from] Stealth Rock
|-damage|p1a: Celebi|63/100|[from] Spikes
|move|p2a: Amu Pinguilí|Recover|p2a: Amu Pinguilí
|-heal|p2a: Amu Pinguilí|100/100
|
|-weather|RainDance|[upkeep]
|-heal|p1a: Celebi|69/100|[from] item: Leftovers
|upkeep
|turn|53
|
|switch|p2a: Headnown|Sigilyph, M|96/100 brn
|move|p1a: Celebi|Giga Drain|p2a: Headnown
|-resisted|p2a: Headnown
|-damage|p2a: Headnown|81/100 brn
|-heal|p1a: Celebi|76/100|[from] drain|[of] p2a: Headnown
|
|-weather|RainDance|[upkeep]
|-heal|p1a: Celebi|82/100|[from] item: Leftovers
|upkeep
|turn|54
|
|move|p2a: Headnown|Cosmic Power|p2a: Headnown
|-boost|p2a: Headnown|def|1
|-boost|p2a: Headnown|spd|1
|move|p1a: Celebi|Perish Song|p1a: Celebi
|-start|p1a: Celebi|perish3|[silent]
|-start|p2a: Headnown|perish3|[silent]
|-fieldactivate|move: Perish Song
|
|-weather|RainDance|[upkeep]
|-heal|p1a: Celebi|88/100|[from] item: Leftovers
|-start|p2a: Headnown|perish3
|-start|p1a: Celebi|perish3
|upkeep
|turn|55
|
|move|p2a: Headnown|Cosmic Power|p2a: Headnown
|-boost|p2a: Headnown|def|1
|-boost|p2a: Headnown|spd|1
|move|p1a: Celebi|Giga Drain|p2a: Headnown
|-resisted|p2a: Headnown
|-damage|p2a: Headnown|73/100 brn
|-heal|p1a: Celebi|92/100|[from] drain|[of] p2a: Headnown
|
|-weather|RainDance|[upkeep]
|-heal|p1a: Celebi|98/100|[from] item: Leftovers
|-start|p2a: Headnown|perish2
|-start|p1a: Celebi|perish2
|upkeep
|turn|56
|inactive|CroCoeur has 120 seconds left.
|
|switch|p1a: Politoed|Politoed, M|26/100
|-damage|p1a: Politoed|1/100|[from] Spikes
|-damage|p1a: Politoed|0 fnt|[from] Stealth Rock
|faint|p1a: Politoed
|move|p2a: Headnown|Roost|p2a: Headnown
|-heal|p2a: Headnown|100/100 brn
|-singleturn|p2a: Headnown|move: Roost
|
|-weather|RainDance|[upkeep]
|-start|p2a: Headnown|perish1
|upkeep
|
|switch|p1a: Latios|Latios, M|35/100
|-damage|p1a: Latios|22/100|[from] Stealth Rock
|turn|57
|
|switch|p2a: W¡sh & K'3D Shop|Jirachi|87/100
|-damage|p2a: W¡sh & K'3D Shop|62/100|[from] Spikes
|-damage|p2a: W¡sh & K'3D Shop|56/100|[from] Stealth Rock
|move|p1a: Latios|Surf|p2a: W¡sh & K'3D Shop
|-damage|p2a: W¡sh & K'3D Shop|26/100
|
|-weather|RainDance|[upkeep]
|-heal|p2a: W¡sh & K'3D Shop|32/100|[from] item: Leftovers
|upkeep
|turn|58
|inactive|CroCoeur has 90 seconds left.
|
|move|p1a: Latios|Surf|p2a: W¡sh & K'3D Shop
|-damage|p2a: W¡sh & K'3D Shop|0 fnt
|faint|p2a: W¡sh & K'3D Shop
|
|-weather|RainDance|[upkeep]
|upkeep
|
|switch|p2a: Amu Pinguilí|Gastrodon-East, F|100/100
|-damage|p2a: Amu Pinguilí|94/100|[from] Stealth Rock
|-damage|p2a: Amu Pinguilí|70/100|[from] Spikes
|turn|59
|
|switch|p1a: Celebi|Celebi|98/100
|-damage|p1a: Celebi|73/100|[from] Spikes
|-damage|p1a: Celebi|61/100|[from] Stealth Rock
|move|p2a: Amu Pinguilí|Earth Power|p1a: Celebi
|-resisted|p1a: Celebi
|-damage|p1a: Celebi|51/100
|
|-weather|RainDance|[upkeep]
|-heal|p1a: Celebi|57/100|[from] item: Leftovers
|-heal|p2a: Amu Pinguilí|76/100|[from] item: Leftovers
|upkeep
|turn|60
|
|switch|p2a: Headnown|Sigilyph, M|100/100 brn
|move|p1a: Celebi|Giga Drain|p2a: Headnown
|-resisted|p2a: Headnown
|-damage|p2a: Headnown|87/100 brn
|-heal|p1a: Celebi|63/100|[from] drain|[of] p2a: Headnown
|
|-weather|RainDance|[upkeep]
|-heal|p1a: Celebi|70/100|[from] item: Leftovers
|upkeep
|turn|61
|inactive|CroCoeur has 90 seconds left.
|
|move|p2a: Headnown|Cosmic Power|p2a: Headnown
|-boost|p2a: Headnown|def|1
|-boost|p2a: Headnown|spd|1
|move|p1a: Celebi|Perish Song|p1a: Celebi
|-start|p1a: Celebi|perish3|[silent]
|-start|p2a: Headnown|perish3|[silent]
|-fieldactivate|move: Perish Song
|
|-weather|RainDance|[upkeep]
|-heal|p1a: Celebi|76/100|[from] item: Leftovers
|-start|p2a: Headnown|perish3
|-start|p1a: Celebi|perish3
|upkeep
|turn|62
|
|move|p2a: Headnown|Cosmic Power|p2a: Headnown
|-boost|p2a: Headnown|def|1
|-boost|p2a: Headnown|spd|1
|move|p1a: Celebi|Recover|p1a: Celebi
|-heal|p1a: Celebi|100/100
|
|-weather|RainDance|[upkeep]
|-start|p2a: Headnown|perish2
|-start|p1a: Celebi|perish2
|upkeep
|turn|63
|
|move|p2a: Headnown|Psycho Shift|p1a: Celebi
|-status|p1a: Celebi|brn
|-curestatus|p2a: Headnown|brn|[msg]
|move|p1a: Celebi|Giga Drain|p2a: Headnown
|-resisted|p2a: Headnown
|-damage|p2a: Headnown|78/100
|
|-weather|RainDance|[upkeep]
|-damage|p1a: Celebi|88/100 brn|[from] brn
|-start|p2a: Headnown|perish1
|-start|p1a: Celebi|perish1
|-status|p2a: Headnown|brn|[from] item: Flame Orb
|upkeep
|turn|64
|
|switch|p2a: Amu Pinguilí|Gastrodon-East, F|76/100
|-damage|p2a: Amu Pinguilí|51/100|[from] Spikes
|-damage|p2a: Amu Pinguilí|45/100|[from] Stealth Rock
|move|p1a: Celebi|Giga Drain|p2a: Amu Pinguilí
|-supereffective|p2a: Amu Pinguilí
|-damage|p2a: Amu Pinguilí|0 fnt
|-heal|p1a: Celebi|100/100 brn|[from] drain|[of] p2a: Amu Pinguilí
|faint|p2a: Amu Pinguilí
|
|-weather|RainDance|[upkeep]
|-damage|p1a: Celebi|88/100 brn|[from] brn
|-start|p1a: Celebi|perish0
|upkeep
|faint|p1a: Celebi
|
|switch|p1a: Latios|Latios, M|22/100
|switch|p2a: Headnown|Sigilyph, M|78/100 brn
|-damage|p1a: Latios|10/100|[from] Stealth Rock
|turn|65
|
|move|p1a: Latios|Thunder|p2a: Headnown
|-supereffective|p2a: Headnown
|-damage|p2a: Headnown|0 fnt
|faint|p2a: Headnown
|
|win|CroCoeur
|raw|CroCoeur's rating: 1465 &rarr; <strong>1487</strong><br />(+22 for winning)
|raw|STATS Xavi's rating: 1499 &rarr; <strong>1477</strong><br />(-22 for losing)
|l|☆STATS Xavi
