|j|☆refsunpersons
|j|☆Ando Kazeharu
|player|p1|refsunpersons|120
|player|p2|Ando Kazeharu|164
|teamsize|p1|6
|teamsize|p2|6
|gametype|singles
|gen|5
|tier|[Gen 5] OU
|rated|
|rule|Sleep Clause Mod: Limit one foe put to sleep
|rule|Species Clause: Limit one of each Pokémon
|rule|OHKO Clause: OHKO moves are banned
|rule|Moody Clause: Moody is banned
|rule|Evasion Moves Clause: Evasion moves are banned
|rule|Endless Battle Clause: Forcing endless battles is banned
|rule|HP Percentage Mod: HP is shown in percentages
|rule|Evasion Abilities Clause: Evasion abilities are banned
|rule|Baton Pass Clause: Limit one Baton Passer, can't pass Spe and other stats simultaneously
|rule|Swagger Clause: Swagger is banned
|clearpoke
|poke|p1|Donphan, F|item
|poke|p1|Jirachi|item
|poke|p1|Latios, M|item
|poke|p1|Ninetales, F|item
|poke|p1|Volcarona, F|item
|poke|p1|Porygon2|item
|poke|p2|Garchomp, F|item
|poke|p2|Volcarona, M|item
|poke|p2|Breloom, M|item
|poke|p2|Dragonite, M|item
|poke|p2|Starmie|item
|poke|p2|Scizor, F|item
|teampreview
|l|☆Ando Kazeharu
|player|p2|
|c|☆refsunpersons|gl hf
|j|☆Ando Kazeharu
|player|p2|Ando Kazeharu|164
|c|☆Ando Kazeharu|U2
|
|start
|switch|p1a: Ninetales|Ninetales, F|100/100
|switch|p2a: Breloom|Breloom, M, shiny|100/100
|-weather|SunnyDay|[from] ability: Drought|[of] p1a: Ninetales
|-item|p1a: Ninetales|Air Balloon
|turn|1
|inactive|Battle timer is ON: inactive players will automatically lose when time's up. (requested by Ando Kazeharu)
|
|move|p1a: Ninetales|Fire Blast|p2a: Breloom
|-supereffective|p2a: Breloom
|-enditem|p2a: Breloom|Focus Sash
|-damage|p2a: Breloom|1/100
|-status|p2a: Breloom|brn
|move|p2a: Breloom|Spore|p1a: Ninetales
|-status|p1a: Ninetales|slp
|
|-weather|SunnyDay|[upkeep]
|-damage|p2a: Breloom|0 fnt|[from] brn
|upkeep
|faint|p2a: Breloom
|c|☆refsunpersons|sorry
|
|switch|p2a: Volcarona|Volcarona, M|100/100
|turn|2
|
|switch|p1a: Porygon2|Porygon2|100/100
|-ability|p1a: Porygon2|Flame Body|[from] ability: Trace|[of] p2a: Volcarona
|move|p2a: Volcarona|Quiver Dance|p2a: Volcarona
|-boost|p2a: Volcarona|spa|1
|-boost|p2a: Volcarona|spd|1
|-boost|p2a: Volcarona|spe|1
|
|-weather|SunnyDay|[upkeep]
|upkeep
|turn|3
|
|move|p2a: Volcarona|Quiver Dance|p2a: Volcarona
|-boost|p2a: Volcarona|spa|1
|-boost|p2a: Volcarona|spd|1
|-boost|p2a: Volcarona|spe|1
|move|p1a: Porygon2|Toxic|p2a: Volcarona
|-status|p2a: Volcarona|tox
|
|-weather|SunnyDay|[upkeep]
|-damage|p2a: Volcarona|94/100 tox|[from] psn
|upkeep
|turn|4
|
|move|p2a: Volcarona|Fire Blast|p1a: Porygon2
|-damage|p1a: Porygon2|7/100
|move|p1a: Porygon2|Recover|p1a: Porygon2
|-heal|p1a: Porygon2|57/100
|
|-weather|SunnyDay|[upkeep]
|-damage|p2a: Volcarona|82/100 tox|[from] psn
|upkeep
|turn|5
|
|switch|p1a: Ninetales|Ninetales, F|100/100 slp
|-item|p1a: Ninetales|Air Balloon
|move|p2a: Volcarona|Fire Blast|p1a: Ninetales
|-resisted|p1a: Ninetales
|-damage|p1a: Ninetales|0 fnt
|-enditem|p1a: Ninetales|Air Balloon
|faint|p1a: Ninetales
|
|-weather|SunnyDay|[upkeep]
|-damage|p2a: Volcarona|64/100 tox|[from] psn
|upkeep
|
|switch|p1a: Donphan|Donphan, F|100/100
|turn|6
|
|move|p2a: Volcarona|Fire Blast|p1a: Donphan
|-ability|p1a: Donphan|Sturdy
|-damage|p1a: Donphan|1/100
|move|p1a: Donphan|Earthquake|p2a: Volcarona
|-damage|p2a: Volcarona|7/100 tox
|
|-weather|SunnyDay|[upkeep]
|-heal|p1a: Donphan|7/100|[from] item: Leftovers
|-damage|p2a: Volcarona|0 fnt|[from] psn
|upkeep
|faint|p2a: Volcarona
|
|switch|p2a: Scizor|Scizor, F|100/100
|turn|7
|
|switch|p1a: Volcarona|Volcarona, F|100/100
|move|p2a: Scizor|Swords Dance|p2a: Scizor
|-boost|p2a: Scizor|atk|2
|
|-weather|SunnyDay|[upkeep]
|upkeep
|turn|8
|
|move|p2a: Scizor|Bullet Punch|p1a: Volcarona
|-resisted|p1a: Volcarona
|-damage|p1a: Volcarona|46/100
|-damage|p2a: Scizor|91/100|[from] item: Life Orb
|move|p1a: Volcarona|Flamethrower|p2a: Scizor
|-supereffective|p2a: Scizor
|-damage|p2a: Scizor|0 fnt
|faint|p2a: Scizor
|
|-weather|SunnyDay|[upkeep]
|upkeep
|
|switch|p2a: Starmie|Starmie, shiny|100/100
|turn|9
|
|switch|p1a: Donphan|Donphan, F|7/100
|move|p2a: Starmie|Hydro Pump|p1a: Donphan
|-supereffective|p1a: Donphan
|-damage|p1a: Donphan|0 fnt
|-damage|p2a: Starmie|91/100|[from] item: Life Orb
|faint|p1a: Donphan
|
|-weather|SunnyDay|[upkeep]
|upkeep
|
|switch|p1a: Porygon2|Porygon2|57/100
|-ability|p1a: Porygon2|Analytic|[from] ability: Trace|[of] p2a: Starmie
|turn|10
|
|switch|p2a: Dragonite|Dragonite, M|100/100
|move|p1a: Porygon2|Recover|p1a: Porygon2
|-heal|p1a: Porygon2|100/100
|
|-weather|SunnyDay|[upkeep]
|upkeep
|turn|11
|
|move|p2a: Dragonite|Dragon Dance|p2a: Dragonite
|-boost|p2a: Dragonite|atk|1
|-boost|p2a: Dragonite|spe|1
|move|p1a: Porygon2|Ice Beam|p2a: Dragonite
|-supereffective|p2a: Dragonite
|-damage|p2a: Dragonite|34/100
|
|-weather|SunnyDay|[upkeep]
|upkeep
|turn|12
|
|move|p2a: Dragonite|Outrage|p1a: Porygon2
|-damage|p1a: Porygon2|31/100
|move|p1a: Porygon2|Ice Beam|p2a: Dragonite
|-supereffective|p2a: Dragonite
|-damage|p2a: Dragonite|0 fnt
|faint|p2a: Dragonite
|
|-weather|SunnyDay|[upkeep]
|upkeep
|
|switch|p2a: Garchomp|Garchomp, F, shiny|100/100
|turn|13
|
|move|p2a: Garchomp|Earthquake|p1a: Porygon2
|-crit|p1a: Porygon2
|-damage|p1a: Porygon2|0 fnt
|faint|p1a: Porygon2
|
|-weather|SunnyDay|[upkeep]
|upkeep
|
|switch|p1a: Latios|Latios, M|100/100
|turn|14
|
|move|p1a: Latios|Draco Meteor|p2a: Garchomp
|-supereffective|p2a: Garchomp
|-crit|p2a: Garchomp
|-damage|p2a: Garchomp|0 fnt
|-unboost|p1a: Latios|spa|2
|-damage|p1a: Latios|91/100|[from] item: Life Orb
|faint|p2a: Garchomp
|
|-weather|SunnyDay|[upkeep]
|upkeep
|
|switch|p2a: Starmie|Starmie, shiny|91/100
|turn|15
|
|switch|p1a: Volcarona|Volcarona, F|46/100
|move|p2a: Starmie|Ice Beam|p1a: Volcarona
|-resisted|p1a: Volcarona
|-damage|p1a: Volcarona|24/100
|-damage|p2a: Starmie|81/100|[from] item: Life Orb
|
|-weather|SunnyDay|[upkeep]
|upkeep
|turn|16
|
|move|p2a: Starmie|Hydro Pump|p1a: Volcarona|[miss]
|-miss|p2a: Starmie|p1a: Volcarona
|move|p1a: Volcarona|Bug Buzz|p2a: Starmie
|-supereffective|p2a: Starmie
|-damage|p2a: Starmie|0 fnt
|faint|p2a: Starmie
|
|win|refsunpersons
|raw|refsunpersons's rating: 1354 &rarr; <strong>1372</strong><br />(+18 for winning)
|raw|Ando Kazeharu's rating: 1317 &rarr; <strong>1299</strong><br />(-18 for losing)
|l|☆Ando Kazeharu
|c|☆refsunpersons|gg
