|j|☆refsunpersons()
|j|☆gsc test 001
|player|p1|refsunpersons()|142
|player|p2|gsc test 001|1
|teamsize|p1|6
|teamsize|p2|6
|gametype|singles
|gen|5
|tier|[Gen 5] OU
|rated|
|rule|Sleep Clause Mod: Limit one foe put to sleep
|rule|Species Clause: Limit one of each Pokémon
|rule|OHKO Clause: OHKO moves are banned
|rule|Moody Clause: Moody is banned
|rule|Evasion Moves Clause: Evasion moves are banned
|rule|Endless Battle Clause: Forcing endless battles is banned
|rule|HP Percentage Mod: HP is shown in percentages
|rule|Evasion Abilities Clause: Evasion abilities are banned
|rule|Baton Pass Clause: Limit one Baton Passer, can't pass Spe and other stats simultaneously
|rule|Swagger Clause: Swagger is banned
|clearpoke
|poke|p1|Excadrill, F|item
|poke|p1|Jirachi|item
|poke|p1|Suicune|item
|poke|p1|Butterfree, M|item
|poke|p1|Magnezone|item
|poke|p1|Latios, M|item
|poke|p2|Politoed, M|item
|poke|p2|Skarmory, M|item
|poke|p2|Chansey, F|item
|poke|p2|Gothitelle, M|item
|poke|p2|Tentacruel, M|item
|poke|p2|Gliscor, M|item
|teampreview
|c|☆refsunpersons()|gl hf
|c|☆gsc test 001|hf
|
|start
|switch|p1a: Latios|Latios, M|100/100
|switch|p2a: Chansey|Chansey, F|100/100
|turn|1
|
|switch|p1a: Excadrill|Excadrill, F|100/100
|-ability|p1a: Excadrill|Mold Breaker
|move|p2a: Chansey|Stealth Rock|p1a: Excadrill
|-sidestart|p1: refsunpersons()|move: Stealth Rock
|
|upkeep
|turn|2
|
|switch|p2a: Gliscor|Gliscor, M|100/100
|move|p1a: Excadrill|Rapid Spin|p2a: Gliscor
|-damage|p2a: Gliscor|96/100
|-sideend|p1: refsunpersons()|Stealth Rock|[from] move: Rapid Spin|[of] p1a: Excadrill
|
|-status|p2a: Gliscor|tox|[from] item: Toxic Orb
|upkeep
|turn|3
|
|move|p2a: Gliscor|Substitute|p2a: Gliscor
|-start|p2a: Gliscor|Substitute
|-damage|p2a: Gliscor|71/100 tox
|move|p1a: Excadrill|Stealth Rock|p2a: Gliscor
|-sidestart|p2: gsc test 001|move: Stealth Rock
|
|-heal|p2a: Gliscor|83/100 tox|[from] ability: Poison Heal
|upkeep
|turn|4
|
|switch|p1a: Suicune|Suicune|100/100
|-ability|p1a: Suicune|Pressure
|move|p2a: Gliscor|Earthquake|p1a: Suicune
|-damage|p1a: Suicune|81/100
|
|-heal|p1a: Suicune|87/100|[from] item: Leftovers
|-heal|p2a: Gliscor|96/100 tox|[from] ability: Poison Heal
|upkeep
|turn|5
|
|move|p2a: Gliscor|Toxic|p1a: Suicune
|-status|p1a: Suicune|tox
|move|p1a: Suicune|Calm Mind|p1a: Suicune
|-boost|p1a: Suicune|spa|1
|-boost|p1a: Suicune|spd|1
|
|-heal|p1a: Suicune|93/100 tox|[from] item: Leftovers
|-heal|p2a: Gliscor|100/100 tox|[from] ability: Poison Heal
|-damage|p1a: Suicune|87/100 tox|[from] psn
|upkeep
|turn|6
|
|switch|p2a: Politoed|Politoed, M|100/100
|-damage|p2a: Politoed|88/100|[from] Stealth Rock
|-weather|RainDance|[from] ability: Drizzle|[of] p2a: Politoed
|move|p1a: Suicune|Calm Mind|p1a: Suicune
|-boost|p1a: Suicune|spa|1
|-boost|p1a: Suicune|spd|1
|
|-weather|RainDance|[upkeep]
|-heal|p1a: Suicune|93/100 tox|[from] item: Leftovers
|-heal|p2a: Politoed|94/100|[from] item: Leftovers
|-damage|p1a: Suicune|81/100 tox|[from] psn
|upkeep
|turn|7
|
|move|p1a: Suicune|Rest|p1a: Suicune
|-status|p1a: Suicune|slp
|-heal|p1a: Suicune|100/100 slp|[silent]
|-status|p1a: Suicune|slp|[from] move: Rest
|move|p2a: Politoed|Perish Song|p2a: Politoed
|-start|p1a: Suicune|perish3|[silent]
|-start|p2a: Politoed|perish3|[silent]
|-fieldactivate|move: Perish Song
|
|-weather|RainDance|[upkeep]
|-heal|p2a: Politoed|100/100|[from] item: Leftovers
|-start|p1a: Suicune|perish3
|-start|p2a: Politoed|perish3
|upkeep
|turn|8
|
|switch|p1a: Latios|Latios, M|100/100
|switch|p2a: Tentacruel|Tentacruel, M|100/100
|-damage|p2a: Tentacruel|88/100|[from] Stealth Rock
|
|-weather|RainDance|[upkeep]
|-heal|p2a: Tentacruel|94/100|[from] ability: Rain Dish
|-heal|p2a: Tentacruel|99/100|[from] item: Leftovers
|upkeep
|turn|9
|
|move|p2a: Tentacruel|Protect|p2a: Tentacruel
|-singleturn|p2a: Tentacruel|Protect
|move|p1a: Latios|Draco Meteor|p2a: Tentacruel
|-activate|p2a: Tentacruel|move: Protect
|
|-weather|RainDance|[upkeep]
|-heal|p2a: Tentacruel|100/100|[from] ability: Rain Dish
|upkeep
|turn|10
|
|switch|p2a: Chansey|Chansey, F|100/100
|-damage|p2a: Chansey|88/100|[from] Stealth Rock
|move|p1a: Latios|Draco Meteor|p2a: Chansey
|-damage|p2a: Chansey|56/100
|-unboost|p1a: Latios|spa|2
|
|-weather|RainDance|[upkeep]
|upkeep
|turn|11
|
|switch|p1a: Jirachi|Jirachi|100/100
|move|p2a: Chansey|Soft-Boiled|p2a: Chansey
|-heal|p2a: Chansey|100/100
|
|-weather|RainDance|[upkeep]
|upkeep
|turn|12
|
|move|p1a: Jirachi|U-turn|p2a: Chansey
|-damage|p2a: Chansey|87/100
|
|switch|p1a: Excadrill|Excadrill, F|100/100
|-ability|p1a: Excadrill|Mold Breaker
|move|p2a: Chansey|Stealth Rock|p1a: Excadrill
|-sidestart|p1: refsunpersons()|move: Stealth Rock
|
|-weather|RainDance|[upkeep]
|upkeep
|turn|13
|
|switch|p2a: Gothitelle|Gothitelle, M|100/100
|-damage|p2a: Gothitelle|88/100|[from] Stealth Rock
|move|p1a: Excadrill|Rapid Spin|p2a: Gothitelle
|-damage|p2a: Gothitelle|83/100
|-sideend|p1: refsunpersons()|Stealth Rock|[from] move: Rapid Spin|[of] p1a: Excadrill
|
|-weather|RainDance|[upkeep]
|upkeep
|turn|14
|
|move|p1a: Excadrill|Protect|p1a: Excadrill
|-singleturn|p1a: Excadrill|Protect
|move|p2a: Gothitelle|Trick|p1a: Excadrill
|-activate|p1a: Excadrill|move: Protect
|
|-weather|RainDance|[upkeep]
|upkeep
|turn|15
|
|move|p2a: Gothitelle|Trick|p1a: Excadrill
|-activate|p2a: Gothitelle|move: Trick|[of] p1a: Excadrill
|-item|p1a: Excadrill|Choice Scarf|[from] move: Trick
|-item|p2a: Gothitelle|Leftovers|[from] move: Trick
|move|p1a: Excadrill|Earthquake|p2a: Gothitelle
|-crit|p2a: Gothitelle
|-damage|p2a: Gothitelle|0 fnt
|faint|p2a: Gothitelle
|
|-weather|RainDance|[upkeep]
|upkeep
|
|switch|p2a: Skarmory|Skarmory, M|100/100
|-damage|p2a: Skarmory|88/100|[from] Stealth Rock
|turn|16
|
|switch|p1a: Magnezone|Magnezone|100/100
|-item|p1a: Magnezone|Air Balloon
|move|p2a: Skarmory|Spikes|p1a: Magnezone
|-sidestart|p1: refsunpersons()|Spikes
|
|-weather|RainDance|[upkeep]
|-heal|p2a: Skarmory|94/100|[from] item: Leftovers
|upkeep
|turn|17
|
|move|p1a: Magnezone|Thunderbolt|p2a: Skarmory
|-supereffective|p2a: Skarmory
|-damage|p2a: Skarmory|0 fnt
|faint|p2a: Skarmory
|
|-weather|RainDance|[upkeep]
|upkeep
|
|switch|p2a: Gliscor|Gliscor, M|100/100 tox
|-damage|p2a: Gliscor|88/100 tox|[from] Stealth Rock
|turn|18
|
|switch|p2a: Chansey|Chansey, F|87/100
|-damage|p2a: Chansey|74/100|[from] Stealth Rock
|switch|p1a: Suicune|Suicune|100/100 slp
|-damage|p1a: Suicune|88/100 slp|[from] Spikes
|-ability|p1a: Suicune|Pressure
|
|-weather|RainDance|[upkeep]
|-heal|p1a: Suicune|94/100 slp|[from] item: Leftovers
|upkeep
|turn|19
|
|switch|p1a: Jirachi|Jirachi|100/100
|-damage|p1a: Jirachi|88/100|[from] Spikes
|move|p2a: Chansey|Stealth Rock|p1a: Jirachi
|-sidestart|p1: refsunpersons()|move: Stealth Rock
|
|-weather|RainDance|[upkeep]
|upkeep
|turn|20
|
|switch|p2a: Tentacruel|Tentacruel, M|100/100
|-damage|p2a: Tentacruel|88/100|[from] Stealth Rock
|move|p1a: Jirachi|Iron Head|p2a: Tentacruel
|-resisted|p2a: Tentacruel
|-damage|p2a: Tentacruel|74/100
|
|-weather|RainDance|[upkeep]
|-heal|p2a: Tentacruel|80/100|[from] ability: Rain Dish
|-heal|p2a: Tentacruel|86/100|[from] item: Leftovers
|upkeep
|turn|21
|
|switch|p1a: Excadrill|Excadrill, F|100/100
|-damage|p1a: Excadrill|88/100|[from] Spikes
|-damage|p1a: Excadrill|85/100|[from] Stealth Rock
|-ability|p1a: Excadrill|Mold Breaker
|move|p2a: Tentacruel|Rapid Spin|p1a: Excadrill
|-resisted|p1a: Excadrill
|-damage|p1a: Excadrill|83/100
|-sideend|p2: gsc test 001|Stealth Rock|[from] move: Rapid Spin|[of] p2a: Tentacruel
|
|-weather|RainDance|[upkeep]
|-heal|p2a: Tentacruel|92/100|[from] ability: Rain Dish
|-heal|p2a: Tentacruel|98/100|[from] item: Leftovers
|upkeep
|turn|22
|
|move|p2a: Tentacruel|Protect|p2a: Tentacruel
|-singleturn|p2a: Tentacruel|Protect
|move|p1a: Excadrill|Rapid Spin|p2a: Tentacruel
|-activate|p2a: Tentacruel|move: Protect
|
|-weather|RainDance|[upkeep]
|-heal|p2a: Tentacruel|100/100|[from] ability: Rain Dish
|upkeep
|turn|23
|
|switch|p1a: Suicune|Suicune|94/100 slp
|-damage|p1a: Suicune|82/100 slp|[from] Spikes
|-damage|p1a: Suicune|70/100 slp|[from] Stealth Rock
|-ability|p1a: Suicune|Pressure
|move|p2a: Tentacruel|Scald|p1a: Suicune
|-resisted|p1a: Suicune
|-damage|p1a: Suicune|57/100 slp
|
|-weather|RainDance|[upkeep]
|-heal|p1a: Suicune|63/100 slp|[from] item: Leftovers
|upkeep
|turn|24
|
|switch|p2a: Gliscor|Gliscor, M|88/100 tox
|cant|p1a: Suicune|slp
|move|p1a: Suicune|Sleep Talk|p1a: Suicune
|move|p1a: Suicune|Calm Mind|p1a: Suicune|[from]Sleep Talk
|-boost|p1a: Suicune|spa|1
|-boost|p1a: Suicune|spd|1
|
|-weather|RainDance|[upkeep]
|-heal|p1a: Suicune|69/100 slp|[from] item: Leftovers
|-heal|p2a: Gliscor|100/100 tox|[from] ability: Poison Heal
|upkeep
|turn|25
|
|move|p2a: Gliscor|Earthquake|p1a: Suicune
|-damage|p1a: Suicune|51/100 slp
|cant|p1a: Suicune|slp
|move|p1a: Suicune|Sleep Talk|p1a: Suicune
|move|p1a: Suicune|Calm Mind|p1a: Suicune|[from]Sleep Talk
|-boost|p1a: Suicune|spa|1
|-boost|p1a: Suicune|spd|1
|
|-weather|RainDance|[upkeep]
|-heal|p1a: Suicune|58/100 slp|[from] item: Leftovers
|upkeep
|turn|26
|
|switch|p2a: Politoed|Politoed, M|100/100
|-curestatus|p1a: Suicune|slp|[msg]
|move|p1a: Suicune|Scald|p2a: Politoed
|-resisted|p2a: Politoed
|-damage|p2a: Politoed|70/100
|-status|p2a: Politoed|brn
|
|-weather|RainDance|[upkeep]
|-heal|p1a: Suicune|64/100|[from] item: Leftovers
|-heal|p2a: Politoed|76/100 brn|[from] item: Leftovers
|-damage|p2a: Politoed|63/100 brn|[from] brn
|upkeep
|turn|27
|
|move|p1a: Suicune|Scald|p2a: Politoed
|-resisted|p2a: Politoed
|-damage|p2a: Politoed|32/100 brn
|move|p2a: Politoed|Toxic|p1a: Suicune
|-status|p1a: Suicune|tox
|
|-weather|RainDance|[upkeep]
|-heal|p1a: Suicune|70/100 tox|[from] item: Leftovers
|-heal|p2a: Politoed|38/100 brn|[from] item: Leftovers
|-damage|p1a: Suicune|64/100 tox|[from] psn
|-damage|p2a: Politoed|26/100 brn|[from] brn
|upkeep
|turn|28
|
|switch|p2a: Chansey|Chansey, F|74/100
|move|p1a: Suicune|Rest|p1a: Suicune
|-status|p1a: Suicune|slp
|-heal|p1a: Suicune|100/100 slp|[silent]
|-status|p1a: Suicune|slp|[from] move: Rest
|
|-weather|RainDance|[upkeep]
|upkeep
|turn|29
|
|switch|p2a: Politoed|Politoed, M|26/100 brn
|cant|p1a: Suicune|slp
|move|p1a: Suicune|Sleep Talk|p1a: Suicune
|move|p1a: Suicune|Scald|p2a: Politoed|[from]Sleep Talk
|-resisted|p2a: Politoed
|-damage|p2a: Politoed|0 fnt
|faint|p2a: Politoed
|
|-weather|RainDance|[upkeep]
|upkeep
|-message|gsc test 001 forfeited.
|
|win|refsunpersons()
|l|☆gsc test 001
|raw|refsunpersons()'s rating: 1438 &rarr; <strong>1455</strong><br />(+17 for winning)
|raw|gsc test 001's rating: 1383 &rarr; <strong>1366</strong><br />(-17 for losing)
|n| ButterfreeUser|refsunpersons
