|j|☆phosphor
|j|☆ihymyly
|t:|1724992653
|gametype|singles
|player|p1|phosphor|#phosphor|1400
|player|p2|ihymyly|cheryl|1432
|teamsize|p1|6
|teamsize|p2|6
|gen|5
|tier|[Gen 5] OU
|rated|
|rule|Species Clause: Limit one of each Pokémon
|rule|OHKO Clause: OHKO moves are banned
|rule|Moody Clause: Moody is banned
|rule|Evasion Items Clause: Evasion items are banned
|rule|Evasion Moves Clause: Evasion moves are banned
|rule|Endless Battle Clause: Forcing endless battles is banned
|rule|HP Percentage Mod: HP is shown in percentages
|rule|Evasion Abilities Clause: Evasion abilities are banned
|rule|Sleep Moves Clause: Sleep-inducing moves are banned
|rule|Swagger Clause: Swagger is banned
|rule|Baton Pass Stat Clause: No Baton Passer may have a way to boost its stats
|clearpoke
|poke|p1|Tyranitar, F|item
|poke|p1|Ferrothorn, F|item
|poke|p1|Gliscor, M|item
|poke|p1|Starmie|item
|poke|p1|Salamence, F|item
|poke|p1|Mamoswine, M|item
|poke|p2|Hydreigon, F|item
|poke|p2|Landorus-Therian, M|item
|poke|p2|Jellicent, M|item
|poke|p2|Tyranitar, F|item
|poke|p2|Skarmory, F|item
|poke|p2|Alakazam, M|item
|teampreview
|c|☆phosphor|Gl hf
|c|☆ihymyly|glhf
|
|t:|1724992678
|start
|switch|p1a: Starmie|Starmie|100/100
|switch|p2a: Landorus|Landorus-Therian, M|100/100
|-item|p1a: Starmie|Air Balloon
|-ability|p2a: Landorus|Intimidate|boost
|-unboost|p1a: Starmie|atk|1
|turn|1
|
|t:|1724992684
|switch|p1a: Mamoswine|Mamoswine, M|100/100
|switch|p2a: Tyranitar|Tyranitar, F|100/100
|-weather|Sandstorm|[from] ability: Sand Stream|[of] p2a: Tyranitar
|
|-weather|Sandstorm|[upkeep]
|upkeep
|turn|2
|
|t:|1724992688
|switch|p2a: Skarmory|Skarmory, F|100/100
|move|p1a: Mamoswine|Substitute|p1a: Mamoswine
|-start|p1a: Mamoswine|Substitute
|-damage|p1a: Mamoswine|75/100
|
|-weather|Sandstorm|[upkeep]
|upkeep
|turn|3
|
|t:|1724992695
|move|p1a: Mamoswine|Icicle Crash|p2a: Skarmory
|-damage|p2a: Skarmory|66/100
|move|p2a: Skarmory|Whirlwind|p1a: Mamoswine
|drag|p1a: Gliscor|Gliscor, M|100/100
|
|-weather|Sandstorm|[upkeep]
|upkeep
|turn|4
|
|t:|1724992699
|move|p1a: Gliscor|Swords Dance|p1a: Gliscor
|-boost|p1a: Gliscor|atk|2
|move|p2a: Skarmory|Spikes|p1a: Gliscor
|-sidestart|p1: phosphor|Spikes
|
|-weather|Sandstorm|[upkeep]
|upkeep
|turn|5
|
|t:|1724992702
|move|p1a: Gliscor|Sky Attack||[still]
|-prepare|p1a: Gliscor|Sky Attack
|-enditem|p1a: Gliscor|Power Herb
|-anim|p1a: Gliscor|Sky Attack|p2a: Skarmory
|-resisted|p2a: Skarmory
|-damage|p2a: Skarmory|14/100
|cant|p2a: Skarmory|flinch
|
|-weather|Sandstorm|[upkeep]
|upkeep
|turn|6
|
|t:|1724992709
|switch|p2a: Landorus|Landorus-Therian, M|100/100
|-ability|p2a: Landorus|Intimidate|boost
|-fail|p1a: Gliscor|unboost|Attack|[from] ability: Hyper Cutter|[of] p1a: Gliscor
|move|p1a: Gliscor|Acrobatics|p2a: Landorus
|-damage|p2a: Landorus|3/100
|
|-weather|Sandstorm|[upkeep]
|-heal|p2a: Landorus|9/100|[from] item: Leftovers
|upkeep
|turn|7
|
|t:|1724992717
|switch|p1a: Ferrothorn|Ferrothorn, F|100/100
|-damage|p1a: Ferrothorn|88/100|[from] Spikes
|move|p2a: Landorus|Hidden Power|p1a: Ferrothorn
|-damage|p1a: Ferrothorn|76/100
|
|-weather|Sandstorm|[upkeep]
|-heal|p2a: Landorus|15/100|[from] item: Leftovers
|upkeep
|turn|8
|
|t:|1724992722
|move|p2a: Landorus|Stealth Rock|p1a: Ferrothorn
|-sidestart|p1: phosphor|move: Stealth Rock
|move|p1a: Ferrothorn|Stealth Rock|p2a: Landorus
|-sidestart|p2: ihymyly|move: Stealth Rock
|
|-weather|Sandstorm|[upkeep]
|-heal|p2a: Landorus|22/100|[from] item: Leftovers
|upkeep
|turn|9
|
|t:|1724992726
|move|p2a: Landorus|Earthquake|p1a: Ferrothorn
|-damage|p1a: Ferrothorn|40/100
|move|p1a: Ferrothorn|Spikes|p2a: Landorus
|-sidestart|p2: ihymyly|Spikes
|
|-weather|Sandstorm|[upkeep]
|-heal|p2a: Landorus|28/100|[from] item: Leftovers
|upkeep
|turn|10
|
|t:|1724992733
|move|p2a: Landorus|U-turn|p1a: Ferrothorn
|-damage|p1a: Ferrothorn|24/100
|-damage|p2a: Landorus|15/100|[from] ability: Iron Barbs|[of] p1a: Ferrothorn
|
|t:|1724992735
|switch|p2a: Skarmory|Skarmory, F|14/100|[from] U-turn
|-damage|p2a: Skarmory|2/100|[from] Stealth Rock
|move|p1a: Ferrothorn|Power Whip|p2a: Skarmory
|-resisted|p2a: Skarmory
|-damage|p2a: Skarmory|0 fnt
|faint|p2a: Skarmory
|
|-weather|Sandstorm|[upkeep]
|upkeep
|
|t:|1724992737
|switch|p2a: Hydreigon|Hydreigon, F|100/100
|-damage|p2a: Hydreigon|88/100|[from] Stealth Rock
|turn|11
|
|t:|1724992740
|move|p2a: Hydreigon|Flamethrower|p1a: Ferrothorn
|-supereffective|p1a: Ferrothorn
|-damage|p1a: Ferrothorn|0 fnt
|faint|p1a: Ferrothorn
|-damage|p2a: Hydreigon|78/100|[from] item: Life Orb
|
|-weather|Sandstorm|[upkeep]
|-damage|p2a: Hydreigon|72/100|[from] Sandstorm
|upkeep
|
|t:|1724992762
|switch|p1a: Salamence|Salamence, F|100/100
|-damage|p1a: Salamence|76/100|[from] Stealth Rock
|turn|12
|
|t:|1724992767
|switch|p2a: Landorus|Landorus-Therian, M|15/100
|-damage|p2a: Landorus|3/100|[from] Stealth Rock
|-ability|p2a: Landorus|Intimidate|boost
|-unboost|p1a: Salamence|atk|1
|move|p1a: Salamence|Outrage|p2a: Landorus
|-damage|p2a: Landorus|0 fnt
|faint|p2a: Landorus
|-ability|p1a: Salamence|Moxie|boost
|-boost|p1a: Salamence|atk|1
|
|-weather|Sandstorm|[upkeep]
|-damage|p1a: Salamence|70/100|[from] Sandstorm
|upkeep
|
|t:|1724992775
|switch|p2a: Jellicent|Jellicent, M|100/100
|-damage|p2a: Jellicent|88/100|[from] Stealth Rock
|-item|p2a: Jellicent|Air Balloon
|turn|13
|
|t:|1724992777
|move|p1a: Salamence|Outrage|p2a: Jellicent|[from]lockedmove
|-damage|p2a: Jellicent|35/100
|-enditem|p2a: Jellicent|Air Balloon
|-start|p1a: Salamence|confusion|[fatigue]
|move|p2a: Jellicent|Will-O-Wisp|p1a: Salamence|[miss]
|-miss|p2a: Jellicent|p1a: Salamence
|
|-weather|Sandstorm|[upkeep]
|-damage|p1a: Salamence|64/100|[from] Sandstorm
|-damage|p2a: Jellicent|28/100|[from] Sandstorm
|upkeep
|turn|14
|
|t:|1724992786
|-activate|p1a: Salamence|confusion
|-damage|p1a: Salamence|45/100|[from] confusion
|move|p2a: Jellicent|Recover|p2a: Jellicent
|-heal|p2a: Jellicent|79/100
|
|-weather|Sandstorm|[upkeep]
|-damage|p1a: Salamence|39/100|[from] Sandstorm
|-damage|p2a: Jellicent|72/100|[from] Sandstorm
|upkeep
|turn|15
|
|t:|1724992792
|-activate|p1a: Salamence|confusion
|-damage|p1a: Salamence|22/100|[from] confusion
|move|p2a: Jellicent|Will-O-Wisp|p1a: Salamence
|-status|p1a: Salamence|brn
|
|-weather|Sandstorm|[upkeep]
|-damage|p1a: Salamence|16/100 brn|[from] Sandstorm
|-damage|p2a: Jellicent|66/100|[from] Sandstorm
|-damage|p1a: Salamence|3/100 brn|[from] brn
|upkeep
|turn|16
|
|t:|1724992800
|switch|p1a: Starmie|Starmie|100/100
|-damage|p1a: Starmie|88/100|[from] Stealth Rock
|-item|p1a: Starmie|Air Balloon
|move|p2a: Jellicent|Recover|p2a: Jellicent
|-heal|p2a: Jellicent|100/100
|
|-weather|Sandstorm|[upkeep]
|-damage|p1a: Starmie|82/100|[from] Sandstorm
|-damage|p2a: Jellicent|94/100|[from] Sandstorm
|upkeep
|turn|17
|
|t:|1724992804
|move|p1a: Starmie|Thunder|p2a: Jellicent
|-supereffective|p2a: Jellicent
|-crit|p2a: Jellicent
|-damage|p2a: Jellicent|1/100
|move|p2a: Jellicent|Night Shade|p1a: Starmie
|-damage|p1a: Starmie|44/100
|-enditem|p1a: Starmie|Air Balloon
|
|-weather|Sandstorm|[upkeep]
|-damage|p1a: Starmie|38/100|[from] Sandstorm
|-damage|p2a: Jellicent|0 fnt|[from] Sandstorm
|faint|p2a: Jellicent
|upkeep
|
|t:|1724992809
|switch|p2a: Alakazam|Alakazam, M|100/100
|turn|18
|c|☆phosphor|Sry
|
|t:|1724992820
|switch|p1a: Salamence|Salamence, F|3/100 brn
|-damage|p1a: Salamence|0 fnt|[from] Stealth Rock
|faint|p1a: Salamence
|move|p2a: Alakazam|Shadow Ball|p1: Salamence|[notarget]
|-fail|p2a: Alakazam
|
|-weather|Sandstorm|[upkeep]
|upkeep
|
|t:|1724992822
|switch|p1a: Tyranitar|Tyranitar, F|100/100
|-damage|p1a: Tyranitar|88/100|[from] Spikes
|-damage|p1a: Tyranitar|76/100|[from] Stealth Rock
|turn|19
|
|t:|1724992827
|move|p2a: Alakazam|Focus Blast|p1a: Tyranitar|[miss]
|-miss|p2a: Alakazam|p1a: Tyranitar
|move|p1a: Tyranitar|Pursuit|p2a: Alakazam
|-supereffective|p2a: Alakazam
|-enditem|p2a: Alakazam|Focus Sash
|-damage|p2a: Alakazam|1/100
|
|-weather|Sandstorm|[upkeep]
|upkeep
|turn|20
|
|t:|1724992830
|move|p2a: Alakazam|Focus Blast|p1a: Tyranitar
|-supereffective|p1a: Tyranitar
|-enditem|p1a: Tyranitar|Chople Berry|[eat]
|-enditem|p1a: Tyranitar|Chople Berry|[weaken]
|-damage|p1a: Tyranitar|32/100
|move|p1a: Tyranitar|Pursuit|p2a: Alakazam
|-supereffective|p2a: Alakazam
|-crit|p2a: Alakazam
|-damage|p2a: Alakazam|0 fnt
|faint|p2a: Alakazam
|
|-weather|Sandstorm|[upkeep]
|upkeep
|
|t:|1724992833
|switch|p2a: Tyranitar|Tyranitar, F|100/100
|-damage|p2a: Tyranitar|88/100|[from] Stealth Rock
|-damage|p2a: Tyranitar|76/100|[from] Spikes
|turn|21
|
|t:|1724992838
|move|p2a: Tyranitar|Superpower|p1a: Tyranitar
|-supereffective|p1a: Tyranitar
|-damage|p1a: Tyranitar|0 fnt
|-unboost|p2a: Tyranitar|atk|1
|-unboost|p2a: Tyranitar|def|1
|faint|p1a: Tyranitar
|
|-weather|Sandstorm|[upkeep]
|upkeep
|
|t:|1724992845
|switch|p1a: Gliscor|Gliscor, M|100/100
|-damage|p1a: Gliscor|88/100|[from] Stealth Rock
|turn|22
|
|t:|1724992849
|switch|p2a: Hydreigon|Hydreigon, F|72/100
|-damage|p2a: Hydreigon|60/100|[from] Stealth Rock
|move|p1a: Gliscor|Acrobatics|p2a: Hydreigon
|-damage|p2a: Hydreigon|6/100
|
|-weather|Sandstorm|[upkeep]
|-damage|p2a: Hydreigon|0 fnt|[from] Sandstorm
|faint|p2a: Hydreigon
|upkeep
|-message|ihymyly forfeited.
|
|win|phosphor
|raw|phosphor's rating: 1400 &rarr; <strong>1422</strong><br />(+22 for winning)
|raw|ihymyly's rating: 1432 &rarr; <strong>1410</strong><br />(-22 for losing)
|l|☆ihymyly
|player|p2|
