|j|‽initialoffense
|j|☆uncertainty of tmr
|player|p1|initialoffense|dawn|1466
|player|p2|uncertainty of tmr|266|1527
|teamsize|p1|6
|teamsize|p2|6
|gametype|singles
|gen|5
|tier|[Gen 5] OU
|rated|
|rule|Sleep Clause Mod: Limit one foe put to sleep
|rule|Species Clause: Limit one of each Pokémon
|rule|OHKO Clause: OHKO moves are banned
|rule|Moody Clause: Moody is banned
|rule|Evasion Moves Clause: Evasion moves are banned
|rule|Endless Battle Clause: Forcing endless battles is banned
|rule|HP Percentage Mod: HP is shown in percentages
|rule|Evasion Abilities Clause: Evasion abilities are banned
|rule|Baton Pass Clause: Limit one Baton Passer, can't pass Spe and other stats simultaneously
|rule|Swagger Clause: Swagger is banned
|clearpoke
|poke|p1|Tyranitar, F|item
|poke|p1|Alakazam, M|item
|poke|p1|Breloom, F|item
|poke|p1|Hydreigon, F|item
|poke|p1|Landorus-Therian, M|item
|poke|p1|Scizor, M|item
|poke|p2|Starmie|item
|poke|p2|Dragonite, F|item
|poke|p2|Jirachi|item
|poke|p2|Magnezone|item
|poke|p2|Amoonguss, F|item
|poke|p2|Landorus-Therian, M|item
|teampreview
|
|start
|switch|p1a: Breloom|Breloom, F|100/100
|switch|p2a: Jirachi|Jirachi|100/100
|turn|1
|inactive|Battle timer is ON: inactive players will automatically lose when time's up. (requested by uncertainty of tmr)
|inactive|initialoffense also wants the timer to be on.
|
|move|p2a: Jirachi|Iron Head|p1a: Breloom
|-crit|p1a: Breloom
|-damage|p1a: Breloom|33/100
|cant|p1a: Breloom|flinch
|
|-status|p1a: Breloom|tox|[from] item: Toxic Orb
|upkeep
|turn|2
|
|move|p1a: Breloom|Protect|p1a: Breloom
|-singleturn|p1a: Breloom|Protect
|move|p2a: Jirachi|Stealth Rock|p1a: Breloom
|-sidestart|p1: initialoffense|move: Stealth Rock
|
|-heal|p1a: Breloom|45/100 tox|[from] ability: Poison Heal
|upkeep
|turn|3
|
|move|p2a: Jirachi|Iron Head|p1a: Breloom
|-damage|p1a: Breloom|11/100 tox
|move|p1a: Breloom|Spore|p2a: Jirachi
|-status|p2a: Jirachi|slp|[from] move: Spore
|
|-heal|p1a: Breloom|23/100 tox|[from] ability: Poison Heal
|upkeep
|turn|4
|
|switch|p1a: Tyranitar|Tyranitar, F|100/100
|-damage|p1a: Tyranitar|88/100|[from] Stealth Rock
|-weather|Sandstorm|[from] ability: Sand Stream|[of] p1a: Tyranitar
|cant|p2a: Jirachi|slp
|
|-weather|Sandstorm|[upkeep]
|upkeep
|turn|5
|
|cant|p2a: Jirachi|slp
|move|p1a: Tyranitar|Stealth Rock|p2a: Jirachi
|-sidestart|p2: uncertainty of tmr|move: Stealth Rock
|
|-weather|Sandstorm|[upkeep]
|upkeep
|turn|6
|
|-curestatus|p2a: Jirachi|slp|[msg]
|move|p2a: Jirachi|Iron Head|p1a: Tyranitar
|-supereffective|p1a: Tyranitar
|-damage|p1a: Tyranitar|34/100
|move|p1a: Tyranitar|Fire Blast|p2a: Jirachi
|-supereffective|p2a: Jirachi
|-damage|p2a: Jirachi|50/100
|
|-weather|Sandstorm|[upkeep]
|upkeep
|turn|7
|
|move|p2a: Jirachi|Iron Head|p1a: Tyranitar
|-supereffective|p1a: Tyranitar
|-damage|p1a: Tyranitar|0 fnt
|faint|p1a: Tyranitar
|
|-weather|Sandstorm|[upkeep]
|upkeep
|
|switch|p1a: Hydreigon|Hydreigon, F, shiny|100/100
|-damage|p1a: Hydreigon|88/100|[from] Stealth Rock
|turn|8
|
|move|p2a: Jirachi|Icy Wind|p1a: Hydreigon
|-supereffective|p1a: Hydreigon
|-damage|p1a: Hydreigon|58/100
|-unboost|p1a: Hydreigon|spe|1
|move|p1a: Hydreigon|Dark Pulse|p2a: Jirachi
|-damage|p2a: Jirachi|2/100
|-damage|p1a: Hydreigon|49/100|[from] item: Life Orb
|
|-weather|Sandstorm|[upkeep]
|-damage|p1a: Hydreigon|42/100|[from] Sandstorm
|upkeep
|turn|9
|
|switch|p1a: Scizor|Scizor, M, shiny|100/100
|-damage|p1a: Scizor|88/100|[from] Stealth Rock
|move|p2a: Jirachi|Iron Head|p1a: Scizor
|-resisted|p1a: Scizor
|-damage|p1a: Scizor|75/100
|
|-weather|Sandstorm|[upkeep]
|upkeep
|turn|10
|
|switch|p2a: Magnezone|Magnezone, shiny|100/100
|-damage|p2a: Magnezone|94/100|[from] Stealth Rock
|-item|p2a: Magnezone|Air Balloon
|move|p1a: Scizor|Bullet Punch|p2a: Magnezone
|-resisted|p2a: Magnezone
|-damage|p2a: Magnezone|81/100
|-enditem|p2a: Magnezone|Air Balloon
|
|-weather|Sandstorm|[upkeep]
|upkeep
|turn|11
|
|move|p1a: Scizor|Bullet Punch|p2a: Magnezone
|-resisted|p2a: Magnezone
|-damage|p2a: Magnezone|68/100
|move|p2a: Magnezone|Hidden Power|p1a: Scizor
|-supereffective|p1a: Scizor
|-damage|p1a: Scizor|0 fnt
|faint|p1a: Scizor
|
|-weather|Sandstorm|[upkeep]
|upkeep
|
|switch|p1a: Landorus|Landorus-Therian, M|100/100
|-damage|p1a: Landorus|88/100|[from] Stealth Rock
|-ability|p1a: Landorus|Intimidate|boost
|-unboost|p2a: Magnezone|atk|1
|turn|12
|
|move|p1a: Landorus|Swords Dance|p1a: Landorus
|-boost|p1a: Landorus|atk|2
|move|p2a: Magnezone|Magnet Rise|p2a: Magnezone
|-start|p2a: Magnezone|Magnet Rise
|
|-weather|Sandstorm|[upkeep]
|-heal|p1a: Landorus|94/100|[from] item: Leftovers
|upkeep
|turn|13
|
|move|p1a: Landorus|Stone Edge|p2a: Magnezone|[miss]
|-miss|p1a: Landorus|p2a: Magnezone
|move|p2a: Magnezone|Hidden Power|p1a: Landorus
|-damage|p1a: Landorus|67/100
|
|-weather|Sandstorm|[upkeep]
|-heal|p1a: Landorus|73/100|[from] item: Leftovers
|upkeep
|turn|14
|
|move|p1a: Landorus|Stone Edge|p2a: Magnezone|[miss]
|-miss|p1a: Landorus|p2a: Magnezone
|move|p2a: Magnezone|Hidden Power|p1a: Landorus
|-crit|p1a: Landorus
|-damage|p1a: Landorus|18/100
|
|-weather|Sandstorm|[upkeep]
|-heal|p1a: Landorus|24/100|[from] item: Leftovers
|upkeep
|turn|15
|
|move|p1a: Landorus|Earthquake|p2a: Magnezone
|-immune|p2a: Magnezone
|move|p2a: Magnezone|Hidden Power|p1a: Landorus
|-damage|p1a: Landorus|0 fnt
|faint|p1a: Landorus
|
|-weather|Sandstorm|[upkeep]
|upkeep
|-message|initialoffense forfeited.
|
|win|uncertainty of tmr
|l|‽initialoffense
|l|☆uncertainty of tmr
|j|☆uncertainty of tmr
|player|p2|uncertainty of tmr|266
|raw|initialoffense's rating: 1478 &rarr; <strong>1460</strong><br />(-18 for losing)
|raw|uncertainty of tmr's rating: 1528 &rarr; <strong>1545</strong><br />(+17 for winning)
