|j|☆Coronet077
|j|☆BWVC BookofConke
|t:|1717079903
|gametype|singles
|player|p1|Coronet077|fisherman-gen4|1302
|player|p2|BWVC BookofConke|silver-masters|1460
|teamsize|p1|6
|teamsize|p2|6
|gen|5
|tier|[Gen 5] OU
|rated|
|rule|Species Clause: Limit one of each Pokémon
|rule|OHKO Clause: OHKO moves are banned
|rule|Moody Clause: Moody is banned
|rule|Evasion Items Clause: Evasion items are banned
|rule|Evasion Moves Clause: Evasion moves are banned
|rule|Endless Battle Clause: Forcing endless battles is banned
|rule|HP Percentage Mod: HP is shown in percentages
|rule|Evasion Abilities Clause: Evasion abilities are banned
|rule|Sleep Moves Clause: Sleep-inducing moves are banned
|rule|Swagger Clause: Swagger is banned
|rule|Baton Pass Stat Clause: No Baton Passer may have a way to boost its stats
|clearpoke
|poke|p1|Magnezone|item
|poke|p1|Jirachi|item
|poke|p1|Kyurem-Black|item
|poke|p1|Latios, M|item
|poke|p1|Garchomp, M|item
|poke|p1|Dragonite, M|item
|poke|p2|Abomasnow, F|item
|poke|p2|Kyurem-Black|item
|poke|p2|Latios, M|item
|poke|p2|Garchomp, F|item
|poke|p2|Starmie|item
|poke|p2|Jirachi|item
|teampreview
|
|t:|1717079925
|start
|switch|p1a: Jirachi|Jirachi|100/100
|switch|p2a: Garchomp|Garchomp, F|100/100
|turn|1
|
|t:|1717079957
|move|p2a: Garchomp|Earthquake|p1a: Jirachi
|-supereffective|p1a: Jirachi
|-enditem|p1a: Jirachi|Shuca Berry|[eat]
|-enditem|p1a: Jirachi|Shuca Berry|[weaken]
|-damage|p1a: Jirachi|60/100
|move|p1a: Jirachi|Icy Wind|p2a: Garchomp
|-supereffective|p2a: Garchomp
|-damage|p2a: Garchomp|44/100
|-unboost|p2a: Garchomp|spe|1
|
|upkeep
|turn|2
|
|t:|1717079981
|switch|p2a: Jirachi|Jirachi|100/100
|move|p1a: Jirachi|Stealth Rock|p2a: Jirachi
|-sidestart|p2: BWVC BookofConke|move: Stealth Rock
|
|upkeep
|turn|3
|
|t:|1717079990
|move|p2a: Jirachi|Stealth Rock|p1a: Jirachi
|-sidestart|p1: Coronet077|move: Stealth Rock
|move|p1a: Jirachi|U-turn|p2a: Jirachi
|-damage|p2a: Jirachi|87/100
|
|t:|1717080011
|switch|p1a: Dragonite|Dragonite, M|100/100|[from] U-turn
|-damage|p1a: Dragonite|76/100|[from] Stealth Rock
|
|-heal|p2a: Jirachi|94/100|[from] item: Leftovers
|upkeep
|turn|4
|
|t:|1717080020
|move|p2a: Jirachi|U-turn|p1a: Dragonite
|-resisted|p1a: Dragonite
|-damage|p1a: Dragonite|67/100
|
|t:|1717080035
|switch|p2a: Latios|Latios, M|100/100|[from] U-turn
|-damage|p2a: Latios|88/100|[from] Stealth Rock
|move|p1a: Dragonite|Dragon Dance|p1a: Dragonite
|-boost|p1a: Dragonite|atk|1
|-boost|p1a: Dragonite|spe|1
|
|upkeep
|turn|5
|
|t:|1717080083
|switch|p2a: Kyurem|Kyurem-Black|100/100
|-damage|p2a: Kyurem|76/100|[from] Stealth Rock
|-ability|p2a: Kyurem|Teravolt
|move|p1a: Dragonite|Extreme Speed|p2a: Kyurem
|-damage|p2a: Kyurem|39/100
|
|upkeep
|turn|6
|
|t:|1717080095
|move|p1a: Dragonite|Extreme Speed|p2a: Kyurem
|-damage|p2a: Kyurem|1/100
|move|p2a: Kyurem|Freeze Shock||[still]
|-prepare|p2a: Kyurem|Freeze Shock
|-enditem|p2a: Kyurem|Power Herb
|-anim|p2a: Kyurem|Freeze Shock|p1a: Dragonite|[miss]
|-miss|p2a: Kyurem|p1a: Dragonite
|
|upkeep
|turn|7
|
|t:|1717080104
|move|p1a: Dragonite|Extreme Speed|p2a: Kyurem
|-damage|p2a: Kyurem|0 fnt
|faint|p2a: Kyurem
|
|upkeep
|
|t:|1717080118
|switch|p2a: Garchomp|Garchomp, F|44/100
|-damage|p2a: Garchomp|38/100|[from] Stealth Rock
|turn|8
|
|t:|1717080123
|move|p1a: Dragonite|Extreme Speed|p2a: Garchomp
|-crit|p2a: Garchomp
|-damage|p2a: Garchomp|0 fnt
|-damage|p1a: Dragonite|54/100|[from] ability: Rough Skin|[of] p2a: Garchomp
|faint|p2a: Garchomp
|
|upkeep
|
|t:|1717080134
|switch|p2a: Abomasnow|Abomasnow, F|100/100
|-damage|p2a: Abomasnow|76/100|[from] Stealth Rock
|-weather|Hail|[from] ability: Snow Warning|[of] p2a: Abomasnow
|turn|9
|
|t:|1717080143
|move|p1a: Dragonite|Extreme Speed|p2a: Abomasnow
|-damage|p2a: Abomasnow|7/100
|move|p2a: Abomasnow|Ice Shard|p1a: Dragonite
|-supereffective|p1a: Dragonite
|-damage|p1a: Dragonite|0 fnt
|faint|p1a: Dragonite
|
|-weather|Hail|[upkeep]
|upkeep
|
|t:|1717080154
|switch|p1a: Magnezone|Magnezone|100/100
|-damage|p1a: Magnezone|94/100|[from] Stealth Rock
|-item|p1a: Magnezone|Air Balloon
|turn|10
|
|t:|1717080163
|move|p1a: Magnezone|Sunny Day|p1a: Magnezone
|-weather|SunnyDay
|move|p2a: Abomasnow|Hidden Power|p1a: Magnezone
|-supereffective|p1a: Magnezone
|-damage|p1a: Magnezone|13/100
|-enditem|p1a: Magnezone|Air Balloon
|
|-weather|SunnyDay|[upkeep]
|upkeep
|turn|11
|
|t:|1717080176
|move|p2a: Abomasnow|Ice Shard|p1a: Magnezone
|-resisted|p1a: Magnezone
|-damage|p1a: Magnezone|6/100
|move|p1a: Magnezone|Hidden Power|p2a: Abomasnow
|-supereffective|p2a: Abomasnow
|-damage|p2a: Abomasnow|0 fnt
|faint|p2a: Abomasnow
|
|-weather|SunnyDay|[upkeep]
|upkeep
|
|t:|1717080198
|switch|p2a: Starmie|Starmie|100/100
|-damage|p2a: Starmie|88/100|[from] Stealth Rock
|-item|p2a: Starmie|Air Balloon
|turn|12
|
|t:|1717080210
|move|p2a: Starmie|Hydro Pump|p1a: Magnezone
|-damage|p1a: Magnezone|0 fnt
|faint|p1a: Magnezone
|
|-weather|SunnyDay|[upkeep]
|upkeep
|
|t:|1717080219
|switch|p1a: Kyurem|Kyurem-Black|100/100
|-damage|p1a: Kyurem|76/100|[from] Stealth Rock
|-ability|p1a: Kyurem|Teravolt
|turn|13
|
|t:|1717080226
|switch|p2a: Jirachi|Jirachi|94/100
|-damage|p2a: Jirachi|87/100|[from] Stealth Rock
|move|p1a: Kyurem|Dragon Claw|p2a: Jirachi
|-resisted|p2a: Jirachi
|-damage|p2a: Jirachi|56/100
|
|-weather|SunnyDay|[upkeep]
|-heal|p2a: Jirachi|62/100|[from] item: Leftovers
|upkeep
|turn|14
|
|t:|1717080243
|move|p1a: Kyurem|Dragon Claw|p2a: Jirachi
|-resisted|p2a: Jirachi
|-damage|p2a: Jirachi|30/100
|move|p2a: Jirachi|Fire Punch|p1a: Kyurem
|-damage|p1a: Kyurem|55/100
|
|-weather|none
|-heal|p2a: Jirachi|36/100|[from] item: Leftovers
|upkeep
|turn|15
|
|t:|1717080257
|move|p1a: Kyurem|Dragon Claw|p2a: Jirachi
|-resisted|p2a: Jirachi
|-damage|p2a: Jirachi|0 fnt
|faint|p2a: Jirachi
|
|upkeep
|
|t:|1717080264
|switch|p2a: Latios|Latios, M|88/100
|-damage|p2a: Latios|76/100|[from] Stealth Rock
|turn|16
|
|t:|1717080277
|move|p2a: Latios|Surf|p1a: Kyurem
|-resisted|p1a: Kyurem
|-damage|p1a: Kyurem|39/100
|move|p1a: Kyurem|Dragon Claw|p2a: Latios
|-supereffective|p2a: Latios
|-damage|p2a: Latios|0 fnt
|faint|p2a: Latios
|
|upkeep
|
|t:|1717080285
|switch|p2a: Starmie|Starmie|88/100
|-damage|p2a: Starmie|76/100|[from] Stealth Rock
|-item|p2a: Starmie|Air Balloon
|turn|17
|
|t:|1717080292
|move|p2a: Starmie|Hydro Pump|p1a: Kyurem
|-resisted|p1a: Kyurem
|-damage|p1a: Kyurem|16/100
|move|p1a: Kyurem|Dragon Claw|p2a: Starmie
|-damage|p2a: Starmie|0 fnt
|-enditem|p2a: Starmie|Air Balloon
|faint|p2a: Starmie
|
|win|Coronet077
|raw|Coronet077's rating: 1302 &rarr; <strong>1331</strong><br />(+29 for winning)
|raw|BWVC BookofConke's rating: 1460 &rarr; <strong>1431</strong><br />(-29 for losing)
|l|☆BWVC BookofConke
|player|p2|
