|j|☆koumite
|j|☆spurdala
|player|p1|koumite|102|1364
|player|p2|spurdala|unknown|1339
|teamsize|p1|6
|teamsize|p2|6
|gametype|singles
|gen|5
|tier|[Gen 5] OU
|rated|
|clearpoke
|poke|p1|Tyranitar, F|item
|poke|p1|Alakazam, M|item
|poke|p1|Garchomp, F|item
|poke|p1|Hydreigon, F|item
|poke|p1|Jellicent, F|item
|poke|p1|Skarmory, F|item
|poke|p2|Landorus-Therian, M|item
|poke|p2|Scizor, F|item
|poke|p2|Ferrothorn, F|item
|poke|p2|Reuniclus, F|item
|poke|p2|Tyranitar, F|item
|poke|p2|Starmie|item
|rule|Species Clause: Limit one of each Pokémon
|rule|OHKO Clause: OHKO moves are banned
|rule|Moody Clause: Moody is banned
|rule|Evasion Moves Clause: Evasion moves are banned
|rule|Endless Battle Clause: Forcing endless battles is banned
|rule|HP Percentage Mod: HP is shown in percentages
|rule|Evasion Abilities Clause: Evasion abilities are banned
|rule|Baton Pass Clause: Limit one Baton Passer, can't pass Spe and other stats simultaneously
|rule|Sleep Clause: Sleep-inducing moves are banned
|rule|Swagger Clause: Swagger is banned
|teampreview
|inactive|Battle timer is ON: inactive players will automatically lose when time's up. (requested by spurdala)
|
|start
|switch|p1a: Garchomp|Garchomp, F|100/100
|switch|p2a: Ferrothorn|Ferrothorn, F|100/100
|turn|1
|
|move|p1a: Garchomp|Stealth Rock|p2a: Ferrothorn
|-sidestart|p2: spurdala|move: Stealth Rock
|move|p2a: Ferrothorn|Leech Seed|p1a: Garchomp|[miss]
|-miss|p2a: Ferrothorn|p1a: Garchomp
|
|upkeep
|turn|2
|
|switch|p1a: Skarmory|Skarmory, F|100/100
|move|p2a: Ferrothorn|Leech Seed|p1a: Skarmory|[miss]
|-miss|p2a: Ferrothorn|p1a: Skarmory
|
|upkeep
|turn|3
|
|move|p1a: Skarmory|Spikes|p2a: Ferrothorn
|-sidestart|p2: spurdala|Spikes
|move|p2a: Ferrothorn|Thunder Wave|p1a: Skarmory
|-status|p1a: Skarmory|par
|
|upkeep
|turn|4
|
|switch|p1a: Jellicent|Jellicent, F|100/100
|move|p2a: Ferrothorn|Stealth Rock|p1a: Jellicent
|-sidestart|p1: koumite|move: Stealth Rock
|
|upkeep
|turn|5
|
|switch|p1a: Skarmory|Skarmory, F|100/100 par
|-damage|p1a: Skarmory|88/100 par|[from] Stealth Rock
|move|p2a: Ferrothorn|Thunder Wave|p1a: Skarmory
|-fail|p1a: Skarmory|par
|
|-heal|p1a: Skarmory|94/100 par|[from] item: Leftovers
|upkeep
|turn|6
|
|move|p2a: Ferrothorn|Leech Seed|p1a: Skarmory
|-start|p1a: Skarmory|move: Leech Seed
|move|p1a: Skarmory|Spikes|p2a: Ferrothorn
|-sidestart|p2: spurdala|Spikes
|
|-heal|p1a: Skarmory|99/100 par|[from] item: Leftovers
|-damage|p1a: Skarmory|88/100 par|[from] Leech Seed|[of] p2a: Ferrothorn
|upkeep
|turn|7
|
|switch|p2a: Starmie|Starmie|100/100
|-damage|p2a: Starmie|84/100|[from] Spikes
|-damage|p2a: Starmie|72/100|[from] Stealth Rock
|cant|p1a: Skarmory|par
|
|-heal|p2a: Starmie|78/100|[from] item: Leftovers
|-heal|p1a: Skarmory|94/100 par|[from] item: Leftovers
|-damage|p1a: Skarmory|82/100 par|[from] Leech Seed|[of] p2a: Starmie
|-heal|p2a: Starmie|94/100|[silent]
|upkeep
|turn|8
|
|switch|p1a: Tyranitar|Tyranitar, F|100/100
|-damage|p1a: Tyranitar|88/100|[from] Stealth Rock
|-weather|Sandstorm|[from] ability: Sand Stream|[of] p1a: Tyranitar
|move|p2a: Starmie|Rapid Spin|p1a: Tyranitar
|-resisted|p1a: Tyranitar
|-damage|p1a: Tyranitar|87/100
|-sideend|p2: spurdala|Spikes|[from] move: Rapid Spin|[of] p2a: Starmie
|-sideend|p2: spurdala|Stealth Rock|[from] move: Rapid Spin|[of] p2a: Starmie
|
|-weather|Sandstorm|[upkeep]
|-damage|p2a: Starmie|87/100|[from] Sandstorm
|-heal|p2a: Starmie|94/100|[from] item: Leftovers
|upkeep
|turn|9
|
|-activate|p2a: Starmie|move: Pursuit
|move|p1a: Tyranitar|Pursuit|p2a: Starmie|[from]Pursuit
|-supereffective|p2a: Starmie
|-damage|p2a: Starmie|0 fnt
|-hint|A Pokemon can't switch between when it runs out of HP and when it faints
|faint|p2a: Starmie
|
|-weather|Sandstorm|[upkeep]
|upkeep
|
|switch|p2a: Landorus|Landorus-Therian, M|100/100
|-ability|p2a: Landorus|Intimidate|boost
|-unboost|p1a: Tyranitar|atk|1
|turn|10
|
|switch|p1a: Skarmory|Skarmory, F|82/100 par
|-damage|p1a: Skarmory|69/100 par|[from] Stealth Rock
|move|p2a: Landorus|Earthquake|p1a: Skarmory
|-immune|p1a: Skarmory
|
|-weather|Sandstorm|[upkeep]
|-heal|p1a: Skarmory|75/100 par|[from] item: Leftovers
|upkeep
|turn|11
|
|move|p2a: Landorus|U-turn|p1a: Skarmory
|-resisted|p1a: Skarmory
|-damage|p1a: Skarmory|72/100 par
|
|switch|p2a: Reuniclus|Reuniclus, F|100/100|[from]move: U-turn
|move|p1a: Skarmory|Spikes|p2a: Reuniclus
|-sidestart|p2: spurdala|Spikes
|
|-weather|Sandstorm|[upkeep]
|-heal|p1a: Skarmory|78/100 par|[from] item: Leftovers
|upkeep
|turn|12
|
|move|p2a: Reuniclus|Calm Mind|p2a: Reuniclus
|-boost|p2a: Reuniclus|spa|1
|-boost|p2a: Reuniclus|spd|1
|move|p1a: Skarmory|Whirlwind|p2a: Reuniclus
|drag|p2a: Scizor|Scizor, F|100/100
|-damage|p2a: Scizor|88/100|[from] Spikes
|
|-weather|Sandstorm|[upkeep]
|-heal|p2a: Scizor|94/100|[from] item: Leftovers
|-heal|p1a: Skarmory|84/100 par|[from] item: Leftovers
|upkeep
|turn|13
|
|move|p2a: Scizor|Bullet Punch|p1a: Skarmory
|-resisted|p1a: Skarmory
|-damage|p1a: Skarmory|75/100 par
|cant|p1a: Skarmory|par
|
|-weather|Sandstorm|[upkeep]
|-heal|p2a: Scizor|99/100|[from] item: Leftovers
|-heal|p1a: Skarmory|81/100 par|[from] item: Leftovers
|upkeep
|turn|14
|
|move|p2a: Scizor|Swords Dance|p2a: Scizor
|-boost|p2a: Scizor|atk|2
|move|p1a: Skarmory|Spikes|p2a: Scizor
|-sidestart|p2: spurdala|Spikes
|
|-weather|Sandstorm|[upkeep]
|-heal|p2a: Scizor|100/100|[from] item: Leftovers
|-heal|p1a: Skarmory|87/100 par|[from] item: Leftovers
|upkeep
|turn|15
|
|move|p2a: Scizor|U-turn|p1a: Skarmory
|-resisted|p1a: Skarmory
|-damage|p1a: Skarmory|77/100 par
|
|switch|p2a: Ferrothorn|Ferrothorn, F|100/100|[from]move: U-turn
|-damage|p2a: Ferrothorn|84/100|[from] Spikes
|cant|p1a: Skarmory|par
|
|-weather|Sandstorm|[upkeep]
|-heal|p2a: Ferrothorn|90/100|[from] item: Leftovers
|-heal|p1a: Skarmory|83/100 par|[from] item: Leftovers
|upkeep
|turn|16
|
|move|p2a: Ferrothorn|Leech Seed|p1a: Skarmory
|-start|p1a: Skarmory|move: Leech Seed
|move|p1a: Skarmory|Spikes|p2a: Ferrothorn
|-sidestart|p2: spurdala|Spikes
|
|-weather|Sandstorm|[upkeep]
|-heal|p2a: Ferrothorn|97/100|[from] item: Leftovers
|-heal|p1a: Skarmory|89/100 par|[from] item: Leftovers
|-damage|p1a: Skarmory|77/100 par|[from] Leech Seed|[of] p2a: Ferrothorn
|-heal|p2a: Ferrothorn|100/100|[silent]
|upkeep
|turn|17
|
|move|p2a: Ferrothorn|Knock Off|p1a: Skarmory
|-resisted|p1a: Skarmory
|-damage|p1a: Skarmory|76/100 par
|-enditem|p1a: Skarmory|Leftovers|[from] move: Knock Off|[of] p2a: Ferrothorn
|move|p1a: Skarmory|Whirlwind|p2a: Ferrothorn
|drag|p2a: Tyranitar|Tyranitar, F|100/100
|-damage|p2a: Tyranitar|76/100|[from] Spikes
|
|-weather|Sandstorm|[upkeep]
|-damage|p1a: Skarmory|63/100 par|[from] Leech Seed|[of] p2a: Tyranitar
|-heal|p2a: Tyranitar|86/100|[silent]
|upkeep
|turn|18
|
|move|p2a: Tyranitar|Stone Edge|p1a: Skarmory
|-damage|p1a: Skarmory|14/100 par
|cant|p1a: Skarmory|par
|
|-weather|Sandstorm|[upkeep]
|-damage|p1a: Skarmory|1/100 par|[from] Leech Seed|[of] p2a: Tyranitar
|-heal|p2a: Tyranitar|97/100|[silent]
|upkeep
|turn|19
|
|move|p2a: Tyranitar|Stone Edge|p1a: Skarmory
|-damage|p1a: Skarmory|0 fnt
|faint|p1a: Skarmory
|
|-weather|Sandstorm|[upkeep]
|upkeep
|
|switch|p1a: Garchomp|Garchomp, F|100/100
|-damage|p1a: Garchomp|94/100|[from] Stealth Rock
|turn|20
|
|switch|p2a: Landorus|Landorus-Therian, M|100/100
|-ability|p2a: Landorus|Intimidate|boost
|-unboost|p1a: Garchomp|atk|1
|move|p1a: Garchomp|Stealth Rock|p2a: Landorus
|-sidestart|p2: spurdala|move: Stealth Rock
|
|-weather|Sandstorm|[upkeep]
|upkeep
|turn|21
|
|move|p1a: Garchomp|Toxic|p2a: Landorus
|-status|p2a: Landorus|tox
|move|p2a: Landorus|Hidden Power|p1a: Garchomp
|-supereffective|p1a: Garchomp
|-damage|p1a: Garchomp|28/100
|
|-weather|Sandstorm|[upkeep]
|-damage|p2a: Landorus|94/100 tox|[from] psn
|upkeep
|turn|22
|
|switch|p1a: Jellicent|Jellicent, F|100/100
|-damage|p1a: Jellicent|88/100|[from] Stealth Rock
|move|p2a: Landorus|Hidden Power|p1a: Jellicent
|-resisted|p1a: Jellicent
|-damage|p1a: Jellicent|82/100
|
|-weather|Sandstorm|[upkeep]
|-damage|p1a: Jellicent|75/100|[from] Sandstorm
|-heal|p2a: Landorus|100/100 tox|[from] item: Leftovers
|-heal|p1a: Jellicent|82/100|[from] item: Leftovers
|-damage|p2a: Landorus|88/100 tox|[from] psn
|upkeep
|turn|23
|
|move|p2a: Landorus|U-turn|p1a: Jellicent
|-resisted|p1a: Jellicent
|-damage|p1a: Jellicent|73/100
|
|switch|p2a: Ferrothorn|Ferrothorn, F|100/100|[from]move: U-turn
|-damage|p2a: Ferrothorn|94/100|[from] Stealth Rock
|-damage|p2a: Ferrothorn|69/100|[from] Spikes
|move|p1a: Jellicent|Scald|p2a: Ferrothorn
|-resisted|p2a: Ferrothorn
|-damage|p2a: Ferrothorn|61/100
|
|-weather|Sandstorm|[upkeep]
|-damage|p1a: Jellicent|67/100|[from] Sandstorm
|-heal|p1a: Jellicent|73/100|[from] item: Leftovers
|-heal|p2a: Ferrothorn|67/100|[from] item: Leftovers
|upkeep
|turn|24
|
|move|p1a: Jellicent|Will-O-Wisp|p2a: Ferrothorn
|-status|p2a: Ferrothorn|brn
|move|p2a: Ferrothorn|Thunder Wave|p1a: Jellicent
|-status|p1a: Jellicent|par
|
|-weather|Sandstorm|[upkeep]
|-damage|p1a: Jellicent|67/100 par|[from] Sandstorm
|-heal|p2a: Ferrothorn|73/100 brn|[from] item: Leftovers
|-heal|p1a: Jellicent|73/100 par|[from] item: Leftovers
|-damage|p2a: Ferrothorn|61/100 brn|[from] brn
|upkeep
|turn|25
|
|move|p2a: Ferrothorn|Leech Seed|p1a: Jellicent
|-start|p1a: Jellicent|move: Leech Seed
|cant|p1a: Jellicent|par
|
|-weather|Sandstorm|[upkeep]
|-damage|p1a: Jellicent|67/100 par|[from] Sandstorm
|-heal|p2a: Ferrothorn|67/100 brn|[from] item: Leftovers
|-heal|p1a: Jellicent|73/100 par|[from] item: Leftovers
|-damage|p1a: Jellicent|61/100 par|[from] Leech Seed|[of] p2a: Ferrothorn
|-heal|p2a: Ferrothorn|81/100 brn|[silent]
|-damage|p2a: Ferrothorn|69/100 brn|[from] brn
|upkeep
|turn|26
|
|move|p2a: Ferrothorn|Knock Off|p1a: Jellicent
|-supereffective|p1a: Jellicent
|-crit|p1a: Jellicent
|-damage|p1a: Jellicent|53/100 par
|-enditem|p1a: Jellicent|Leftovers|[from] move: Knock Off|[of] p2a: Ferrothorn
|move|p1a: Jellicent|Scald|p2a: Ferrothorn
|-resisted|p2a: Ferrothorn
|-damage|p2a: Ferrothorn|60/100 brn
|
|-weather|Sandstorm|[upkeep]
|-damage|p1a: Jellicent|47/100 par|[from] Sandstorm
|-heal|p2a: Ferrothorn|66/100 brn|[from] item: Leftovers
|-damage|p1a: Jellicent|35/100 par|[from] Leech Seed|[of] p2a: Ferrothorn
|-heal|p2a: Ferrothorn|80/100 brn|[silent]
|-damage|p2a: Ferrothorn|68/100 brn|[from] brn
|upkeep
|turn|27
|
|move|p2a: Ferrothorn|Knock Off|p1a: Jellicent
|-supereffective|p1a: Jellicent
|-damage|p1a: Jellicent|31/100 par
|move|p1a: Jellicent|Recover|p1a: Jellicent
|-heal|p1a: Jellicent|81/100 par
|
|-weather|Sandstorm|[upkeep]
|-damage|p1a: Jellicent|75/100 par|[from] Sandstorm
|-heal|p2a: Ferrothorn|74/100 brn|[from] item: Leftovers
|-damage|p1a: Jellicent|63/100 par|[from] Leech Seed|[of] p2a: Ferrothorn
|-heal|p2a: Ferrothorn|88/100 brn|[silent]
|-damage|p2a: Ferrothorn|76/100 brn|[from] brn
|upkeep
|turn|28
|
|switch|p2a: Reuniclus|Reuniclus, F|100/100
|switch|p1a: Garchomp|Garchomp, F|28/100
|-damage|p1a: Garchomp|22/100|[from] Stealth Rock
|
|-weather|Sandstorm|[upkeep]
|upkeep
|turn|29
|
|switch|p1a: Alakazam|Alakazam, M|100/100
|move|p2a: Reuniclus|Psyshock|p1a: Alakazam
|-resisted|p1a: Alakazam
|-damage|p1a: Alakazam|60/100
|
|-weather|Sandstorm|[upkeep]
|upkeep
|turn|30
|
|move|p1a: Alakazam|Shadow Ball|p2a: Reuniclus
|-supereffective|p2a: Reuniclus
|-damage|p2a: Reuniclus|46/100
|-unboost|p2a: Reuniclus|spd|1
|move|p2a: Reuniclus|Calm Mind|p2a: Reuniclus
|-boost|p2a: Reuniclus|spa|1
|-boost|p2a: Reuniclus|spd|1
|
|-weather|Sandstorm|[upkeep]
|-heal|p2a: Reuniclus|52/100|[from] item: Leftovers
|upkeep
|turn|31
|
|switch|p2a: Tyranitar|Tyranitar, F|97/100
|-damage|p2a: Tyranitar|84/100|[from] Stealth Rock
|-damage|p2a: Tyranitar|60/100|[from] Spikes
|move|p1a: Alakazam|Encore||[still]
|-fail|p1a: Alakazam
|
|-weather|Sandstorm|[upkeep]
|upkeep
|turn|32
|
|move|p1a: Alakazam|Focus Blast|p2a: Tyranitar
|-supereffective|p2a: Tyranitar
|-damage|p2a: Tyranitar|0 fnt
|faint|p2a: Tyranitar
|
|-weather|Sandstorm|[upkeep]
|upkeep
|
|switch|p2a: Ferrothorn|Ferrothorn, F|76/100 brn
|-damage|p2a: Ferrothorn|70/100 brn|[from] Stealth Rock
|-damage|p2a: Ferrothorn|45/100 brn|[from] Spikes
|turn|33
|
|switch|p1a: Jellicent|Jellicent, F|63/100 par
|-damage|p1a: Jellicent|50/100 par|[from] Stealth Rock
|move|p2a: Ferrothorn|Thunder Wave|p1a: Jellicent
|-fail|p1a: Jellicent|par
|
|-weather|Sandstorm|[upkeep]
|-damage|p1a: Jellicent|44/100 par|[from] Sandstorm
|-heal|p2a: Ferrothorn|51/100 brn|[from] item: Leftovers
|-damage|p2a: Ferrothorn|38/100 brn|[from] brn
|upkeep
|turn|34
|
|switch|p1a: Alakazam|Alakazam, M|60/100
|move|p2a: Ferrothorn|Leech Seed|p1a: Alakazam|[miss]
|-miss|p2a: Ferrothorn|p1a: Alakazam
|
|-weather|Sandstorm|[upkeep]
|-heal|p2a: Ferrothorn|45/100 brn|[from] item: Leftovers
|-damage|p2a: Ferrothorn|32/100 brn|[from] brn
|upkeep
|turn|35
|
|move|p1a: Alakazam|Encore|p2a: Ferrothorn
|-start|p2a: Ferrothorn|Encore
|move|p2a: Ferrothorn|Leech Seed|p1a: Alakazam|[miss]
|-miss|p2a: Ferrothorn|p1a: Alakazam
|
|-weather|Sandstorm|[upkeep]
|-heal|p2a: Ferrothorn|38/100 brn|[from] item: Leftovers
|-damage|p2a: Ferrothorn|26/100 brn|[from] brn
|upkeep
|turn|36
|
|move|p1a: Alakazam|Focus Blast|p2a: Ferrothorn|[miss]
|-miss|p1a: Alakazam|p2a: Ferrothorn
|move|p2a: Ferrothorn|Leech Seed|p1a: Alakazam
|-start|p1a: Alakazam|move: Leech Seed
|
|-weather|Sandstorm|[upkeep]
|-heal|p2a: Ferrothorn|32/100 brn|[from] item: Leftovers
|-damage|p2a: Ferrothorn|20/100 brn|[from] brn
|upkeep
|turn|37
|
|move|p1a: Alakazam|Psyshock|p2a: Ferrothorn
|-resisted|p2a: Ferrothorn
|-damage|p2a: Ferrothorn|5/100 brn
|move|p2a: Ferrothorn|Leech Seed||[still]
|-fail|p2a: Ferrothorn
|
|-weather|Sandstorm|[upkeep]
|-heal|p2a: Ferrothorn|11/100 brn|[from] item: Leftovers
|-damage|p2a: Ferrothorn|0 fnt|[from] brn
|faint|p2a: Ferrothorn
|upkeep
|
|switch|p2a: Scizor|Scizor, F|100/100
|-damage|p2a: Scizor|88/100|[from] Stealth Rock
|-damage|p2a: Scizor|63/100|[from] Spikes
|turn|38
|
|switch|p1a: Garchomp|Garchomp, F|22/100
|-damage|p1a: Garchomp|16/100|[from] Stealth Rock
|move|p2a: Scizor|Swords Dance|p2a: Scizor
|-boost|p2a: Scizor|atk|2
|
|-weather|Sandstorm|[upkeep]
|-heal|p2a: Scizor|69/100|[from] item: Leftovers
|upkeep
|turn|39
|
|move|p2a: Scizor|Bullet Punch|p1a: Garchomp
|-crit|p1a: Garchomp
|-damage|p1a: Garchomp|0 fnt
|-damage|p2a: Scizor|57/100|[from] ability: Rough Skin|[of] p1a: Garchomp
|-damage|p2a: Scizor|40/100|[from] item: Rocky Helmet|[of] p1a: Garchomp
|faint|p1a: Garchomp
|
|-weather|Sandstorm|[upkeep]
|-heal|p2a: Scizor|46/100|[from] item: Leftovers
|upkeep
|
|switch|p1a: Jellicent|Jellicent, F|44/100 par
|-damage|p1a: Jellicent|32/100 par|[from] Stealth Rock
|turn|40
|
|move|p2a: Scizor|Roost|p2a: Scizor
|-heal|p2a: Scizor|96/100
|-singleturn|p2a: Scizor|move: Roost
|move|p1a: Jellicent|Will-O-Wisp|p2a: Scizor|[miss]
|-miss|p1a: Jellicent|p2a: Scizor
|
|-weather|Sandstorm|[upkeep]
|-damage|p1a: Jellicent|25/100 par|[from] Sandstorm
|-heal|p2a: Scizor|100/100|[from] item: Leftovers
|upkeep
|turn|41
|
|move|p2a: Scizor|U-turn|p1a: Jellicent
|-resisted|p1a: Jellicent
|-damage|p1a: Jellicent|0 fnt
|faint|p1a: Jellicent
|
|switch|p2a: Reuniclus|Reuniclus, F|52/100|[from]move: U-turn
|
|-weather|Sandstorm|[upkeep]
|-heal|p2a: Reuniclus|58/100|[from] item: Leftovers
|upkeep
|
|switch|p1a: Hydreigon|Hydreigon, F|100/100
|-damage|p1a: Hydreigon|88/100|[from] Stealth Rock
|turn|42
|
|move|p1a: Hydreigon|Draco Meteor|p2a: Reuniclus
|-damage|p2a: Reuniclus|0 fnt
|-unboost|p1a: Hydreigon|spa|2
|-damage|p1a: Hydreigon|78/100|[from] item: Life Orb
|faint|p2a: Reuniclus
|
|-weather|Sandstorm|[upkeep]
|-damage|p1a: Hydreigon|72/100|[from] Sandstorm
|upkeep
|
|switch|p2a: Scizor|Scizor, F|100/100
|-damage|p2a: Scizor|88/100|[from] Stealth Rock
|-damage|p2a: Scizor|63/100|[from] Spikes
|turn|43
|
|move|p1a: Hydreigon|Fire Blast|p2a: Scizor
|-supereffective|p2a: Scizor
|-damage|p2a: Scizor|0 fnt
|-damage|p1a: Hydreigon|62/100|[from] item: Life Orb
|faint|p2a: Scizor
|
|-weather|Sandstorm|[upkeep]
|-damage|p1a: Hydreigon|56/100|[from] Sandstorm
|upkeep
|
|switch|p2a: Landorus|Landorus-Therian, M|88/100 tox
|-damage|p2a: Landorus|76/100 tox|[from] Stealth Rock
|-ability|p2a: Landorus|Intimidate|boost
|-unboost|p1a: Hydreigon|atk|1
|turn|44
|
|switch|p1a: Tyranitar|Tyranitar, F|87/100
|-damage|p1a: Tyranitar|74/100|[from] Stealth Rock
|move|p2a: Landorus|U-turn|p1a: Tyranitar
|-supereffective|p1a: Tyranitar
|-damage|p1a: Tyranitar|30/100
|
|-weather|Sandstorm|[upkeep]
|-heal|p2a: Landorus|82/100 tox|[from] item: Leftovers
|-damage|p2a: Landorus|76/100 tox|[from] psn
|upkeep
|turn|45
|
|move|p1a: Tyranitar|Crunch|p2a: Landorus
|-damage|p2a: Landorus|32/100 tox
|move|p2a: Landorus|Earthquake|p1a: Tyranitar
|-supereffective|p1a: Tyranitar
|-crit|p1a: Tyranitar
|-damage|p1a: Tyranitar|0 fnt
|faint|p1a: Tyranitar
|
|-weather|Sandstorm|[upkeep]
|-heal|p2a: Landorus|38/100 tox|[from] item: Leftovers
|-damage|p2a: Landorus|26/100 tox|[from] psn
|upkeep
|
|switch|p1a: Alakazam|Alakazam, M|60/100
|turn|46
|
|move|p1a: Alakazam|Encore|p2a: Landorus
|-start|p2a: Landorus|Encore
|move|p2a: Landorus|Earthquake|p1a: Alakazam
|-damage|p1a: Alakazam|0 fnt
|faint|p1a: Alakazam
|
|-weather|Sandstorm|[upkeep]
|-heal|p2a: Landorus|32/100 tox|[from] item: Leftovers
|-damage|p2a: Landorus|14/100 tox|[from] psn
|upkeep
|
|switch|p1a: Hydreigon|Hydreigon, F|56/100
|-damage|p1a: Hydreigon|44/100|[from] Stealth Rock
|turn|47
|
|move|p1a: Hydreigon|Draco Meteor|p2a: Landorus|[miss]
|-miss|p1a: Hydreigon|p2a: Landorus
|move|p2a: Landorus|Earthquake|p1a: Hydreigon
|-immune|p1a: Hydreigon|[from] ability: Levitate
|
|-weather|Sandstorm|[upkeep]
|-damage|p1a: Hydreigon|38/100|[from] Sandstorm
|-heal|p2a: Landorus|20/100 tox|[from] item: Leftovers
|-damage|p2a: Landorus|0 fnt|[from] psn
|faint|p2a: Landorus
|
|win|koumite
|upkeep
|c|☆spurdala|gg
|raw|koumite's rating: 1364 &rarr; <strong>1383</strong><br />(+19 for winning)
|raw|spurdala's rating: 1339 &rarr; <strong>1320</strong><br />(-19 for losing)
|c|☆koumite|gg
