|join|raichushiny
|join|PiggK
|player|p1|raichushiny|169
|player|p2|PiggK|191
|gametype|singles
|gen|5
|tier|[Gen 5] OU
|rated
|rule|Evasion Abilities Clause: Evasion abilities are banned
|clearpoke
|poke|p1|Skarmory, M
|poke|p1|Chansey, F
|poke|p1|Amoonguss, M
|poke|p1|Starmie
|poke|p1|Garchomp, F
|poke|p1|Sableye, F
|poke|p2|Tyranitar, F
|poke|p2|Starmie, shiny
|poke|p2|Ferrothorn, M, shiny
|poke|p2|Landorus-Therian, M, shiny
|poke|p2|Stoutland, M
|poke|p2|Roserade, M, shiny
|rule|Sleep Clause Mod: Limit one foe put to sleep
|rule|Species Clause: Limit one of each Pokemon
|rule|OHKO Clause: OHKO moves are banned
|rule|Moody Clause: Moody is banned
|rule|Evasion Moves Clause: Evasion moves are banned
|rule|Endless Battle Clause: Forcing endless battles is banned.
|rule|HP Percentage Mod: HP is reported as percentages
|teampreview
|
|start
|switch|p1a: Regenerator|Amoonguss, M|403/403
|switch|p2a: Roserade|Roserade, M, shiny|276/276
|turn|1
|chat|raichushiny|gl
|
|move|p2a: Roserade|Sludge Bomb|p1a: Regenerator
|-damage|p1a: Regenerator|273/403
|move|p1a: Regenerator|Spore|p2a: Roserade
|-status|p2a: Roserade|slp
|
|-heal|p1a: Regenerator|298/403|[from] item: Black Sludge
|turn|2
|
|switch|p2a: Starmie|Starmie, shiny|324/324
|move|p1a: Regenerator|Hidden Power|p2a: Starmie
|-resisted|p2a: Starmie
|-damage|p2a: Starmie|296/324
|
|-heal|p2a: Starmie|316/324|[from] item: Leftovers
|-heal|p1a: Regenerator|323/403|[from] item: Black Sludge
|turn|3
|chat|PiggK|you too
|
|switch|p1a: Sofboiled|Chansey, F|641/641
|move|p2a: Starmie|Psyshock|p1a: Sofboiled
|-damage|p1a: Sofboiled|506/641
|
|-heal|p2a: Starmie|324/324|[from] item: Leftovers
|turn|4
|
|switch|p2a: Tyranitar|Tyranitar, F|381/381
|-weather|Sandstorm|[from] ability: Sand Stream|[of] p2a: Tyranitar
|move|p1a: Sofboiled|Stealth Rock|p2a: Tyranitar
|-sidestart|p2: PiggK|move: Stealth Rock
|
|-weather|Sandstorm|[upkeep]
|-damage|p1a: Sofboiled|466/641|[from] sandstorm
|turn|5
|
|switch|p1a: Regenerator|Amoonguss, M|403/403
|move|p2a: Tyranitar|Superpower|p1a: Regenerator
|-resisted|p1a: Regenerator
|-damage|p1a: Regenerator|256/403
|-unboost|p2a: Tyranitar|atk|1
|-unboost|p2a: Tyranitar|def|1
|
|-weather|Sandstorm|[upkeep]
|-damage|p1a: Regenerator|231/403|[from] sandstorm
|-heal|p1a: Regenerator|256/403|[from] item: Black Sludge
|turn|6
|
|switch|p2a: Roserade|Roserade, M, shiny|276/276
|-damage|p2a: Roserade|242/276|[from] Stealth Rock
|move|p1a: Regenerator|Spore|p2a: Roserade
|-status|p2a: Roserade|slp
|
|-weather|Sandstorm|[upkeep]
|-damage|p2a: Roserade|225/276 slp|[from] sandstorm
|-damage|p1a: Regenerator|231/403|[from] sandstorm
|-heal|p1a: Regenerator|256/403|[from] item: Black Sludge
|turn|7
|
|switch|p2a: Starmie|Starmie, shiny|324/324
|-damage|p2a: Starmie|284/324|[from] Stealth Rock
|move|p1a: Regenerator|Spore|p2a: Starmie
|-status|p2a: Starmie|slp
|
|-weather|Sandstorm|[upkeep]
|-damage|p2a: Starmie|264/324 slp|[from] sandstorm
|-damage|p1a: Regenerator|231/403|[from] sandstorm
|-heal|p2a: Starmie|284/324 slp|[from] item: Leftovers
|-heal|p1a: Regenerator|256/403|[from] item: Black Sludge
|turn|8
|
|switch|p1a: Recover|Sableye, F|304/304
|cant|p2a: Starmie|slp
|
|-weather|Sandstorm|[upkeep]
|-damage|p2a: Starmie|264/324 slp|[from] sandstorm
|-damage|p1a: Recover|285/304|[from] sandstorm
|-heal|p2a: Starmie|284/324 slp|[from] item: Leftovers
|-heal|p1a: Recover|304/304|[from] item: Leftovers
|turn|9
|
|switch|p2a: Roserade|Roserade, M, shiny|225/276
|-damage|p2a: Roserade|191/276|[from] Stealth Rock
|move|p1a: Recover|Taunt|p2a: Roserade
|-start|p2a: Roserade|move: Taunt
|
|-weather|Sandstorm|[upkeep]
|-damage|p2a: Roserade|174/276|[from] sandstorm
|-damage|p1a: Recover|285/304|[from] sandstorm
|-heal|p1a: Recover|304/304|[from] item: Leftovers
|turn|10
|
|switch|p1a: Regenerator|Amoonguss, M|390/403
|move|p2a: Roserade|Sludge Bomb|p1a: Regenerator
|-damage|p1a: Regenerator|258/403
|
|-weather|Sandstorm|[upkeep]
|-damage|p2a: Roserade|157/276|[from] sandstorm
|-damage|p1a: Regenerator|233/403|[from] sandstorm
|-heal|p1a: Regenerator|258/403|[from] item: Black Sludge
|turn|11
|
|switch|p2a: Tyranitar|Tyranitar, F|381/381
|-damage|p2a: Tyranitar|334/381|[from] Stealth Rock
|move|p1a: Regenerator|Spore|p2a: Tyranitar
|-status|p2a: Tyranitar|slp
|
|-weather|Sandstorm|[upkeep]
|-damage|p1a: Regenerator|233/403|[from] sandstorm
|-heal|p1a: Regenerator|258/403|[from] item: Black Sludge
|turn|12
|
|switch|p2a: Landorus-Therian|Landorus-Therian, M, shiny|369/369
|-damage|p2a: Landorus-Therian|323/369|[from] Stealth Rock
|-ability|p2a: Landorus-Therian|Intimidate|[of] p1a: Regenerator
|-unboost|p1a: Regenerator|atk|1
|switch|p1a: OHKO|Garchomp, F|357/357
|
|-weather|Sandstorm|[upkeep]
|-heal|p2a: Landorus-Therian|346/369|[from] item: Leftovers
|turn|13
|
|switch|p1a: Roost|Skarmory, M|334/334
|switch|p2a: Ferrothorn|Ferrothorn, M, shiny|352/352
|-damage|p2a: Ferrothorn|330/352|[from] Stealth Rock
|
|-weather|Sandstorm|[upkeep]
|-heal|p2a: Ferrothorn|352/352|[from] item: Leftovers
|turn|14
|
|move|p1a: Roost|Spikes|p2a: Ferrothorn
|-sidestart|p2: PiggK|Spikes
|move|p2a: Ferrothorn|Thunder Wave|p1a: Roost
|-status|p1a: Roost|par
|
|-weather|Sandstorm|[upkeep]
|turn|15
|
|move|p2a: Ferrothorn|Leech Seed|p1a: Roost
|-start|p1a: Roost|move: Leech Seed
|move|p1a: Roost|Spikes|p2a: Ferrothorn
|-sidestart|p2: PiggK|Spikes
|
|-weather|Sandstorm|[upkeep]
|-damage|p1a: Roost|293/334 par|[from] Leech Seed|[of] p2a: Ferrothorn
|turn|16
|
|switch|p1a: Recover|Sableye, F|304/304
|move|p2a: Ferrothorn|Spikes|p1a: Recover
|-sidestart|p1: raichushiny|Spikes
|
|-weather|Sandstorm|[upkeep]
|-damage|p1a: Recover|285/304|[from] sandstorm
|-heal|p1a: Recover|304/304|[from] item: Leftovers
|turn|17
|
|switch|p2a: Roserade|Roserade, M, shiny|157/276
|-damage|p2a: Roserade|123/276|[from] Stealth Rock
|-damage|p2a: Roserade|77/276|[from] Spikes
|move|p1a: Recover|Taunt|p2a: Roserade
|-start|p2a: Roserade|move: Taunt
|
|-weather|Sandstorm|[upkeep]
|-damage|p2a: Roserade|60/276|[from] sandstorm
|-damage|p1a: Recover|285/304|[from] sandstorm
|-heal|p1a: Recover|304/304|[from] item: Leftovers
|turn|18
|
|switch|p1a: Sofboiled|Chansey, F|466/641
|-damage|p1a: Sofboiled|386/641|[from] Spikes
|move|p2a: Roserade|Sludge Bomb|p1a: Sofboiled
|-damage|p1a: Sofboiled|308/641
|
|-weather|Sandstorm|[upkeep]
|-damage|p2a: Roserade|43/276|[from] sandstorm
|-damage|p1a: Sofboiled|268/641|[from] sandstorm
|turn|19
|
|move|p2a: Roserade|Sludge Bomb|p1a: Sofboiled
|-damage|p1a: Sofboiled|184/641
|move|p1a: Sofboiled|Soft-Boiled|p1a: Sofboiled
|-heal|p1a: Sofboiled|505/641
|
|-weather|Sandstorm|[upkeep]
|-damage|p2a: Roserade|26/276|[from] sandstorm
|-damage|p1a: Sofboiled|465/641|[from] sandstorm
|turn|20
|
|move|p2a: Roserade|Sludge Bomb|p1a: Sofboiled
|-damage|p1a: Sofboiled|386/641
|move|p1a: Sofboiled|Seismic Toss|p2a: Roserade
|-damage|p2a: Roserade|0 fnt
|faint|p2a: Roserade
|
|-weather|Sandstorm|[upkeep]
|-damage|p1a: Sofboiled|346/641|[from] sandstorm
|
|switch|p2a: Starmie|Starmie, shiny|284/324
|-damage|p2a: Starmie|230/324|[from] Spikes
|-damage|p2a: Starmie|190/324|[from] Stealth Rock
|turn|21
|
|switch|p1a: Recover|Sableye, F|304/304
|-damage|p1a: Recover|266/304|[from] Spikes
|move|p2a: Starmie|Scald|p1a: Recover
|-damage|p1a: Recover|169/304
|
|-weather|Sandstorm|[upkeep]
|-damage|p2a: Starmie|170/324|[from] sandstorm
|-damage|p1a: Recover|150/304|[from] sandstorm
|-heal|p2a: Starmie|190/324|[from] item: Leftovers
|-heal|p1a: Recover|169/304|[from] item: Leftovers
|turn|22
|
|move|p1a: Recover|Recover|p1a: Recover
|-heal|p1a: Recover|304/304
|move|p2a: Starmie|Scald|p1a: Recover
|-damage|p1a: Recover|220/304
|
|-weather|Sandstorm|[upkeep]
|-damage|p2a: Starmie|170/324|[from] sandstorm
|-damage|p1a: Recover|201/304|[from] sandstorm
|-heal|p2a: Starmie|190/324|[from] item: Leftovers
|-heal|p1a: Recover|220/304|[from] item: Leftovers
|turn|23
|
|move|p2a: Starmie|Scald|p1a: Recover
|-damage|p1a: Recover|124/304
|move|p1a: Recover|Foul Play|p2a: Starmie
|-supereffective|p2a: Starmie
|-damage|p2a: Starmie|14/324
|
|-weather|Sandstorm|[upkeep]
|-damage|p2a: Starmie|0 fnt|[from] sandstorm
|-damage|p1a: Recover|105/304|[from] sandstorm
|-heal|p1a: Recover|124/304|[from] item: Leftovers
|faint|p2a: Starmie
|
|switch|p2a: Ferrothorn|Ferrothorn, M, shiny|352/352
|-damage|p2a: Ferrothorn|330/352|[from] Stealth Rock
|-damage|p2a: Ferrothorn|272/352|[from] Spikes
|turn|24
|
|move|p1a: Recover|Recover|p1a: Recover
|-heal|p1a: Recover|276/304
|move|p2a: Ferrothorn|Power Whip|p1a: Recover
|-damage|p1a: Recover|117/304
|
|-weather|Sandstorm|[upkeep]
|-damage|p1a: Recover|98/304|[from] sandstorm
|-heal|p1a: Recover|117/304|[from] item: Leftovers
|-heal|p2a: Ferrothorn|294/352|[from] item: Leftovers
|turn|25
|
|move|p1a: Recover|Will-O-Wisp|p2a: Ferrothorn
|-status|p2a: Ferrothorn|brn
|move|p2a: Ferrothorn|Thunder Wave|p1a: Recover
|-status|p1a: Recover|par
|
|-weather|Sandstorm|[upkeep]
|-damage|p1a: Recover|98/304 par|[from] sandstorm
|-heal|p2a: Ferrothorn|316/352 brn|[from] item: Leftovers
|-heal|p1a: Recover|117/304 par|[from] item: Leftovers
|-damage|p2a: Ferrothorn|272/352 brn|[from] brn
|turn|26
|
|move|p1a: Recover|Taunt|p2a: Ferrothorn
|-start|p2a: Ferrothorn|move: Taunt
|cant|p2a: Ferrothorn|move: Taunt|Leech Seed
|
|-weather|Sandstorm|[upkeep]
|-damage|p1a: Recover|98/304 par|[from] sandstorm
|-heal|p2a: Ferrothorn|294/352 brn|[from] item: Leftovers
|-heal|p1a: Recover|117/304 par|[from] item: Leftovers
|-damage|p2a: Ferrothorn|250/352 brn|[from] brn
|turn|27
|
|move|p1a: Recover|Recover|p1a: Recover
|-heal|p1a: Recover|269/304 par
|move|p2a: Ferrothorn|Power Whip|p1a: Recover|[miss]
|-miss|p2a: Ferrothorn|p1a: Recover
|
|-weather|Sandstorm|[upkeep]
|-damage|p1a: Recover|250/304 par|[from] sandstorm
|-heal|p2a: Ferrothorn|272/352 brn|[from] item: Leftovers
|-heal|p1a: Recover|269/304 par|[from] item: Leftovers
|-damage|p2a: Ferrothorn|228/352 brn|[from] brn
|turn|28
|
|switch|p2a: Landorus-Therian|Landorus-Therian, M, shiny|346/369
|-damage|p2a: Landorus-Therian|300/369|[from] Stealth Rock
|-ability|p2a: Landorus-Therian|Intimidate|[of] p1a: Recover
|-unboost|p1a: Recover|atk|1
|cant|p1a: Recover|par
|
|-weather|Sandstorm|[upkeep]
|-damage|p1a: Recover|250/304 par|[from] sandstorm
|-heal|p2a: Landorus-Therian|323/369|[from] item: Leftovers
|-heal|p1a: Recover|269/304 par|[from] item: Leftovers
|turn|29
|
|move|p1a: Recover|Will-O-Wisp|p2a: Landorus-Therian
|-status|p2a: Landorus-Therian|brn
|move|p2a: Landorus-Therian|Earthquake|p1a: Recover
|-damage|p1a: Recover|167/304 par
|
|-weather|Sandstorm|[upkeep]
|-damage|p1a: Recover|148/304 par|[from] sandstorm
|-heal|p2a: Landorus-Therian|346/369 brn|[from] item: Leftovers
|-heal|p1a: Recover|167/304 par|[from] item: Leftovers
|-damage|p2a: Landorus-Therian|300/369 brn|[from] brn
|turn|30
|
|move|p1a: Recover|Recover|p1a: Recover
|-heal|p1a: Recover|304/304 par
|move|p2a: Landorus-Therian|Stealth Rock|p1a: Recover
|-sidestart|p1: raichushiny|move: Stealth Rock
|
|-weather|Sandstorm|[upkeep]
|-damage|p1a: Recover|285/304 par|[from] sandstorm
|-heal|p2a: Landorus-Therian|323/369 brn|[from] item: Leftovers
|-heal|p1a: Recover|304/304 par|[from] item: Leftovers
|-damage|p2a: Landorus-Therian|277/369 brn|[from] brn
|turn|31
|
|move|p2a: Landorus-Therian|Earthquake|p1a: Recover
|-damage|p1a: Recover|201/304 par
|move|p1a: Recover|Foul Play|p2a: Landorus-Therian
|-damage|p2a: Landorus-Therian|162/369 brn
|
|-weather|Sandstorm|[upkeep]
|-damage|p1a: Recover|182/304 par|[from] sandstorm
|-heal|p2a: Landorus-Therian|185/369 brn|[from] item: Leftovers
|-heal|p1a: Recover|201/304 par|[from] item: Leftovers
|-damage|p2a: Landorus-Therian|139/369 brn|[from] brn
|turn|32
|
|move|p1a: Recover|Recover|p1a: Recover
|-heal|p1a: Recover|304/304 par
|move|p2a: Landorus-Therian|Earthquake|p1a: Recover
|-damage|p1a: Recover|201/304 par
|
|-weather|Sandstorm|[upkeep]
|-damage|p1a: Recover|182/304 par|[from] sandstorm
|-heal|p2a: Landorus-Therian|162/369 brn|[from] item: Leftovers
|-heal|p1a: Recover|201/304 par|[from] item: Leftovers
|-damage|p2a: Landorus-Therian|116/369 brn|[from] brn
|turn|33
|
|switch|p1a: Roost|Skarmory, M|293/334 par
|-damage|p1a: Roost|252/334 par|[from] Stealth Rock
|move|p2a: Landorus-Therian|Earthquake|p1a: Roost
|-immune|p1a: Roost|[msg]
|
|-weather|Sandstorm|[upkeep]
|-heal|p2a: Landorus-Therian|139/369 brn|[from] item: Leftovers
|-damage|p2a: Landorus-Therian|93/369 brn|[from] brn
|turn|34
|
|move|p2a: Landorus-Therian|U-turn|p1a: Roost
|-resisted|p1a: Roost
|-damage|p1a: Roost|246/334 par
|
|switch|p2a: Stoutland|Stoutland, M|311/311
|-damage|p2a: Stoutland|260/311|[from] Spikes
|-damage|p2a: Stoutland|222/311|[from] Stealth Rock
|move|p1a: Roost|Whirlwind|p2a: Stoutland
|drag|p2a: Ferrothorn|Ferrothorn, M, shiny|228/352 brn
|-damage|p2a: Ferrothorn|170/352 brn|[from] Spikes
|-damage|p2a: Ferrothorn|148/352 brn|[from] Stealth Rock
|
|-weather|Sandstorm|[upkeep]
|-heal|p2a: Ferrothorn|170/352 brn|[from] item: Leftovers
|-damage|p2a: Ferrothorn|126/352 brn|[from] brn
|turn|35
|
|move|p2a: Ferrothorn|Leech Seed|p1a: Roost
|-start|p1a: Roost|move: Leech Seed
|cant|p1a: Roost|par
|
|-weather|Sandstorm|[upkeep]
|-heal|p2a: Ferrothorn|148/352 brn|[from] item: Leftovers
|-damage|p1a: Roost|205/334 par|[from] Leech Seed|[of] p2a: Ferrothorn
|-heal|p2a: Ferrothorn|189/352 brn|[silent]
|-damage|p2a: Ferrothorn|145/352 brn|[from] brn
|turn|36
|
|switch|p1a: Rapid spin|Starmie|323/323
|-damage|p1a: Rapid spin|283/323|[from] Stealth Rock
|-damage|p1a: Rapid spin|243/323|[from] Spikes
|move|p2a: Ferrothorn|Spikes|p1a: Rapid spin
|-sidestart|p1: raichushiny|Spikes
|
|-weather|Sandstorm|[upkeep]
|-damage|p1a: Rapid spin|223/323|[from] sandstorm
|-heal|p1a: Rapid spin|243/323|[from] item: Leftovers
|-heal|p2a: Ferrothorn|167/352 brn|[from] item: Leftovers
|-damage|p2a: Ferrothorn|123/352 brn|[from] brn
|turn|37
|
|move|p1a: Rapid spin|Rapid Spin|p2a: Ferrothorn
|-resisted|p2a: Ferrothorn
|-damage|p2a: Ferrothorn|120/352 brn
|-damage|p1a: Rapid spin|203/323|[from] ability: Iron Barbs|[of] p2a: Ferrothorn
|-sideend|p1: raichushiny|Spikes|[from] move: Rapid Spin|[of] p1a: Rapid spin
|-sideend|p1: raichushiny|Stealth Rock|[from] move: Rapid Spin|[of] p1a: Rapid spin
|move|p2a: Ferrothorn|Power Whip|p1a: Rapid spin
|-crit|p1a: Rapid spin
|-supereffective|p1a: Rapid spin
|-damage|p1a: Rapid spin|0 fnt
|faint|p1a: Rapid spin
|
|-weather|Sandstorm|[upkeep]
|-heal|p2a: Ferrothorn|142/352 brn|[from] item: Leftovers
|-damage|p2a: Ferrothorn|98/352 brn|[from] brn
|
|switch|p1a: Regenerator|Amoonguss, M|392/403
|turn|38
|
|move|p1a: Regenerator|Hidden Power|p2a: Ferrothorn
|-supereffective|p2a: Ferrothorn
|-damage|p2a: Ferrothorn|0 fnt
|faint|p2a: Ferrothorn
|
|-weather|Sandstorm|[upkeep]
|-damage|p1a: Regenerator|367/403|[from] sandstorm
|-heal|p1a: Regenerator|392/403|[from] item: Black Sludge
|-message|PiggK forfeited.
|
|win|raichushiny
|raw|Ladder updating...
|raw|raichushiny's rating: 1431 &rarr; <strong>1456</strong><br />(+25 for winning)
|raw|PiggK's rating: 1507 &rarr; <strong>1483</strong><br />(-24 for losing)
|leave|PiggK
|player|p2