|j|☆grizou fangirl
|j|☆tres wrongs
|player|p1|grizou fangirl|8|1497
|player|p2|tres wrongs|bill-gen3|1376
|teamsize|p1|6
|teamsize|p2|6
|gametype|singles
|gen|5
|tier|[Gen 5] OU
|rated|
|clearpoke
|poke|p1|Heracross, M|item
|poke|p1|Tyranitar, F|item
|poke|p1|Rotom-Wash|item
|poke|p1|Landorus-Therian, M|item
|poke|p1|Ferrothorn, M|item
|poke|p1|Reuniclus, F|item
|poke|p2|Latios, M|item
|poke|p2|Heatran, M|item
|poke|p2|Alakazam, M|item
|poke|p2|Forretress, F|item
|poke|p2|Kyurem|item
|poke|p2|Abomasnow, M|item
|rule|Species Clause: Limit one of each Pokémon
|rule|OHKO Clause: OHKO moves are banned
|rule|Moody Clause: Moody is banned
|rule|Evasion Moves Clause: Evasion moves are banned
|rule|Endless Battle Clause: Forcing endless battles is banned
|rule|HP Percentage Mod: HP is shown in percentages
|rule|Evasion Abilities Clause: Evasion abilities are banned
|rule|Baton Pass Clause: Limit one Baton Passer, can't pass Spe and other stats simultaneously
|rule|Sleep Clause: Sleep-inducing moves are banned
|rule|Swagger Clause: Swagger is banned
|teampreview
|inactive|Battle timer is ON: inactive players will automatically lose when time's up. (requested by tres wrongs)
|inactive|grizou fangirl has 120 seconds left.
|inactive|tres wrongs has 120 seconds left.
|inactive|grizou fangirl has 90 seconds left.
|inactive|grizou fangirl has 60 seconds left.
|
|start
|switch|p1a: Landorus|Landorus-Therian, M|100/100
|switch|p2a: Forretress|Forretress, F|100/100
|-ability|p1a: Landorus|Intimidate|boost
|-unboost|p2a: Forretress|atk|1
|turn|1
|inactive|grizou fangirl has 90 seconds left.
|inactive|grizou fangirl has 60 seconds left.
|
|move|p1a: Landorus|U-turn|p2a: Forretress
|-resisted|p2a: Forretress
|-damage|p2a: Forretress|93/100
|inactive|grizou fangirl has 60 seconds left.
|
|switch|p1a: Tyranitar|Tyranitar, F|100/100|[from]move: U-turn
|-weather|Sandstorm|[from] ability: Sand Stream|[of] p1a: Tyranitar
|move|p2a: Forretress|Spikes|p1a: Tyranitar
|-sidestart|p1: grizou fangirl|Spikes
|
|-weather|Sandstorm|[upkeep]
|-heal|p2a: Forretress|99/100|[from] item: Leftovers
|upkeep
|turn|2
|
|move|p1a: Tyranitar|Fire Blast|p2a: Forretress
|-supereffective|p2a: Forretress
|-crit|p2a: Forretress
|-damage|p2a: Forretress|0 fnt
|faint|p2a: Forretress
|
|-weather|Sandstorm|[upkeep]
|upkeep
|
|switch|p2a: Abomasnow|Abomasnow, M|100/100
|-weather|Hail|[from] ability: Snow Warning|[of] p2a: Abomasnow
|turn|3
|
|switch|p1a: Ferrothorn|Ferrothorn, M|100/100
|-damage|p1a: Ferrothorn|88/100|[from] Spikes
|move|p2a: Abomasnow|Wood Hammer|p1a: Ferrothorn
|-resisted|p1a: Ferrothorn
|-damage|p1a: Ferrothorn|80/100
|-damage|p2a: Abomasnow|88/100|[from] ability: Iron Barbs|[of] p1a: Ferrothorn
|-damage|p2a: Abomasnow|85/100|[from] Recoil
|
|-weather|Hail|[upkeep]
|-damage|p1a: Ferrothorn|74/100|[from] Hail
|-heal|p2a: Abomasnow|91/100|[from] item: Leftovers
|-heal|p1a: Ferrothorn|80/100|[from] item: Leftovers
|upkeep
|turn|4
|
|switch|p2a: Heatran|Heatran, M|100/100
|move|p1a: Ferrothorn|Knock Off|p2a: Heatran
|-resisted|p2a: Heatran
|-damage|p2a: Heatran|99/100
|-enditem|p2a: Heatran|Leftovers|[from] move: Knock Off|[of] p1a: Ferrothorn
|
|-weather|Hail|[upkeep]
|-damage|p2a: Heatran|93/100|[from] Hail
|-damage|p1a: Ferrothorn|74/100|[from] Hail
|-heal|p1a: Ferrothorn|80/100|[from] item: Leftovers
|upkeep
|turn|5
|
|switch|p1a: Heracross|Heracross, M|100/100
|-damage|p1a: Heracross|88/100|[from] Spikes
|move|p2a: Heatran|Toxic|p1a: Heracross
|-status|p1a: Heracross|tox
|
|-weather|Hail|[upkeep]
|-damage|p1a: Heracross|82/100 tox|[from] Hail
|-damage|p2a: Heatran|87/100|[from] Hail
|-damage|p1a: Heracross|76/100 tox|[from] psn
|upkeep
|turn|6
|
|switch|p2a: Latios|Latios, M|100/100
|move|p1a: Heracross|Close Combat|p2a: Latios
|-resisted|p2a: Latios
|-damage|p2a: Latios|23/100
|-unboost|p1a: Heracross|def|1
|-unboost|p1a: Heracross|spd|1
|
|-weather|Hail|[upkeep]
|-damage|p2a: Latios|17/100|[from] Hail
|-damage|p1a: Heracross|70/100 tox|[from] Hail
|-damage|p1a: Heracross|58/100 tox|[from] psn
|upkeep
|turn|7
|
|switch|p1a: Ferrothorn|Ferrothorn, M|80/100
|-damage|p1a: Ferrothorn|67/100|[from] Spikes
|move|p2a: Latios|Roost|p2a: Latios
|-heal|p2a: Latios|68/100
|-singleturn|p2a: Latios|move: Roost
|
|-weather|Hail|[upkeep]
|-damage|p2a: Latios|62/100|[from] Hail
|-damage|p1a: Ferrothorn|61/100|[from] Hail
|-heal|p1a: Ferrothorn|67/100|[from] item: Leftovers
|upkeep
|turn|8
|inactive|grizou fangirl has 90 seconds left.
|j| Rokhan
|inactive|grizou fangirl has 60 seconds left.
|
|move|p2a: Latios|Hidden Power|p1a: Ferrothorn
|-supereffective|p1a: Ferrothorn
|-damage|p1a: Ferrothorn|0 fnt
|-damage|p2a: Latios|52/100|[from] item: Life Orb
|faint|p1a: Ferrothorn
|
|-weather|Hail|[upkeep]
|-damage|p2a: Latios|46/100|[from] Hail
|upkeep
|
|switch|p1a: Tyranitar|Tyranitar, F|100/100
|-damage|p1a: Tyranitar|88/100|[from] Spikes
|-weather|Sandstorm|[from] ability: Sand Stream|[of] p1a: Tyranitar
|turn|9
|inactive|grizou fangirl has 60 seconds left.
|
|move|p2a: Latios|Draco Meteor|p1a: Tyranitar
|-crit|p1a: Tyranitar
|-damage|p1a: Tyranitar|0 fnt
|-unboost|p2a: Latios|spa|2
|-damage|p2a: Latios|36/100|[from] item: Life Orb
|faint|p1a: Tyranitar
|
|-weather|Sandstorm|[upkeep]
|-damage|p2a: Latios|30/100|[from] Sandstorm
|upkeep
|
|switch|p1a: Landorus|Landorus-Therian, M|100/100
|-ability|p1a: Landorus|Intimidate|boost
|-unboost|p2a: Latios|atk|1
|turn|10
|
|switch|p2a: Heatran|Heatran, M|87/100
|move|p1a: Landorus|U-turn|p2a: Heatran
|-resisted|p2a: Heatran
|-damage|p2a: Heatran|81/100
|
|switch|p1a: Heracross|Heracross, M|58/100 tox|[from]move: U-turn
|-damage|p1a: Heracross|46/100 tox|[from] Spikes
|
|-weather|Sandstorm|[upkeep]
|-damage|p1a: Heracross|40/100 tox|[from] Sandstorm
|-damage|p1a: Heracross|34/100 tox|[from] psn
|upkeep
|turn|11
|
|move|p1a: Heracross|Close Combat|p2a: Heatran
|-supereffective|p2a: Heatran
|-damage|p2a: Heatran|0 fnt
|-unboost|p1a: Heracross|def|1
|-unboost|p1a: Heracross|spd|1
|faint|p2a: Heatran
|
|-weather|Sandstorm|[upkeep]
|-damage|p1a: Heracross|28/100 tox|[from] Sandstorm
|-damage|p1a: Heracross|16/100 tox|[from] psn
|upkeep
|
|switch|p2a: Abomasnow|Abomasnow, M|91/100
|-weather|Hail|[from] ability: Snow Warning|[of] p2a: Abomasnow
|turn|12
|
|switch|p1a: Reuniclus|Reuniclus, F|100/100
|move|p2a: Abomasnow|Ice Shard|p1a: Reuniclus
|-damage|p1a: Reuniclus|88/100
|
|-weather|Hail|[upkeep]
|-heal|p2a: Abomasnow|97/100|[from] item: Leftovers
|-heal|p1a: Reuniclus|94/100|[from] item: Leftovers
|upkeep
|turn|13
|
|switch|p2a: Kyurem|Kyurem|100/100
|-ability|p2a: Kyurem|Pressure
|move|p1a: Reuniclus|Recover|p1a: Reuniclus
|-heal|p1a: Reuniclus|100/100
|
|-weather|Hail|[upkeep]
|upkeep
|turn|14
|
|switch|p1a: Heracross|Heracross, M|16/100 tox
|-damage|p1a: Heracross|4/100 tox|[from] Spikes
|move|p2a: Kyurem|Blizzard|p1a: Heracross
|-damage|p1a: Heracross|0 fnt
|faint|p1a: Heracross
|
|-weather|Hail|[upkeep]
|upkeep
|
|switch|p1a: Rotom|Rotom-Wash|100/100
|turn|15
|
|switch|p2a: Abomasnow|Abomasnow, M|97/100
|move|p1a: Rotom|Thunder Wave|p2a: Abomasnow
|-status|p2a: Abomasnow|par
|
|-weather|Hail|[upkeep]
|-damage|p1a: Rotom|95/100|[from] Hail
|-heal|p1a: Rotom|100/100|[from] item: Leftovers
|-heal|p2a: Abomasnow|100/100 par|[from] item: Leftovers
|upkeep
|turn|16
|
|move|p1a: Rotom|Volt Switch|p2a: Abomasnow
|-resisted|p2a: Abomasnow
|-damage|p2a: Abomasnow|84/100 par
|
|switch|p1a: Landorus|Landorus-Therian, M|100/100|[from]move: Volt Switch
|-ability|p1a: Landorus|Intimidate|boost
|-unboost|p2a: Abomasnow|atk|1
|cant|p2a: Abomasnow|par
|
|-weather|Hail|[upkeep]
|-damage|p1a: Landorus|94/100|[from] Hail
|-heal|p2a: Abomasnow|90/100 par|[from] item: Leftovers
|upkeep
|turn|17
|
|cant|p2a: Abomasnow|par
|move|p1a: Landorus|U-turn|p2a: Abomasnow
|-supereffective|p2a: Abomasnow
|-damage|p2a: Abomasnow|28/100 par
|
|switch|p1a: Reuniclus|Reuniclus, F|100/100|[from]move: U-turn
|
|-weather|Hail|[upkeep]
|-heal|p2a: Abomasnow|34/100 par|[from] item: Leftovers
|upkeep
|turn|18
|
|move|p1a: Reuniclus|Calm Mind|p1a: Reuniclus
|-boost|p1a: Reuniclus|spa|1
|-boost|p1a: Reuniclus|spd|1
|cant|p2a: Abomasnow|par
|
|-weather|Hail|[upkeep]
|-heal|p2a: Abomasnow|40/100 par|[from] item: Leftovers
|upkeep
|turn|19
|
|move|p1a: Reuniclus|Calm Mind|p1a: Reuniclus
|-boost|p1a: Reuniclus|spa|1
|-boost|p1a: Reuniclus|spd|1
|move|p2a: Abomasnow|Wood Hammer|p1a: Reuniclus
|-damage|p1a: Reuniclus|74/100
|-damage|p2a: Abomasnow|29/100 par|[from] Recoil
|
|-weather|Hail|[upkeep]
|-heal|p1a: Reuniclus|80/100|[from] item: Leftovers
|-heal|p2a: Abomasnow|35/100 par|[from] item: Leftovers
|upkeep
|turn|20
|
|switch|p2a: Alakazam|Alakazam, M|100/100
|move|p1a: Reuniclus|Calm Mind|p1a: Reuniclus
|-boost|p1a: Reuniclus|spa|1
|-boost|p1a: Reuniclus|spd|1
|
|-weather|Hail|[upkeep]
|-heal|p1a: Reuniclus|87/100|[from] item: Leftovers
|upkeep
|turn|21
|
|move|p2a: Alakazam|Encore|p1a: Reuniclus
|-start|p1a: Reuniclus|Encore
|move|p1a: Reuniclus|Calm Mind|p1a: Reuniclus
|-boost|p1a: Reuniclus|spa|1
|-boost|p1a: Reuniclus|spd|1
|
|-weather|Hail|[upkeep]
|-heal|p1a: Reuniclus|93/100|[from] item: Leftovers
|upkeep
|turn|22
|
|move|p2a: Alakazam|Shadow Ball|p1a: Reuniclus
|-supereffective|p1a: Reuniclus
|-damage|p1a: Reuniclus|74/100
|move|p1a: Reuniclus|Calm Mind|p1a: Reuniclus
|-boost|p1a: Reuniclus|spa|1
|-boost|p1a: Reuniclus|spd|1
|
|-weather|Hail|[upkeep]
|-heal|p1a: Reuniclus|80/100|[from] item: Leftovers
|upkeep
|turn|23
|
|move|p2a: Alakazam|Shadow Ball|p1a: Reuniclus
|-supereffective|p1a: Reuniclus
|-damage|p1a: Reuniclus|65/100
|move|p1a: Reuniclus|Calm Mind|p1a: Reuniclus
|-boost|p1a: Reuniclus|spa|1
|-boost|p1a: Reuniclus|spd|1
|
|-weather|Hail|[upkeep]
|-heal|p1a: Reuniclus|71/100|[from] item: Leftovers
|-end|p1a: Reuniclus|Encore
|upkeep
|turn|24
|
|move|p2a: Alakazam|Encore|p1a: Reuniclus
|-start|p1a: Reuniclus|Encore
|move|p1a: Reuniclus|Calm Mind|p1a: Reuniclus
|-boost|p1a: Reuniclus|spa|0
|-boost|p1a: Reuniclus|spd|0
|
|-weather|Hail|[upkeep]
|-heal|p1a: Reuniclus|77/100|[from] item: Leftovers
|upkeep
|turn|25
|
|move|p2a: Alakazam|Shadow Ball|p1a: Reuniclus
|-supereffective|p1a: Reuniclus
|-damage|p1a: Reuniclus|64/100
|move|p1a: Reuniclus|Calm Mind|p1a: Reuniclus
|-boost|p1a: Reuniclus|spa|0
|-boost|p1a: Reuniclus|spd|0
|
|-weather|Hail|[upkeep]
|-heal|p1a: Reuniclus|70/100|[from] item: Leftovers
|upkeep
|turn|26
|
|move|p2a: Alakazam|Shadow Ball|p1a: Reuniclus
|-supereffective|p1a: Reuniclus
|-damage|p1a: Reuniclus|56/100
|move|p1a: Reuniclus|Calm Mind|p1a: Reuniclus
|-boost|p1a: Reuniclus|spa|0
|-boost|p1a: Reuniclus|spd|0
|
|-weather|Hail|[upkeep]
|-heal|p1a: Reuniclus|63/100|[from] item: Leftovers
|-end|p1a: Reuniclus|Encore
|upkeep
|turn|27
|
|move|p2a: Alakazam|Encore|p1a: Reuniclus
|-start|p1a: Reuniclus|Encore
|move|p1a: Reuniclus|Calm Mind|p1a: Reuniclus
|-boost|p1a: Reuniclus|spa|0
|-boost|p1a: Reuniclus|spd|0
|
|-weather|Hail|[upkeep]
|-heal|p1a: Reuniclus|69/100|[from] item: Leftovers
|upkeep
|turn|28
|
|move|p2a: Alakazam|Shadow Ball|p1a: Reuniclus
|-supereffective|p1a: Reuniclus
|-damage|p1a: Reuniclus|55/100
|move|p1a: Reuniclus|Calm Mind|p1a: Reuniclus
|-boost|p1a: Reuniclus|spa|0
|-boost|p1a: Reuniclus|spd|0
|
|-weather|Hail|[upkeep]
|-heal|p1a: Reuniclus|62/100|[from] item: Leftovers
|upkeep
|turn|29
|
|move|p2a: Alakazam|Shadow Ball|p1a: Reuniclus
|-supereffective|p1a: Reuniclus
|-damage|p1a: Reuniclus|49/100
|move|p1a: Reuniclus|Calm Mind|p1a: Reuniclus
|-boost|p1a: Reuniclus|spa|0
|-boost|p1a: Reuniclus|spd|0
|
|-weather|Hail|[upkeep]
|-heal|p1a: Reuniclus|55/100|[from] item: Leftovers
|-end|p1a: Reuniclus|Encore
|upkeep
|turn|30
|
|move|p2a: Alakazam|Encore|p1a: Reuniclus
|-start|p1a: Reuniclus|Encore
|move|p1a: Reuniclus|Calm Mind|p1a: Reuniclus
|-boost|p1a: Reuniclus|spa|0
|-boost|p1a: Reuniclus|spd|0
|
|-weather|Hail|[upkeep]
|-heal|p1a: Reuniclus|62/100|[from] item: Leftovers
|upkeep
|turn|31
|
|move|p2a: Alakazam|Shadow Ball|p1a: Reuniclus
|-supereffective|p1a: Reuniclus
|-damage|p1a: Reuniclus|48/100
|move|p1a: Reuniclus|Calm Mind|p1a: Reuniclus
|-boost|p1a: Reuniclus|spa|0
|-boost|p1a: Reuniclus|spd|0
|
|-weather|Hail|[upkeep]
|-heal|p1a: Reuniclus|54/100|[from] item: Leftovers
|upkeep
|turn|32
|
|move|p2a: Alakazam|Shadow Ball|p1a: Reuniclus
|-supereffective|p1a: Reuniclus
|-damage|p1a: Reuniclus|41/100
|move|p1a: Reuniclus|Calm Mind|p1a: Reuniclus
|-boost|p1a: Reuniclus|spa|0
|-boost|p1a: Reuniclus|spd|0
|
|-weather|Hail|[upkeep]
|-heal|p1a: Reuniclus|47/100|[from] item: Leftovers
|-end|p1a: Reuniclus|Encore
|upkeep
|turn|33
|
|move|p2a: Alakazam|Encore|p1a: Reuniclus
|-start|p1a: Reuniclus|Encore
|move|p1a: Reuniclus|Calm Mind|p1a: Reuniclus
|-boost|p1a: Reuniclus|spa|0
|-boost|p1a: Reuniclus|spd|0
|
|-weather|Hail|[upkeep]
|-heal|p1a: Reuniclus|53/100|[from] item: Leftovers
|upkeep
|turn|34
|
|move|p2a: Alakazam|Shadow Ball|p1a: Reuniclus
|-supereffective|p1a: Reuniclus
|-damage|p1a: Reuniclus|40/100
|move|p1a: Reuniclus|Calm Mind|p1a: Reuniclus
|-boost|p1a: Reuniclus|spa|0
|-boost|p1a: Reuniclus|spd|0
|
|-weather|Hail|[upkeep]
|-heal|p1a: Reuniclus|46/100|[from] item: Leftovers
|upkeep
|turn|35
|
|move|p2a: Alakazam|Shadow Ball|p1a: Reuniclus
|-supereffective|p1a: Reuniclus
|-damage|p1a: Reuniclus|34/100
|move|p1a: Reuniclus|Calm Mind|p1a: Reuniclus
|-boost|p1a: Reuniclus|spa|0
|-boost|p1a: Reuniclus|spd|0
|
|-weather|Hail|[upkeep]
|-heal|p1a: Reuniclus|40/100|[from] item: Leftovers
|-end|p1a: Reuniclus|Encore
|upkeep
|turn|36
|
|move|p2a: Alakazam|Encore|p1a: Reuniclus
|-start|p1a: Reuniclus|Encore
|move|p1a: Reuniclus|Calm Mind|p1a: Reuniclus
|-boost|p1a: Reuniclus|spa|0
|-boost|p1a: Reuniclus|spd|0
|
|-weather|Hail|[upkeep]
|-heal|p1a: Reuniclus|46/100|[from] item: Leftovers
|upkeep
|turn|37
|
|move|p2a: Alakazam|Shadow Ball|p1a: Reuniclus
|-supereffective|p1a: Reuniclus
|-damage|p1a: Reuniclus|33/100
|move|p1a: Reuniclus|Calm Mind|p1a: Reuniclus
|-boost|p1a: Reuniclus|spa|0
|-boost|p1a: Reuniclus|spd|0
|
|-weather|Hail|[upkeep]
|-heal|p1a: Reuniclus|39/100|[from] item: Leftovers
|upkeep
|turn|38
|
|move|p2a: Alakazam|Shadow Ball|p1a: Reuniclus
|-supereffective|p1a: Reuniclus
|-damage|p1a: Reuniclus|27/100
|-unboost|p1a: Reuniclus|spd|1
|move|p1a: Reuniclus|Calm Mind|p1a: Reuniclus
|-boost|p1a: Reuniclus|spa|0
|-boost|p1a: Reuniclus|spd|1
|
|-weather|Hail|[upkeep]
|-heal|p1a: Reuniclus|33/100|[from] item: Leftovers
|-end|p1a: Reuniclus|Encore
|upkeep
|turn|39
|
|move|p2a: Alakazam|Encore|p1a: Reuniclus
|-start|p1a: Reuniclus|Encore
|move|p1a: Reuniclus|Calm Mind|p1a: Reuniclus
|-boost|p1a: Reuniclus|spa|0
|-boost|p1a: Reuniclus|spd|0
|
|-weather|Hail|[upkeep]
|-heal|p1a: Reuniclus|39/100|[from] item: Leftovers
|upkeep
|turn|40
|
|move|p2a: Alakazam|Shadow Ball|p1a: Reuniclus
|-supereffective|p1a: Reuniclus
|-damage|p1a: Reuniclus|26/100
|-unboost|p1a: Reuniclus|spd|1
|move|p1a: Reuniclus|Calm Mind|p1a: Reuniclus
|-boost|p1a: Reuniclus|spa|0
|-boost|p1a: Reuniclus|spd|1
|
|-weather|Hail|[upkeep]
|-heal|p1a: Reuniclus|32/100|[from] item: Leftovers
|upkeep
|turn|41
|
|move|p2a: Alakazam|Shadow Ball|p1a: Reuniclus
|-supereffective|p1a: Reuniclus
|-damage|p1a: Reuniclus|19/100
|-unboost|p1a: Reuniclus|spd|1
|move|p1a: Reuniclus|Calm Mind|p1a: Reuniclus
|-boost|p1a: Reuniclus|spa|0
|-boost|p1a: Reuniclus|spd|1
|
|-weather|Hail|[upkeep]
|-heal|p1a: Reuniclus|25/100|[from] item: Leftovers
|-end|p1a: Reuniclus|Encore
|upkeep
|turn|42
|
|move|p2a: Alakazam|Encore|p1a: Reuniclus
|-start|p1a: Reuniclus|Encore
|move|p1a: Reuniclus|Calm Mind|p1a: Reuniclus
|-boost|p1a: Reuniclus|spa|0
|-boost|p1a: Reuniclus|spd|0
|
|-weather|Hail|[upkeep]
|-heal|p1a: Reuniclus|31/100|[from] item: Leftovers
|upkeep
|turn|43
|
|move|p2a: Alakazam|Shadow Ball|p1a: Reuniclus
|-supereffective|p1a: Reuniclus
|-damage|p1a: Reuniclus|19/100
|move|p1a: Reuniclus|Calm Mind|p1a: Reuniclus
|-boost|p1a: Reuniclus|spa|0
|-boost|p1a: Reuniclus|spd|0
|
|-weather|Hail|[upkeep]
|-heal|p1a: Reuniclus|25/100|[from] item: Leftovers
|upkeep
|turn|44
|
|move|p2a: Alakazam|Shadow Ball|p1a: Reuniclus
|-supereffective|p1a: Reuniclus
|-damage|p1a: Reuniclus|12/100
|move|p1a: Reuniclus|Calm Mind|p1a: Reuniclus
|-boost|p1a: Reuniclus|spa|0
|-boost|p1a: Reuniclus|spd|0
|
|-weather|Hail|[upkeep]
|-heal|p1a: Reuniclus|18/100|[from] item: Leftovers
|-end|p1a: Reuniclus|Encore
|upkeep
|turn|45
|
|move|p2a: Alakazam|Shadow Ball|p1a: Reuniclus
|-supereffective|p1a: Reuniclus
|-damage|p1a: Reuniclus|6/100
|move|p1a: Reuniclus|Recover|p1a: Reuniclus
|-heal|p1a: Reuniclus|56/100
|
|-weather|Hail|[upkeep]
|-heal|p1a: Reuniclus|62/100|[from] item: Leftovers
|upkeep
|turn|46
|
|move|p2a: Alakazam|Shadow Ball|p1a: Reuniclus
|-supereffective|p1a: Reuniclus
|-damage|p1a: Reuniclus|49/100
|-unboost|p1a: Reuniclus|spd|1
|move|p1a: Reuniclus|Psychic|p2a: Alakazam
|-resisted|p2a: Alakazam
|-enditem|p2a: Alakazam|Focus Sash
|-damage|p2a: Alakazam|1/100
|
|-weather|Hail|[upkeep]
|-heal|p1a: Reuniclus|55/100|[from] item: Leftovers
|upkeep
|turn|47
|
|move|p2a: Alakazam|Shadow Ball|p1a: Reuniclus
|-supereffective|p1a: Reuniclus
|-damage|p1a: Reuniclus|38/100
|-unboost|p1a: Reuniclus|spd|1
|move|p1a: Reuniclus|Recover|p1a: Reuniclus
|-heal|p1a: Reuniclus|88/100
|
|-weather|Hail|[upkeep]
|-heal|p1a: Reuniclus|95/100|[from] item: Leftovers
|upkeep
|turn|48
|
|move|p2a: Alakazam|Shadow Ball|p1a: Reuniclus
|-supereffective|p1a: Reuniclus
|-damage|p1a: Reuniclus|76/100
|move|p1a: Reuniclus|Psychic|p2a: Alakazam
|-resisted|p2a: Alakazam
|-damage|p2a: Alakazam|0 fnt
|faint|p2a: Alakazam
|
|-weather|Hail|[upkeep]
|-heal|p1a: Reuniclus|82/100|[from] item: Leftovers
|upkeep
|c|☆tres wrongs|gg
|
|switch|p2a: Kyurem|Kyurem|100/100
|-ability|p2a: Kyurem|Pressure
|turn|49
|c|☆grizou fangirl|gg
|
|move|p2a: Kyurem|Blizzard|p1a: Reuniclus
|-damage|p1a: Reuniclus|61/100
|move|p1a: Reuniclus|Psychic|p2a: Kyurem
|-damage|p2a: Kyurem|0 fnt
|faint|p2a: Kyurem
|
|-weather|Hail|[upkeep]
|-heal|p1a: Reuniclus|67/100|[from] item: Leftovers
|upkeep
|
|switch|p2a: Latios|Latios, M|30/100
|turn|50
|
|move|p2a: Latios|Draco Meteor|p1a: Reuniclus
|-damage|p1a: Reuniclus|41/100
|-unboost|p2a: Latios|spa|2
|-damage|p2a: Latios|20/100|[from] item: Life Orb
|move|p1a: Reuniclus|Psychic|p2a: Latios
|-resisted|p2a: Latios
|-damage|p2a: Latios|0 fnt
|faint|p2a: Latios
|
|-weather|Hail|[upkeep]
|-heal|p1a: Reuniclus|47/100|[from] item: Leftovers
|upkeep
|
|switch|p2a: Abomasnow|Abomasnow, M|35/100 par
|turn|51
|
|move|p1a: Reuniclus|Psychic|p2a: Abomasnow
|-damage|p2a: Abomasnow|0 fnt
|faint|p2a: Abomasnow
|
|win|grizou fangirl
|raw|grizou fangirl's rating: 1497 &rarr; <strong>1511</strong><br />(+14 for winning)
|raw|tres wrongs's rating: 1376 &rarr; <strong>1363</strong><br />(-13 for losing)
|l|☆tres wrongs
|j|☆tres wrongs
|player|p2|tres wrongs|bill-gen3
