|j|☆porrompompom
|j|☆NOT KL
|player|p1|porrompompom|169|1536
|player|p2|NOT KL|waitress-gen4|1312
|teamsize|p1|6
|teamsize|p2|6
|gametype|singles
|gen|5
|tier|[Gen 5] OU
|rated|
|clearpoke
|poke|p1|Crobat, F|item
|poke|p1|Tornadus, M|item
|poke|p1|Excadrill, M|item
|poke|p1|Magnezone|item
|poke|p1|Gyarados, M|item
|poke|p1|Breloom, M|item
|poke|p2|Ferrothorn, M|item
|poke|p2|Landorus-Therian, M|item
|poke|p2|Jellicent, M|item
|poke|p2|Tyranitar, M|item
|poke|p2|Alakazam, M|item
|poke|p2|Latios, M|item
|rule|Species Clause: Limit one of each Pokémon
|rule|OHKO Clause: OHKO moves are banned
|rule|Moody Clause: Moody is banned
|rule|Evasion Moves Clause: Evasion moves are banned
|rule|Endless Battle Clause: Forcing endless battles is banned
|rule|HP Percentage Mod: HP is shown in percentages
|rule|Evasion Abilities Clause: Evasion abilities are banned
|rule|Baton Pass Clause: Limit one Baton Passer, can't pass Spe and other stats simultaneously
|rule|Sleep Clause: Sleep-inducing moves are banned
|rule|Swagger Clause: Swagger is banned
|teampreview
|
|start
|switch|p1a: Excadrill|Excadrill, M|100/100
|switch|p2a: Latios|Latios, M|100/100
|-ability|p1a: Excadrill|Mold Breaker
|turn|1
|
|move|p2a: Latios|Surf|p1a: Excadrill
|-supereffective|p1a: Excadrill
|-enditem|p1a: Excadrill|Focus Sash
|-damage|p1a: Excadrill|1/100
|move|p1a: Excadrill|Stealth Rock|p2a: Latios
|-sidestart|p2: NOT KL|move: Stealth Rock
|
|upkeep
|turn|2
|
|switch|p1a: Gyarados|Gyarados, M|100/100
|-ability|p1a: Gyarados|Intimidate|boost
|-unboost|p2a: Latios|atk|1
|move|p2a: Latios|Surf|p1a: Gyarados
|-resisted|p1a: Gyarados
|-damage|p1a: Gyarados|73/100
|
|upkeep
|turn|3
|
|switch|p2a: Ferrothorn|Ferrothorn, M|100/100
|-damage|p2a: Ferrothorn|95/100|[from] Stealth Rock
|move|p1a: Gyarados|Dragon Dance|p1a: Gyarados
|-boost|p1a: Gyarados|atk|1
|-boost|p1a: Gyarados|spe|1
|
|-heal|p2a: Ferrothorn|100/100|[from] item: Leftovers
|upkeep
|turn|4
|
|move|p1a: Gyarados|Waterfall|p2a: Ferrothorn
|-resisted|p2a: Ferrothorn
|-damage|p2a: Ferrothorn|80/100
|-damage|p1a: Gyarados|61/100|[from] ability: Iron Barbs|[of] p2a: Ferrothorn
|cant|p2a: Ferrothorn|flinch
|
|-heal|p2a: Ferrothorn|86/100|[from] item: Leftovers
|upkeep
|turn|5
|
|switch|p1a: Magnezone|Magnezone|100/100
|move|p2a: Ferrothorn|Spikes|p1a: Magnezone
|-sidestart|p1: porrompompom|Spikes
|
|-heal|p2a: Ferrothorn|92/100|[from] item: Leftovers
|upkeep
|turn|6
|
|move|p1a: Magnezone|Hidden Power|p2a: Ferrothorn
|-supereffective|p2a: Ferrothorn
|-damage|p2a: Ferrothorn|11/100
|move|p2a: Ferrothorn|Knock Off|p1a: Magnezone
|-resisted|p1a: Magnezone
|-damage|p1a: Magnezone|98/100
|-enditem|p1a: Magnezone|Chople Berry|[from] move: Knock Off|[of] p2a: Ferrothorn
|
|-heal|p2a: Ferrothorn|17/100|[from] item: Leftovers
|upkeep
|turn|7
|
|move|p1a: Magnezone|Hidden Power|p2a: Ferrothorn
|-supereffective|p2a: Ferrothorn
|-damage|p2a: Ferrothorn|0 fnt
|faint|p2a: Ferrothorn
|
|upkeep
|
|switch|p2a: Tyranitar|Tyranitar, M|100/100
|-damage|p2a: Tyranitar|88/100|[from] Stealth Rock
|-weather|Sandstorm|[from] ability: Sand Stream|[of] p2a: Tyranitar
|turn|8
|
|switch|p1a: Breloom|Breloom, M|100/100
|-damage|p1a: Breloom|88/100|[from] Spikes
|move|p2a: Tyranitar|Stealth Rock|p1a: Breloom
|-sidestart|p1: porrompompom|move: Stealth Rock
|
|-weather|Sandstorm|[upkeep]
|-damage|p1a: Breloom|82/100|[from] Sandstorm
|upkeep
|turn|9
|
|switch|p2a: Landorus|Landorus-Therian, M|100/100
|-damage|p2a: Landorus|88/100|[from] Stealth Rock
|-ability|p2a: Landorus|Intimidate|boost
|-unboost|p1a: Breloom|atk|1
|move|p1a: Breloom|Bullet Seed|p2a: Landorus
|-damage|p2a: Landorus|74/100
|-damage|p2a: Landorus|58/100
|-damage|p2a: Landorus|43/100
|-hitcount|p2a: Landorus|3
|
|-weather|Sandstorm|[upkeep]
|-damage|p1a: Breloom|76/100|[from] Sandstorm
|upkeep
|turn|10
|
|switch|p1a: Excadrill|Excadrill, M|1/100
|-damage|p1a: Excadrill|0 fnt|[from] Spikes
|faint|p1a: Excadrill
|move|p2a: Landorus|U-turn|p1: Excadrill|[notarget]
|-fail|p2a: Landorus
|
|-weather|Sandstorm|[upkeep]
|upkeep
|
|switch|p1a: Crobat|Crobat, F|100/100
|-damage|p1a: Crobat|76/100|[from] Stealth Rock
|turn|11
|
|move|p2a: Landorus|U-turn|p1a: Crobat
|-resisted|p1a: Crobat
|-damage|p1a: Crobat|66/100
|
|-activate|p2a: Landorus|move: Pursuit
|move|p1a: Crobat|Pursuit|p2a: Landorus|[from]Pursuit
|-damage|p2a: Landorus|8/100
|switch|p2a: Jellicent|Jellicent, M|100/100|[from]move: U-turn
|-damage|p2a: Jellicent|88/100|[from] Stealth Rock
|
|-weather|Sandstorm|[upkeep]
|-damage|p1a: Crobat|60/100|[from] Sandstorm
|-damage|p2a: Jellicent|82/100|[from] Sandstorm
|-heal|p2a: Jellicent|88/100|[from] item: Leftovers
|upkeep
|turn|12
|
|switch|p1a: Gyarados|Gyarados, M|61/100
|-damage|p1a: Gyarados|36/100|[from] Stealth Rock
|-ability|p1a: Gyarados|Intimidate|boost
|-unboost|p2a: Jellicent|atk|1
|move|p2a: Jellicent|Will-O-Wisp|p1a: Gyarados
|-status|p1a: Gyarados|brn
|
|-weather|Sandstorm|[upkeep]
|-damage|p1a: Gyarados|30/100 brn|[from] Sandstorm
|-damage|p2a: Jellicent|82/100|[from] Sandstorm
|-heal|p2a: Jellicent|88/100|[from] item: Leftovers
|-damage|p1a: Gyarados|18/100 brn|[from] brn
|upkeep
|turn|13
|
|move|p1a: Gyarados|Earthquake|p2a: Jellicent
|-damage|p2a: Jellicent|74/100
|move|p2a: Jellicent|Recover|p2a: Jellicent
|-heal|p2a: Jellicent|100/100
|
|-weather|Sandstorm|[upkeep]
|-damage|p1a: Gyarados|12/100 brn|[from] Sandstorm
|-damage|p2a: Jellicent|94/100|[from] Sandstorm
|-heal|p2a: Jellicent|100/100|[from] item: Leftovers
|-damage|p1a: Gyarados|0 fnt|[from] brn
|faint|p1a: Gyarados
|upkeep
|
|switch|p1a: Breloom|Breloom, M|76/100
|-damage|p1a: Breloom|64/100|[from] Spikes
|-damage|p1a: Breloom|58/100|[from] Stealth Rock
|turn|14
|
|move|p1a: Breloom|Bullet Seed|p2a: Jellicent
|-supereffective|p2a: Jellicent
|-damage|p2a: Jellicent|67/100
|-supereffective|p2a: Jellicent
|-damage|p2a: Jellicent|34/100
|-hitcount|p2a: Jellicent|2
|move|p2a: Jellicent|Will-O-Wisp|p1a: Breloom|[miss]
|-miss|p2a: Jellicent|p1a: Breloom
|
|-weather|Sandstorm|[upkeep]
|-damage|p1a: Breloom|51/100|[from] Sandstorm
|-damage|p2a: Jellicent|28/100|[from] Sandstorm
|-heal|p2a: Jellicent|34/100|[from] item: Leftovers
|upkeep
|turn|15
|
|switch|p2a: Landorus|Landorus-Therian, M|8/100
|-damage|p2a: Landorus|0 fnt|[from] Stealth Rock
|faint|p2a: Landorus
|move|p1a: Breloom|Bullet Seed|p2: Landorus|[notarget]
|-fail|p1a: Breloom
|
|-weather|Sandstorm|[upkeep]
|-damage|p1a: Breloom|45/100|[from] Sandstorm
|upkeep
|
|switch|p2a: Latios|Latios, M|100/100
|-damage|p2a: Latios|88/100|[from] Stealth Rock
|turn|16
|
|switch|p1a: Magnezone|Magnezone|98/100
|-damage|p1a: Magnezone|86/100|[from] Spikes
|-damage|p1a: Magnezone|80/100|[from] Stealth Rock
|move|p2a: Latios|Draco Meteor|p1a: Magnezone
|-resisted|p1a: Magnezone
|-damage|p1a: Magnezone|13/100
|-unboost|p2a: Latios|spa|2
|
|-weather|Sandstorm|[upkeep]
|-damage|p2a: Latios|82/100|[from] Sandstorm
|upkeep
|turn|17
|
|move|p2a: Latios|Draco Meteor|p1a: Magnezone
|-resisted|p1a: Magnezone
|-damage|p1a: Magnezone|0 fnt
|-unboost|p2a: Latios|spa|2
|faint|p1a: Magnezone
|
|-weather|Sandstorm|[upkeep]
|-damage|p2a: Latios|76/100|[from] Sandstorm
|upkeep
|
|switch|p1a: Crobat|Crobat, F|60/100
|-damage|p1a: Crobat|36/100|[from] Stealth Rock
|turn|18
|
|move|p1a: Crobat|Pursuit|p2a: Latios
|-supereffective|p2a: Latios
|-damage|p2a: Latios|32/100
|move|p2a: Latios|Draco Meteor|p1a: Crobat
|-damage|p1a: Crobat|0 fnt
|-unboost|p2a: Latios|spa|2
|faint|p1a: Crobat
|
|-weather|Sandstorm|[upkeep]
|-damage|p2a: Latios|26/100|[from] Sandstorm
|upkeep
|
|switch|p1a: Tornadus|Tornadus, M|100/100
|-damage|p1a: Tornadus|76/100|[from] Stealth Rock
|turn|19
|
|move|p1a: Tornadus|Tailwind|p1a: Tornadus
|-sidestart|p1: porrompompom|move: Tailwind
|move|p2a: Latios|Draco Meteor|p1a: Tornadus
|-damage|p1a: Tornadus|35/100
|
|-weather|Sandstorm|[upkeep]
|-damage|p1a: Tornadus|29/100|[from] Sandstorm
|-damage|p2a: Latios|20/100|[from] Sandstorm
|upkeep
|turn|20
|
|move|p1a: Tornadus|Acrobatics|p2a: Latios
|-enditem|p1a: Tornadus|Flying Gem|[from] gem
|-damage|p2a: Latios|0 fnt
|faint|p2a: Latios
|
|-weather|Sandstorm|[upkeep]
|-damage|p1a: Tornadus|23/100|[from] Sandstorm
|upkeep
|
|switch|p2a: Tyranitar|Tyranitar, M|88/100
|-damage|p2a: Tyranitar|76/100|[from] Stealth Rock
|turn|21
|
|move|p1a: Tornadus|Acrobatics|p2a: Tyranitar
|-resisted|p2a: Tyranitar
|-damage|p2a: Tyranitar|50/100
|move|p2a: Tyranitar|Crunch|p1a: Tornadus
|-damage|p1a: Tornadus|0 fnt
|faint|p1a: Tornadus
|
|-weather|Sandstorm|[upkeep]
|upkeep
|
|switch|p1a: Breloom|Breloom, M|45/100
|-damage|p1a: Breloom|39/100|[from] Stealth Rock
|-damage|p1a: Breloom|27/100|[from] Spikes
|turn|22
|
|move|p1a: Breloom|Bullet Seed|p2a: Tyranitar
|-supereffective|p2a: Tyranitar
|-damage|p2a: Tyranitar|9/100
|-supereffective|p2a: Tyranitar
|-damage|p2a: Tyranitar|0 fnt
|-hitcount|p2a: Tyranitar|2
|faint|p2a: Tyranitar
|
|-weather|Sandstorm|[upkeep]
|-damage|p1a: Breloom|21/100|[from] Sandstorm
|-sideend|p1: porrompompom|move: Tailwind
|upkeep
|
|switch|p2a: Alakazam|Alakazam, M|100/100
|turn|23
|
|move|p1a: Breloom|Bullet Seed|p2a: Alakazam
|-damage|p2a: Alakazam|48/100
|-damage|p2a: Alakazam|0 fnt
|-hitcount|p2a: Alakazam|2
|faint|p2a: Alakazam
|
|-weather|Sandstorm|[upkeep]
|-damage|p1a: Breloom|15/100|[from] Sandstorm
|upkeep
|
|switch|p2a: Jellicent|Jellicent, M|34/100
|-damage|p2a: Jellicent|22/100|[from] Stealth Rock
|turn|24
|
|move|p1a: Breloom|Bullet Seed|p2a: Jellicent
|-supereffective|p2a: Jellicent
|-damage|p2a: Jellicent|0 fnt
|-hitcount|p2a: Jellicent|1
|faint|p2a: Jellicent
|
|win|porrompompom
|l|☆NOT KL
|raw|porrompompom's rating: 1536 &rarr; <strong>1545</strong><br />(+9 for winning)
|raw|NOT KL's rating: 1312 &rarr; <strong>1303</strong><br />(-9 for losing)
