|j|☆Stalag1a
|j|☆nb41 st
|t:|1726328830
|gametype|singles
|player|p1|Stalag1a|lucas|1288
|player|p2|nb41 st|266|1513
|teamsize|p1|6
|teamsize|p2|6
|gen|5
|tier|[Gen 5] OU
|rated|
|rule|Species Clause: Limit one of each Pokémon
|rule|OHKO Clause: OHKO moves are banned
|rule|Moody Clause: Moody is banned
|rule|Evasion Items Clause: Evasion items are banned
|rule|Evasion Moves Clause: Evasion moves are banned
|rule|Endless Battle Clause: Forcing endless battles is banned
|rule|HP Percentage Mod: HP is shown in percentages
|rule|Evasion Abilities Clause: Evasion abilities are banned
|rule|Sleep Moves Clause: Sleep-inducing moves are banned
|rule|Swagger Clause: Swagger is banned
|rule|Baton Pass Stat Clause: No Baton Passer may have a way to boost its stats
|clearpoke
|poke|p1|Ferrothorn, M|item
|poke|p1|Keldeo|item
|poke|p1|Latios, M|item
|poke|p1|Tentacruel, M|item
|poke|p1|Landorus-Therian, M|item
|poke|p1|Politoed, F|item
|poke|p2|Tyranitar, M|item
|poke|p2|Latias, F|item
|poke|p2|Rotom-Wash|item
|poke|p2|Alakazam, M|item
|poke|p2|Landorus-Therian, M|item
|poke|p2|Excadrill, M|item
|teampreview
|inactive|Battle timer is ON: inactive players will automatically lose when time's up. (requested by Stalag1a)
|inactive|Stalag1a has 120 seconds left.
|
|t:|1726328871
|start
|switch|p1a: Ferrothorn|Ferrothorn, M|100/100
|switch|p2a: Rotom|Rotom-Wash|100/100
|turn|1
|
|t:|1726328876
|move|p2a: Rotom|Will-O-Wisp|p1a: Ferrothorn
|-status|p1a: Ferrothorn|brn
|-enditem|p1a: Ferrothorn|Rawst Berry|[eat]
|-curestatus|p1a: Ferrothorn|brn|[msg]
|move|p1a: Ferrothorn|Power Whip|p2a: Rotom
|-supereffective|p2a: Rotom
|-damage|p2a: Rotom|41/100
|
|-heal|p2a: Rotom|47/100|[from] item: Leftovers
|upkeep
|turn|2
|
|t:|1726328885
|move|p2a: Rotom|Will-O-Wisp|p1a: Ferrothorn|[miss]
|-miss|p2a: Rotom|p1a: Ferrothorn
|move|p1a: Ferrothorn|Knock Off|p2a: Rotom
|-damage|p2a: Rotom|43/100
|-enditem|p2a: Rotom|Leftovers|[from] move: Knock Off|[of] p1a: Ferrothorn
|
|upkeep
|turn|3
|
|t:|1726328899
|move|p2a: Rotom|Will-O-Wisp|p1a: Ferrothorn|[miss]
|-miss|p2a: Rotom|p1a: Ferrothorn
|move|p1a: Ferrothorn|Stealth Rock|p2a: Rotom
|-sidestart|p2: nb41 st|move: Stealth Rock
|
|upkeep
|turn|4
|c|☆Stalag1a|Sorry
|
|t:|1726328928
|switch|p1a: Keldeo|Keldeo|100/100
|move|p2a: Rotom|Will-O-Wisp|p1a: Keldeo
|-status|p1a: Keldeo|brn
|
|-damage|p1a: Keldeo|88/100 brn|[from] brn
|upkeep
|turn|5
|
|t:|1726328936
|switch|p1a: Landorus|Landorus-Therian, M|100/100
|-ability|p1a: Landorus|Intimidate|boost
|-unboost|p2a: Rotom|atk|1
|switch|p2a: Latias|Latias, F|100/100
|-damage|p2a: Latias|88/100|[from] Stealth Rock
|
|upkeep
|turn|6
|
|t:|1726328943
|move|p1a: Landorus|Outrage|p2a: Latias
|-supereffective|p2a: Latias
|-damage|p2a: Latias|0 fnt
|-damage|p1a: Landorus|84/100|[from] item: Rocky Helmet|[of] p2a: Latias
|faint|p2a: Latias
|
|upkeep
|
|t:|1726328953
|switch|p2a: Excadrill|Excadrill, M|100/100
|-damage|p2a: Excadrill|97/100|[from] Stealth Rock
|turn|7
|
|t:|1726328957
|move|p1a: Landorus|Outrage|p2a: Excadrill|[from]lockedmove
|-resisted|p2a: Excadrill
|-damage|p2a: Excadrill|60/100
|-start|p1a: Landorus|confusion|[fatigue]
|move|p2a: Excadrill|Substitute|p2a: Excadrill
|-start|p2a: Excadrill|Substitute
|-damage|p2a: Excadrill|35/100
|
|-heal|p2a: Excadrill|41/100|[from] item: Leftovers
|upkeep
|turn|8
|c|☆Stalag1a|All those times ive been mad at u
|c|☆Stalag1a|For this silly drill
|c|☆Stalag1a|Were even now
|inactive|Stalag1a has 120 seconds left.
|
|t:|1726328997
|switch|p1a: Keldeo|Keldeo|88/100 brn
|move|p2a: Excadrill|Earthquake|p1a: Keldeo
|-damage|p1a: Keldeo|28/100 brn
|
|-heal|p1a: Keldeo|34/100 brn|[from] item: Leftovers
|-heal|p2a: Excadrill|47/100|[from] item: Leftovers
|-damage|p1a: Keldeo|21/100 brn|[from] brn
|upkeep
|turn|9
|
|t:|1726329002
|move|p2a: Excadrill|Protect|p2a: Excadrill
|-singleturn|p2a: Excadrill|Protect
|move|p1a: Keldeo|Surf|p2a: Excadrill
|-activate|p2a: Excadrill|move: Protect
|
|-heal|p1a: Keldeo|28/100 brn|[from] item: Leftovers
|-heal|p2a: Excadrill|53/100|[from] item: Leftovers
|-damage|p1a: Keldeo|15/100 brn|[from] brn
|upkeep
|turn|10
|inactive|Stalag1a has 120 seconds left.
|
|t:|1726329011
|move|p1a: Keldeo|Surf|p2a: Excadrill
|-supereffective|p2a: Excadrill
|-end|p2a: Excadrill|Substitute
|move|p2a: Excadrill|Substitute|p2a: Excadrill
|-start|p2a: Excadrill|Substitute
|-damage|p2a: Excadrill|28/100
|
|-heal|p1a: Keldeo|21/100 brn|[from] item: Leftovers
|-heal|p2a: Excadrill|34/100|[from] item: Leftovers
|-damage|p1a: Keldeo|9/100 brn|[from] brn
|upkeep
|turn|11
|
|t:|1726329015
|move|p2a: Excadrill|Protect|p2a: Excadrill
|-singleturn|p2a: Excadrill|Protect
|move|p1a: Keldeo|Surf|p2a: Excadrill
|-activate|p2a: Excadrill|move: Protect
|
|-heal|p1a: Keldeo|15/100 brn|[from] item: Leftovers
|-heal|p2a: Excadrill|40/100|[from] item: Leftovers
|-damage|p1a: Keldeo|3/100 brn|[from] brn
|upkeep
|turn|12
|
|t:|1726329019
|switch|p1a: Politoed|Politoed, F|100/100
|-weather|RainDance|[from] ability: Drizzle|[of] p1a: Politoed
|move|p2a: Excadrill|Substitute|p2a: Excadrill
|-fail|p2a: Excadrill|move: Substitute
|
|-weather|RainDance|[upkeep]
|-heal|p2a: Excadrill|46/100|[from] item: Leftovers
|upkeep
|turn|13
|
|t:|1726329024
|move|p2a: Excadrill|Protect|p2a: Excadrill
|-singleturn|p2a: Excadrill|Protect
|move|p1a: Politoed|Surf|p2a: Excadrill
|-activate|p2a: Excadrill|move: Protect
|
|-weather|RainDance|[upkeep]
|-heal|p2a: Excadrill|52/100|[from] item: Leftovers
|upkeep
|turn|14
|
|t:|1726329029
|move|p2a: Excadrill|Earthquake|p1a: Politoed
|-damage|p1a: Politoed|19/100
|move|p1a: Politoed|Surf|p2a: Excadrill
|-supereffective|p2a: Excadrill
|-end|p2a: Excadrill|Substitute
|
|-weather|RainDance|[upkeep]
|-heal|p2a: Excadrill|58/100|[from] item: Leftovers
|upkeep
|turn|15
|
|t:|1726329035
|switch|p1a: Landorus|Landorus-Therian, M|84/100
|-ability|p1a: Landorus|Intimidate|boost
|-unboost|p2a: Excadrill|atk|1
|move|p2a: Excadrill|Substitute|p2a: Excadrill
|-start|p2a: Excadrill|Substitute
|-damage|p2a: Excadrill|33/100
|
|-weather|RainDance|[upkeep]
|-heal|p2a: Excadrill|40/100|[from] item: Leftovers
|upkeep
|turn|16
|
|t:|1726329042
|move|p2a: Excadrill|Protect|p2a: Excadrill
|-singleturn|p2a: Excadrill|Protect
|move|p1a: Landorus|Earthquake|p2a: Excadrill
|-activate|p2a: Excadrill|move: Protect
|
|-weather|RainDance|[upkeep]
|-heal|p2a: Excadrill|46/100|[from] item: Leftovers
|upkeep
|turn|17
|
|t:|1726329052
|switch|p2a: Landorus|Landorus-Therian, M|100/100
|-damage|p2a: Landorus|88/100|[from] Stealth Rock
|-ability|p2a: Landorus|Intimidate|boost
|-unboost|p1a: Landorus|atk|1
|move|p1a: Landorus|Earthquake|p2a: Landorus
|-immune|p2a: Landorus
|
|-weather|RainDance|[upkeep]
|upkeep
|turn|18
|
|t:|1726329060
|switch|p1a: Tentacruel|Tentacruel, M|100/100
|move|p2a: Landorus|U-turn|p1a: Tentacruel
|-resisted|p1a: Tentacruel
|-damage|p1a: Tentacruel|88/100
|
|t:|1726329072
|switch|p2a: Rotom|Rotom-Wash|43/100|[from] U-turn
|-damage|p2a: Rotom|31/100|[from] Stealth Rock
|
|-weather|RainDance|[upkeep]
|-heal|p1a: Tentacruel|94/100|[from] ability: Rain Dish
|-heal|p1a: Tentacruel|100/100|[from] item: Black Sludge
|upkeep
|turn|19
|
|t:|1726329077
|move|p1a: Tentacruel|Substitute|p1a: Tentacruel
|-start|p1a: Tentacruel|Substitute
|-damage|p1a: Tentacruel|76/100
|move|p2a: Rotom|Pain Split||[still]
|-fail|p2a: Rotom
|
|-weather|RainDance|[upkeep]
|-heal|p1a: Tentacruel|82/100|[from] ability: Rain Dish
|-heal|p1a: Tentacruel|88/100|[from] item: Black Sludge
|upkeep
|turn|20
|
|t:|1726329080
|move|p1a: Tentacruel|Toxic|p2a: Rotom
|-status|p2a: Rotom|tox
|move|p2a: Rotom|Volt Switch|p1a: Tentacruel
|-supereffective|p1a: Tentacruel
|-end|p1a: Tentacruel|Substitute
|
|t:|1726329083
|switch|p2a: Alakazam|Alakazam, M|100/100|[from] Volt Switch
|
|-weather|RainDance|[upkeep]
|-heal|p1a: Tentacruel|94/100|[from] ability: Rain Dish
|-heal|p1a: Tentacruel|99/100|[from] item: Black Sludge
|upkeep
|turn|21
|
|t:|1726329086
|move|p1a: Tentacruel|Protect|p1a: Tentacruel
|-singleturn|p1a: Tentacruel|Protect
|move|p2a: Alakazam|Encore|p1a: Tentacruel
|-activate|p1a: Tentacruel|move: Protect
|
|-weather|RainDance|[upkeep]
|-heal|p1a: Tentacruel|100/100|[from] ability: Rain Dish
|upkeep
|turn|22
|
|t:|1726329095
|move|p2a: Alakazam|Focus Blast|p1a: Tentacruel
|-resisted|p1a: Tentacruel
|-damage|p1a: Tentacruel|82/100
|move|p1a: Tentacruel|Scald|p2a: Alakazam
|-crit|p2a: Alakazam
|-enditem|p2a: Alakazam|Focus Sash
|-damage|p2a: Alakazam|1/100
|
|-weather|RainDance|[upkeep]
|-heal|p1a: Tentacruel|89/100|[from] ability: Rain Dish
|-heal|p1a: Tentacruel|95/100|[from] item: Black Sludge
|upkeep
|turn|23
|
|t:|1726329102
|move|p1a: Tentacruel|Protect|p1a: Tentacruel
|-singleturn|p1a: Tentacruel|Protect
|move|p2a: Alakazam|Psychic|p1a: Tentacruel
|-activate|p1a: Tentacruel|move: Protect
|
|-weather|RainDance|[upkeep]
|-heal|p1a: Tentacruel|100/100|[from] ability: Rain Dish
|upkeep
|turn|24
|
|t:|1726329131
|switch|p1a: Ferrothorn|Ferrothorn, M|100/100
|move|p2a: Alakazam|Encore||[still]
|-fail|p2a: Alakazam
|
|-weather|RainDance|[upkeep]
|upkeep
|turn|25
|
|t:|1726329136
|switch|p1a: Landorus|Landorus-Therian, M|84/100
|-ability|p1a: Landorus|Intimidate|boost
|-unboost|p2a: Alakazam|atk|1
|move|p2a: Alakazam|Focus Blast|p1a: Landorus
|-resisted|p1a: Landorus
|-damage|p1a: Landorus|60/100
|
|-weather|RainDance|[upkeep]
|upkeep
|turn|26
|
|t:|1726329143
|switch|p2a: Landorus|Landorus-Therian, M|88/100
|-damage|p2a: Landorus|76/100|[from] Stealth Rock
|-ability|p2a: Landorus|Intimidate|boost
|-unboost|p1a: Landorus|atk|1
|move|p1a: Landorus|U-turn|p2a: Landorus
|-resisted|p2a: Landorus
|-damage|p2a: Landorus|68/100
|inactive|Stalag1a has 120 seconds left.
|
|t:|1726329177
|switch|p1a: Tentacruel|Tentacruel, M|100/100|[from] U-turn
|
|-weather|RainDance|[upkeep]
|upkeep
|turn|27
|
|t:|1726329181
|switch|p1a: Landorus|Landorus-Therian, M|60/100
|-ability|p1a: Landorus|Intimidate|boost
|-unboost|p2a: Landorus|atk|1
|move|p2a: Landorus|Earthquake|p1a: Landorus
|-immune|p1a: Landorus
|
|-weather|RainDance|[upkeep]
|upkeep
|turn|28
|
|t:|1726329196
|move|p2a: Landorus|Earthquake|p1a: Landorus
|-immune|p1a: Landorus
|move|p1a: Landorus|Outrage|p2a: Landorus
|-crit|p2a: Landorus
|-damage|p2a: Landorus|0 fnt
|faint|p2a: Landorus
|
|-weather|RainDance|[upkeep]
|upkeep
|
|t:|1726329203
|switch|p2a: Tyranitar|Tyranitar, M|100/100
|-damage|p2a: Tyranitar|88/100|[from] Stealth Rock
|-weather|Sandstorm|[from] ability: Sand Stream|[of] p2a: Tyranitar
|turn|29
|
|t:|1726329214
|move|p1a: Landorus|Outrage|p2a: Tyranitar|[from]lockedmove
|-damage|p2a: Tyranitar|51/100
|move|p2a: Tyranitar|Stealth Rock|p1a: Landorus
|-sidestart|p1: Stalag1a|move: Stealth Rock
|
|-weather|Sandstorm|[upkeep]
|upkeep
|turn|30
|
|t:|1726329227
|switch|p2a: Rotom|Rotom-Wash|31/100 tox
|-damage|p2a: Rotom|19/100 tox|[from] Stealth Rock
|move|p1a: Landorus|Outrage|p2a: Rotom|[from]lockedmove
|-damage|p2a: Rotom|0 fnt
|faint|p2a: Rotom
|-start|p1a: Landorus|confusion|[fatigue]
|
|-weather|Sandstorm|[upkeep]
|upkeep
|
|t:|1726329230
|switch|p2a: Excadrill|Excadrill, M|46/100
|-damage|p2a: Excadrill|43/100|[from] Stealth Rock
|turn|31
|
|t:|1726329239
|switch|p1a: Politoed|Politoed, F|19/100
|-damage|p1a: Politoed|6/100|[from] Stealth Rock
|-weather|RainDance|[from] ability: Drizzle|[of] p1a: Politoed
|move|p2a: Excadrill|Substitute|p2a: Excadrill
|-start|p2a: Excadrill|Substitute
|-damage|p2a: Excadrill|18/100
|
|-weather|RainDance|[upkeep]
|-heal|p2a: Excadrill|24/100|[from] item: Leftovers
|upkeep
|turn|32
|
|t:|1726329244
|switch|p1a: Keldeo|Keldeo|3/100 brn
|-damage|p1a: Keldeo|0 fnt|[from] Stealth Rock
|faint|p1a: Keldeo
|move|p2a: Excadrill|Iron Head|p1: Keldeo|[notarget]
|-fail|p2a: Excadrill
|
|-weather|RainDance|[upkeep]
|-heal|p2a: Excadrill|30/100|[from] item: Leftovers
|upkeep
|
|t:|1726329246
|switch|p1a: Latios|Latios, M|100/100
|-damage|p1a: Latios|88/100|[from] Stealth Rock
|turn|33
|
|t:|1726329250
|move|p2a: Excadrill|Protect|p2a: Excadrill
|-singleturn|p2a: Excadrill|Protect
|move|p1a: Latios|Surf|p2a: Excadrill
|-activate|p2a: Excadrill|move: Protect
|
|-weather|RainDance|[upkeep]
|-heal|p2a: Excadrill|36/100|[from] item: Leftovers
|upkeep
|turn|34
|
|t:|1726329254
|move|p1a: Latios|Surf|p2a: Excadrill
|-supereffective|p2a: Excadrill
|-end|p2a: Excadrill|Substitute
|move|p2a: Excadrill|Iron Head|p1a: Latios
|-damage|p1a: Latios|22/100
|
|-weather|RainDance|[upkeep]
|-heal|p2a: Excadrill|42/100|[from] item: Leftovers
|upkeep
|turn|35
|
|t:|1726329260
|switch|p2a: Tyranitar|Tyranitar, M|51/100
|-damage|p2a: Tyranitar|39/100|[from] Stealth Rock
|-weather|Sandstorm|[from] ability: Sand Stream|[of] p2a: Tyranitar
|move|p1a: Latios|Surf|p2a: Tyranitar
|-supereffective|p2a: Tyranitar
|-damage|p2a: Tyranitar|0 fnt
|faint|p2a: Tyranitar
|
|-weather|Sandstorm|[upkeep]
|-damage|p1a: Latios|16/100|[from] Sandstorm
|upkeep
|
|t:|1726329262
|switch|p2a: Alakazam|Alakazam, M|1/100
|turn|36
|
|t:|1726329266
|move|p2a: Alakazam|Hidden Power|p1a: Latios
|-supereffective|p1a: Latios
|-damage|p1a: Latios|0 fnt
|faint|p1a: Latios
|
|-weather|Sandstorm|[upkeep]
|upkeep
|
|t:|1726329267
|switch|p1a: Landorus|Landorus-Therian, M|60/100
|-damage|p1a: Landorus|47/100|[from] Stealth Rock
|-ability|p1a: Landorus|Intimidate|boost
|-unboost|p2a: Alakazam|atk|1
|turn|37
|
|t:|1726329274
|move|p1a: Landorus|Earthquake|p2a: Alakazam
|-damage|p2a: Alakazam|0 fnt
|faint|p2a: Alakazam
|
|-weather|Sandstorm|[upkeep]
|upkeep
|c|☆Stalag1a|Skrry
|c|☆Stalag1a|Gg
|-message|nb41 st forfeited.
|
|win|Stalag1a
|raw|Stalag1a's rating: 1288 &rarr; <strong>1327</strong><br />(+39 for winning)
|raw|nb41 st's rating: 1513 &rarr; <strong>1482</strong><br />(-31 for losing)
|l|☆nb41 st
|player|p2|
