|j|☆mudkipslaps
|j|☆anglemort33
|t:|1728166921
|gametype|singles
|player|p1|mudkipslaps|caitlin|1376
|player|p2|anglemort33|102|1371
|teamsize|p1|6
|teamsize|p2|6
|gen|5
|tier|[Gen 5] OU
|rated|
|rule|Species Clause: Limit one of each Pokémon
|rule|OHKO Clause: OHKO moves are banned
|rule|Moody Clause: Moody is banned
|rule|Evasion Items Clause: Evasion items are banned
|rule|Evasion Moves Clause: Evasion moves are banned
|rule|Endless Battle Clause: Forcing endless battles is banned
|rule|HP Percentage Mod: HP is shown in percentages
|rule|Evasion Abilities Clause: Evasion abilities are banned
|rule|Sleep Moves Clause: Sleep-inducing moves are banned
|rule|Swagger Clause: Swagger is banned
|rule|Baton Pass Stat Clause: No Baton Passer may have a way to boost its stats
|clearpoke
|poke|p1|Politoed, F|item
|poke|p1|Ferrothorn, F|item
|poke|p1|Starmie|item
|poke|p1|Thundurus-Therian, M|item
|poke|p1|Latias, F|item
|poke|p1|Metagross|item
|poke|p2|Tyranitar, F|item
|poke|p2|Skarmory, M|item
|poke|p2|Jellicent, F|item
|poke|p2|Latios, M|item
|poke|p2|Alakazam, F|item
|poke|p2|Gliscor, M|item
|teampreview
|inactive|Battle timer is ON: inactive players will automatically lose when time's up. (requested by mudkipslaps)
|
|t:|1728166943
|start
|switch|p1a: Fernando|Ferrothorn, F|100/100
|switch|p2a: Latios|Latios, M|100/100
|turn|1
|
|t:|1728166960
|move|p2a: Latios|Hidden Power|p1a: Fernando
|-supereffective|p1a: Fernando
|-damage|p1a: Fernando|41/100
|move|p1a: Fernando|Thunder Wave|p2a: Latios
|-status|p2a: Latios|par
|
|-heal|p1a: Fernando|47/100|[from] item: Leftovers
|upkeep
|turn|2
|inactive|anglemort33 has 120 seconds left.
|inactive|anglemort33 has 90 seconds left.
|
|t:|1728167016
|switch|p2a: Jellicent|Jellicent, F|100/100
|switch|p1a: Perry|Politoed, F|100/100
|-weather|RainDance|[from] ability: Drizzle|[of] p1a: Perry
|
|-weather|RainDance|[upkeep]
|upkeep
|turn|3
|inactive|anglemort33 has 90 seconds left.
|
|t:|1728167036
|switch|p2a: Tyranitar|Tyranitar, F|100/100
|-weather|Sandstorm|[from] ability: Sand Stream|[of] p2a: Tyranitar
|move|p1a: Perry|Toxic|p2a: Tyranitar
|-status|p2a: Tyranitar|tox
|
|-weather|Sandstorm|[upkeep]
|-damage|p1a: Perry|94/100|[from] Sandstorm
|-heal|p1a: Perry|100/100|[from] item: Leftovers
|-damage|p2a: Tyranitar|94/100 tox|[from] psn
|upkeep
|turn|4
|
|t:|1728167063
|switch|p1a: Meryl|Metagross|100/100
|switch|p2a: Gliscor|Gliscor, M|100/100
|
|-weather|Sandstorm|[upkeep]
|-status|p2a: Gliscor|tox|[from] item: Toxic Orb
|upkeep
|turn|5
|
|t:|1728167075
|switch|p1a: Fernando|Ferrothorn, F|47/100
|move|p2a: Gliscor|Protect||[still]
|-fail|p2a: Gliscor
|
|-weather|Sandstorm|[upkeep]
|-heal|p1a: Fernando|53/100|[from] item: Leftovers
|upkeep
|turn|6
|
|t:|1728167079
|move|p2a: Gliscor|Stealth Rock|p1a: Fernando
|-sidestart|p1: mudkipslaps|move: Stealth Rock
|move|p1a: Fernando|Stealth Rock|p2a: Gliscor
|-sidestart|p2: anglemort33|move: Stealth Rock
|
|-weather|Sandstorm|[upkeep]
|-heal|p1a: Fernando|59/100|[from] item: Leftovers
|upkeep
|turn|7
|
|t:|1728167106
|switch|p1a: Perry|Politoed, F|100/100
|-damage|p1a: Perry|88/100|[from] Stealth Rock
|-weather|RainDance|[from] ability: Drizzle|[of] p1a: Perry
|move|p2a: Gliscor|U-turn|p1a: Perry
|-damage|p1a: Perry|77/100
|
|t:|1728167111
|switch|p2a: Tyranitar|Tyranitar, F|94/100 tox|[from] U-turn
|-damage|p2a: Tyranitar|82/100 tox|[from] Stealth Rock
|-weather|Sandstorm|[from] ability: Sand Stream|[of] p2a: Tyranitar
|
|-weather|Sandstorm|[upkeep]
|-damage|p1a: Perry|71/100|[from] Sandstorm
|-heal|p1a: Perry|77/100|[from] item: Leftovers
|-damage|p2a: Tyranitar|76/100 tox|[from] psn
|upkeep
|turn|8
|inactive|anglemort33 has 90 seconds left.
|
|t:|1728167128
|switch|p2a: Jellicent|Jellicent, F|100/100
|-damage|p2a: Jellicent|88/100|[from] Stealth Rock
|move|p1a: Perry|Scald|p2a: Jellicent
|-heal|p2a: Jellicent|100/100|[from] ability: Water Absorb|[of] p1a: Perry
|
|-weather|Sandstorm|[upkeep]
|-damage|p2a: Jellicent|94/100|[from] Sandstorm
|-damage|p1a: Perry|71/100|[from] Sandstorm
|-heal|p2a: Jellicent|100/100|[from] item: Leftovers
|-heal|p1a: Perry|77/100|[from] item: Leftovers
|upkeep
|turn|9
|
|t:|1728167139
|move|p2a: Jellicent|Will-O-Wisp|p1a: Perry
|-status|p1a: Perry|brn
|move|p1a: Perry|Toxic|p2a: Jellicent
|-status|p2a: Jellicent|tox
|
|-weather|Sandstorm|[upkeep]
|-damage|p2a: Jellicent|94/100 tox|[from] Sandstorm
|-damage|p1a: Perry|71/100 brn|[from] Sandstorm
|-heal|p2a: Jellicent|100/100 tox|[from] item: Leftovers
|-heal|p1a: Perry|77/100 brn|[from] item: Leftovers
|-damage|p2a: Jellicent|94/100 tox|[from] psn
|-damage|p1a: Perry|64/100 brn|[from] brn
|upkeep
|turn|10
|inactive|mudkipslaps has 120 seconds left.
|inactive|anglemort33 has 60 seconds left.
|
|t:|1728167177
|switch|p2a: Skarmory|Skarmory, M|100/100
|-damage|p2a: Skarmory|88/100|[from] Stealth Rock
|switch|p1a: Fernando|Ferrothorn, F|59/100
|-damage|p1a: Fernando|53/100|[from] Stealth Rock
|
|-weather|Sandstorm|[upkeep]
|-heal|p2a: Skarmory|94/100|[from] item: Leftovers
|-heal|p1a: Fernando|59/100|[from] item: Leftovers
|upkeep
|turn|11
|inactive|anglemort33 has 60 seconds left.
|
|t:|1728167192
|move|p2a: Skarmory|Spikes|p1a: Fernando
|-sidestart|p1: mudkipslaps|Spikes
|move|p1a: Fernando|Thunder Wave|p2a: Skarmory
|-status|p2a: Skarmory|par
|
|-weather|Sandstorm|[upkeep]
|-heal|p1a: Fernando|65/100|[from] item: Leftovers
|-heal|p2a: Skarmory|99/100 par|[from] item: Leftovers
|upkeep
|turn|12
|inactive|anglemort33 has 60 seconds left.
|
|t:|1728167201
|switch|p1a: Steve|Starmie|100/100
|-damage|p1a: Steve|88/100|[from] Stealth Rock
|-item|p1a: Steve|Air Balloon
|move|p2a: Skarmory|Whirlwind|p1a: Steve
|drag|p1a: Puhteradactyl|Thundurus-Therian, M|100/100
|-damage|p1a: Puhteradactyl|76/100|[from] Stealth Rock
|
|-weather|Sandstorm|[upkeep]
|-damage|p1a: Puhteradactyl|69/100|[from] Sandstorm
|-heal|p1a: Puhteradactyl|76/100|[from] item: Leftovers
|-heal|p2a: Skarmory|100/100 par|[from] item: Leftovers
|upkeep
|turn|13
|inactive|anglemort33 has 60 seconds left.
|
|t:|1728167223
|switch|p2a: Latios|Latios, M|100/100 par
|-damage|p2a: Latios|88/100 par|[from] Stealth Rock
|move|p1a: Puhteradactyl|Thunder|p2a: Latios|[miss]
|-miss|p1a: Puhteradactyl|p2a: Latios
|
|-weather|Sandstorm|[upkeep]
|-damage|p1a: Puhteradactyl|69/100|[from] Sandstorm
|-damage|p2a: Latios|82/100 par|[from] Sandstorm
|-heal|p1a: Puhteradactyl|76/100|[from] item: Leftovers
|upkeep
|turn|14
|
|t:|1728167236
|switch|p1a: Meryl|Metagross|100/100
|-damage|p1a: Meryl|94/100|[from] Stealth Rock
|-damage|p1a: Meryl|82/100|[from] Spikes
|cant|p2a: Latios|par
|
|-weather|Sandstorm|[upkeep]
|-damage|p2a: Latios|76/100 par|[from] Sandstorm
|upkeep
|turn|15
|
|t:|1728167247
|move|p1a: Meryl|Pursuit|p2a: Latios
|-supereffective|p2a: Latios
|-enditem|p2a: Latios|Colbur Berry|[eat]
|-enditem|p2a: Latios|Colbur Berry|[weaken]
|-damage|p2a: Latios|48/100 par
|-damage|p1a: Meryl|72/100|[from] item: Life Orb
|move|p2a: Latios|Hidden Power|p1a: Meryl
|-supereffective|p1a: Meryl
|-damage|p1a: Meryl|19/100
|
|-weather|Sandstorm|[upkeep]
|-damage|p2a: Latios|42/100 par|[from] Sandstorm
|upkeep
|turn|16
|
|t:|1728167268
|move|p1a: Meryl|Pursuit|p2a: Latios
|-supereffective|p2a: Latios
|-damage|p2a: Latios|0 fnt
|faint|p2a: Latios
|-damage|p1a: Meryl|9/100|[from] item: Life Orb
|
|-weather|Sandstorm|[upkeep]
|upkeep
|inactive|anglemort33 has 30 seconds left.
|inactive|anglemort33 has 20 seconds left.
|inactive|anglemort33 has 15 seconds left.
|inactive|anglemort33 has 10 seconds left.
|inactive|anglemort33 has 5 seconds left.
|
|t:|1728167308
|switch|p2a: Jellicent|Jellicent, F|94/100 tox
|-damage|p2a: Jellicent|82/100 tox|[from] Stealth Rock
|turn|17
|inactive|anglemort33 has 15 seconds left this turn.
|
|t:|1728167316
|move|p2a: Jellicent|Night Shade|p1a: Meryl
|-damage|p1a: Meryl|0 fnt
|faint|p1a: Meryl
|
|-weather|Sandstorm|[upkeep]
|-damage|p2a: Jellicent|76/100 tox|[from] Sandstorm
|-heal|p2a: Jellicent|82/100 tox|[from] item: Leftovers
|-damage|p2a: Jellicent|76/100 tox|[from] psn
|upkeep
|inactive|anglemort33 has 20 seconds left this turn.
|
|t:|1728167325
|switch|p1a: Perry|Politoed, F|64/100 brn
|-damage|p1a: Perry|52/100 brn|[from] Stealth Rock
|-damage|p1a: Perry|39/100 brn|[from] Spikes
|-weather|RainDance|[from] ability: Drizzle|[of] p1a: Perry
|turn|18
|inactive|anglemort33 has 30 seconds left this turn.
|inactive|anglemort33 has 20 seconds left.
|
|t:|1728167346
|switch|p1a: Fernando|Ferrothorn, F|65/100
|-damage|p1a: Fernando|59/100|[from] Stealth Rock
|-damage|p1a: Fernando|47/100|[from] Spikes
|move|p2a: Jellicent|Night Shade|p1a: Fernando
|-damage|p1a: Fernando|18/100
|
|-weather|RainDance|[upkeep]
|-heal|p2a: Jellicent|82/100 tox|[from] item: Leftovers
|-heal|p1a: Fernando|24/100|[from] item: Leftovers
|-damage|p2a: Jellicent|69/100 tox|[from] psn
|upkeep
|turn|19
|inactive|anglemort33 has 30 seconds left this turn.
|inactive|anglemort33 has 20 seconds left.
|
|t:|1728167360
|move|p2a: Jellicent|Taunt|p1a: Fernando
|-start|p1a: Fernando|move: Taunt
|move|p1a: Fernando|Power Whip|p2a: Jellicent
|-supereffective|p2a: Jellicent
|-damage|p2a: Jellicent|0 fnt
|faint|p2a: Jellicent
|
|-weather|RainDance|[upkeep]
|-heal|p1a: Fernando|30/100|[from] item: Leftovers
|upkeep
|inactive|anglemort33 has 25 seconds left this turn.
|inactive|anglemort33 has 20 seconds left.
|inactive|anglemort33 has 15 seconds left.
|inactive|anglemort33 has 10 seconds left.
|
|t:|1728167380
|switch|p2a: Tyranitar|Tyranitar, F|76/100 tox
|-damage|p2a: Tyranitar|63/100 tox|[from] Stealth Rock
|-weather|Sandstorm|[from] ability: Sand Stream|[of] p2a: Tyranitar
|turn|20
|inactive|anglemort33 has 20 seconds left this turn.
|inactive|anglemort33 has 15 seconds left.
|inactive|anglemort33 has 10 seconds left.
|inactive|anglemort33 has 5 seconds left.
|
|t:|1728167398
|switch|p2a: Gliscor|Gliscor, M|100/100 tox
|-damage|p2a: Gliscor|88/100 tox|[from] Stealth Rock
|move|p1a: Fernando|Power Whip|p2a: Gliscor
|-damage|p2a: Gliscor|63/100 tox
|
|-weather|Sandstorm|[upkeep]
|-heal|p1a: Fernando|36/100|[from] item: Leftovers
|-heal|p2a: Gliscor|76/100 tox|[from] ability: Poison Heal
|upkeep
|turn|21
|inactive|anglemort33 has 15 seconds left this turn.
|inactive|anglemort33 has 10 seconds left.
|
|t:|1728167411
|move|p2a: Gliscor|U-turn|p1a: Fernando
|-damage|p1a: Fernando|24/100
|-damage|p2a: Gliscor|63/100 tox|[from] ability: Iron Barbs|[of] p1a: Fernando
|inactive|anglemort33 has 15 seconds left this turn.
|
|t:|1728167414
|switch|p2a: Skarmory|Skarmory, M|100/100 par|[from] U-turn
|-damage|p2a: Skarmory|88/100 par|[from] Stealth Rock
|move|p1a: Fernando|Power Whip|p2a: Skarmory
|-resisted|p2a: Skarmory
|-damage|p2a: Skarmory|80/100 par
|
|-weather|Sandstorm|[upkeep]
|-heal|p1a: Fernando|30/100|[from] item: Leftovers
|-heal|p2a: Skarmory|86/100 par|[from] item: Leftovers
|-end|p1a: Fernando|move: Taunt
|upkeep
|turn|22
|inactive|anglemort33 has 25 seconds left this turn.
|inactive|anglemort33 has 20 seconds left.
|
|t:|1728167421
|switch|p1a: Perry|Politoed, F|39/100 brn
|-damage|p1a: Perry|27/100 brn|[from] Stealth Rock
|-damage|p1a: Perry|14/100 brn|[from] Spikes
|-weather|RainDance|[from] ability: Drizzle|[of] p1a: Perry
|move|p2a: Skarmory|Whirlwind|p1a: Perry
|drag|p1a: Steve|Starmie|88/100
|-damage|p1a: Steve|76/100|[from] Stealth Rock
|-item|p1a: Steve|Air Balloon
|
|-weather|RainDance|[upkeep]
|-heal|p2a: Skarmory|92/100 par|[from] item: Leftovers
|upkeep
|turn|23
|inactive|anglemort33 has 30 seconds left this turn.
|inactive|anglemort33 has 20 seconds left.
|inactive|anglemort33 has 15 seconds left.
|
|t:|1728167436
|move|p1a: Steve|Rapid Spin|p2a: Skarmory
|-resisted|p2a: Skarmory
|-damage|p2a: Skarmory|91/100 par
|-sideend|p1: mudkipslaps|Spikes|[from] move: Rapid Spin|[of] p1a: Steve
|-sideend|p1: mudkipslaps|Stealth Rock|[from] move: Rapid Spin|[of] p1a: Steve
|cant|p2a: Skarmory|par
|
|-weather|RainDance|[upkeep]
|-heal|p2a: Skarmory|97/100 par|[from] item: Leftovers
|upkeep
|turn|24
|inactive|anglemort33 has 25 seconds left this turn.
|inactive|anglemort33 has 20 seconds left.
|
|t:|1728167446
|move|p1a: Steve|Thunder|p2a: Skarmory
|-supereffective|p2a: Skarmory
|-damage|p2a: Skarmory|32/100 par
|cant|p2a: Skarmory|par
|
|-weather|RainDance|[upkeep]
|-heal|p2a: Skarmory|38/100 par|[from] item: Leftovers
|upkeep
|turn|25
|inactive|anglemort33 has 30 seconds left this turn.
|inactive|anglemort33 has 20 seconds left.
|
|t:|1728167456
|move|p1a: Steve|Thunder|p2a: Skarmory
|-supereffective|p2a: Skarmory
|-damage|p2a: Skarmory|0 fnt
|faint|p2a: Skarmory
|
|-weather|RainDance|[upkeep]
|upkeep
|inactive|anglemort33 has 25 seconds left this turn.
|
|t:|1728167460
|switch|p2a: Tyranitar|Tyranitar, F|63/100 tox
|-damage|p2a: Tyranitar|51/100 tox|[from] Stealth Rock
|-weather|Sandstorm|[from] ability: Sand Stream|[of] p2a: Tyranitar
|turn|26
|
|t:|1728167463
|move|p1a: Steve|Hydro Pump|p2a: Tyranitar|[miss]
|-miss|p1a: Steve|p2a: Tyranitar
|move|p2a: Tyranitar|Crunch|p1a: Steve
|-supereffective|p1a: Steve
|-damage|p1a: Steve|0 fnt
|-enditem|p1a: Steve|Air Balloon
|faint|p1a: Steve
|
|-weather|Sandstorm|[upkeep]
|-damage|p2a: Tyranitar|45/100 tox|[from] psn
|upkeep
|
|t:|1728167486
|switch|p1a: Puhteradactyl|Thundurus-Therian, M|76/100
|turn|27
|
|t:|1728167504
|move|p1a: Puhteradactyl|Substitute|p1a: Puhteradactyl
|-start|p1a: Puhteradactyl|Substitute
|-damage|p1a: Puhteradactyl|51/100
|move|p2a: Tyranitar|Crunch|p1a: Puhteradactyl
|-end|p1a: Puhteradactyl|Substitute
|
|-weather|Sandstorm|[upkeep]
|-damage|p1a: Puhteradactyl|44/100|[from] Sandstorm
|-heal|p1a: Puhteradactyl|51/100|[from] item: Leftovers
|-damage|p2a: Tyranitar|32/100 tox|[from] psn
|upkeep
|turn|28
|
|t:|1728167514
|move|p1a: Puhteradactyl|Substitute|p1a: Puhteradactyl
|-start|p1a: Puhteradactyl|Substitute
|-damage|p1a: Puhteradactyl|26/100
|move|p2a: Tyranitar|Crunch|p1a: Puhteradactyl
|-end|p1a: Puhteradactyl|Substitute
|
|-weather|Sandstorm|[upkeep]
|-damage|p1a: Puhteradactyl|20/100|[from] Sandstorm
|-heal|p1a: Puhteradactyl|26/100|[from] item: Leftovers
|-damage|p2a: Tyranitar|14/100 tox|[from] psn
|upkeep
|turn|29
|inactive|anglemort33 has 30 seconds left.
|
|t:|1728167537
|switch|p1a: Perry|Politoed, F|14/100 brn
|-weather|RainDance|[from] ability: Drizzle|[of] p1a: Perry
|switch|p2a: Alakazam|Alakazam, F|100/100
|
|-weather|RainDance|[upkeep]
|-heal|p1a: Perry|21/100 brn|[from] item: Leftovers
|-damage|p1a: Perry|8/100 brn|[from] brn
|upkeep
|turn|30
|inactive|anglemort33 has 30 seconds left.
|inactive|anglemort33 has 20 seconds left.
|inactive|anglemort33 has 15 seconds left.
|
|t:|1728167563
|move|p2a: Alakazam|Psyshock|p1a: Perry
|-damage|p1a: Perry|0 fnt
|faint|p1a: Perry
|
|-weather|RainDance|[upkeep]
|upkeep
|inactive|anglemort33 has 20 seconds left this turn.
|
|t:|1728167566
|switch|p1a: Isai|Latias, F|100/100
|turn|31
|inactive|anglemort33 has 30 seconds left this turn.
|
|t:|1728167573
|switch|p2a: Tyranitar|Tyranitar, F|14/100 tox
|-damage|p2a: Tyranitar|1/100 tox|[from] Stealth Rock
|-weather|Sandstorm|[from] ability: Sand Stream|[of] p2a: Tyranitar
|move|p1a: Isai|Thunder Wave||[still]
|-fail|p1a: Isai
|
|-weather|Sandstorm|[upkeep]
|-damage|p1a: Isai|95/100|[from] Sandstorm
|-damage|p2a: Tyranitar|0 fnt|[from] psn
|faint|p2a: Tyranitar
|upkeep
|inactive|anglemort33 has 30 seconds left this turn.
|inactive|anglemort33 has 20 seconds left.
|inactive|anglemort33 has 15 seconds left.
|inactive|anglemort33 has 10 seconds left.
|inactive|anglemort33 has 5 seconds left.
|
|t:|1728167601
|switch|p2a: Gliscor|Gliscor, M|63/100 tox
|-damage|p2a: Gliscor|51/100 tox|[from] Stealth Rock
|turn|32
|inactive|anglemort33 has 15 seconds left this turn.
|inactive|anglemort33 has 10 seconds left.
|
|t:|1728167609
|move|p1a: Isai|Surf|p2a: Gliscor
|-supereffective|p2a: Gliscor
|-crit|p2a: Gliscor
|-damage|p2a: Gliscor|0 fnt
|faint|p2a: Gliscor
|
|-weather|Sandstorm|[upkeep]
|-damage|p1a: Isai|89/100|[from] Sandstorm
|upkeep
|inactive|anglemort33 has 15 seconds left this turn.
|
|t:|1728167611
|switch|p2a: Alakazam|Alakazam, F|100/100
|turn|33
|inactive|anglemort33 has 25 seconds left this turn.
|inactive|mudkipslaps has 120 seconds left.
|
|t:|1728167651
|move|p2a: Alakazam|Hidden Power|p1a: Isai
|-supereffective|p1a: Isai
|-damage|p1a: Isai|42/100
|move|p1a: Isai|Thunder Wave|p2a: Alakazam
|-status|p2a: Alakazam|par
|
|-weather|Sandstorm|[upkeep]
|-damage|p1a: Isai|36/100|[from] Sandstorm
|upkeep
|turn|34
|
|t:|1728167654
|move|p1a: Isai|Surf|p2a: Alakazam
|-damage|p2a: Alakazam|55/100 par
|move|p2a: Alakazam|Hidden Power|p1a: Isai
|-supereffective|p1a: Isai
|-damage|p1a: Isai|0 fnt
|faint|p1a: Isai
|
|-weather|Sandstorm|[upkeep]
|upkeep
|
|t:|1728167659
|switch|p1a: Fernando|Ferrothorn, F|30/100
|turn|35
|inactive|anglemort33 has 30 seconds left.
|c|☆mudkipslaps|I think if I roosted there it wouldnt be a roll
|
|t:|1728167680
|move|p2a: Alakazam|Focus Blast|p1a: Fernando
|-supereffective|p1a: Fernando
|-damage|p1a: Fernando|0 fnt
|faint|p1a: Fernando
|
|-weather|Sandstorm|[upkeep]
|upkeep
|c|☆mudkipslaps|myb
|
|t:|1728167685
|switch|p1a: Puhteradactyl|Thundurus-Therian, M|26/100
|turn|36
|
|t:|1728167693
|move|p1a: Puhteradactyl|Thunder|p2a: Alakazam
|-damage|p2a: Alakazam|0 fnt
|faint|p2a: Alakazam
|
|win|mudkipslaps
|raw|mudkipslaps's rating: 1376 &rarr; <strong>1396</strong><br />(+20 for winning)
|raw|anglemort33's rating: 1371 &rarr; <strong>1351</strong><br />(-20 for losing)
|l|☆mudkipslaps
|player|p1|
