|j|☆Bulging Biceps Bro
|j|☆Croaset
|t:|1706816779
|gametype|singles
|player|p1|Bulging Biceps Bro|bruno|1360
|player|p2|Croaset|elesa|1344
|teamsize|p1|6
|teamsize|p2|6
|gen|5
|tier|[Gen 5] OU
|rated|
|rule|Species Clause: Limit one of each Pokémon
|rule|OHKO Clause: OHKO moves are banned
|rule|Moody Clause: Moody is banned
|rule|Evasion Items Clause: Evasion items are banned
|rule|Evasion Moves Clause: Evasion moves are banned
|rule|Endless Battle Clause: Forcing endless battles is banned
|rule|HP Percentage Mod: HP is shown in percentages
|rule|Evasion Abilities Clause: Evasion abilities are banned
|rule|Sleep Moves Clause: Sleep-inducing moves are banned
|rule|Swagger Clause: Swagger is banned
|rule|Baton Pass Stat Clause: No Baton Passer may have a way to boost its stats
|clearpoke
|poke|p1|Tyranitar, M|item
|poke|p1|Latios, M|item
|poke|p1|Garchomp, M|item
|poke|p1|Jellicent, F|item
|poke|p1|Ferrothorn, M|item
|poke|p1|Rotom-Wash|item
|poke|p2|Politoed, M|item
|poke|p2|Tentacruel, M|item
|poke|p2|Ferrothorn, M|item
|poke|p2|Thundurus-Therian, M|item
|poke|p2|Virizion|item
|poke|p2|Toxicroak, F|item
|teampreview
|
|t:|1706816794
|start
|switch|p1a: Latios|Latios, M|100/100
|switch|p2a: Virizion|Virizion|100/100
|turn|1
|
|t:|1706816799
|switch|p2a: Ferrothorn|Ferrothorn, M, shiny|100/100
|move|p1a: Latios|Hidden Power|p2a: Ferrothorn
|-supereffective|p2a: Ferrothorn
|-damage|p2a: Ferrothorn|4/100
|
|-heal|p2a: Ferrothorn|10/100|[from] item: Leftovers
|upkeep
|turn|2
|
|t:|1706816805
|switch|p2a: Politoed|Politoed, M, shiny|100/100
|-weather|RainDance|[from] ability: Drizzle|[of] p2a: Politoed
|move|p1a: Latios|Hidden Power|p2a: Politoed
|-resisted|p2a: Politoed
|-damage|p2a: Politoed|93/100
|
|-weather|RainDance|[upkeep]
|-heal|p2a: Politoed|99/100|[from] item: Leftovers
|upkeep
|turn|3
|
|t:|1706816809
|switch|p1a: Tyranitar|Tyranitar, M, shiny|100/100
|-weather|Sandstorm|[from] ability: Sand Stream|[of] p1a: Tyranitar
|move|p2a: Politoed|Toxic|p1a: Tyranitar
|-status|p1a: Tyranitar|tox
|
|-weather|Sandstorm|[upkeep]
|-damage|p2a: Politoed|93/100|[from] Sandstorm
|-heal|p2a: Politoed|99/100|[from] item: Leftovers
|-damage|p1a: Tyranitar|94/100 tox|[from] psn
|upkeep
|turn|4
|
|t:|1706816816
|-activate|p2a: Politoed|move: Pursuit
|move|p1a: Tyranitar|Pursuit|p2a: Politoed|[from]Pursuit
|-damage|p2a: Politoed|65/100
|switch|p2a: Tentacruel|Tentacruel, M|100/100
|
|-weather|Sandstorm|[upkeep]
|-damage|p2a: Tentacruel|94/100|[from] Sandstorm
|-heal|p2a: Tentacruel|100/100|[from] item: Black Sludge
|-damage|p1a: Tyranitar|82/100 tox|[from] psn
|upkeep
|turn|5
|
|t:|1706816831
|switch|p1a: Rotom|Rotom-Wash|100/100
|move|p2a: Tentacruel|Scald|p1a: Rotom
|-resisted|p1a: Rotom
|-damage|p1a: Rotom|92/100
|-status|p1a: Rotom|brn
|
|-weather|Sandstorm|[upkeep]
|-damage|p2a: Tentacruel|94/100|[from] Sandstorm
|-damage|p1a: Rotom|86/100 brn|[from] Sandstorm
|-heal|p2a: Tentacruel|100/100|[from] item: Black Sludge
|-heal|p1a: Rotom|92/100 brn|[from] item: Leftovers
|-damage|p1a: Rotom|80/100 brn|[from] brn
|upkeep
|turn|6
|
|t:|1706816835
|move|p2a: Tentacruel|Protect|p2a: Tentacruel
|-singleturn|p2a: Tentacruel|Protect
|move|p1a: Rotom|Volt Switch|p2a: Tentacruel
|-activate|p2a: Tentacruel|move: Protect
|
|-weather|Sandstorm|[upkeep]
|-damage|p2a: Tentacruel|94/100|[from] Sandstorm
|-damage|p1a: Rotom|74/100 brn|[from] Sandstorm
|-heal|p2a: Tentacruel|100/100|[from] item: Black Sludge
|-heal|p1a: Rotom|80/100 brn|[from] item: Leftovers
|-damage|p1a: Rotom|67/100 brn|[from] brn
|upkeep
|turn|7
|
|t:|1706816843
|switch|p2a: Thundurus|Thundurus-Therian, M|100/100
|move|p1a: Rotom|Hydro Pump|p2a: Thundurus
|-damage|p2a: Thundurus|42/100
|
|-weather|Sandstorm|[upkeep]
|-damage|p2a: Thundurus|36/100|[from] Sandstorm
|-damage|p1a: Rotom|61/100 brn|[from] Sandstorm
|-heal|p2a: Thundurus|42/100|[from] item: Leftovers
|-heal|p1a: Rotom|67/100 brn|[from] item: Leftovers
|-damage|p1a: Rotom|55/100 brn|[from] brn
|upkeep
|turn|8
|
|t:|1706816852
|move|p2a: Thundurus|Thunder|p1a: Rotom
|-damage|p1a: Rotom|1/100 brn
|move|p1a: Rotom|Hydro Pump|p2a: Thundurus|[miss]
|-miss|p1a: Rotom|p2a: Thundurus
|
|-weather|Sandstorm|[upkeep]
|-damage|p2a: Thundurus|36/100|[from] Sandstorm
|-damage|p1a: Rotom|0 fnt|[from] Sandstorm
|faint|p1a: Rotom
|-heal|p2a: Thundurus|42/100|[from] item: Leftovers
|upkeep
|
|t:|1706816859
|switch|p1a: Latios|Latios, M|100/100
|turn|9
|
|t:|1706816871
|switch|p2a: Ferrothorn|Ferrothorn, M, shiny|10/100
|move|p1a: Latios|Draco Meteor|p2a: Ferrothorn
|-resisted|p2a: Ferrothorn
|-damage|p2a: Ferrothorn|0 fnt
|-unboost|p1a: Latios|spa|2
|faint|p2a: Ferrothorn
|
|-weather|Sandstorm|[upkeep]
|-damage|p1a: Latios|95/100|[from] Sandstorm
|upkeep
|
|t:|1706816875
|switch|p2a: Virizion|Virizion|100/100
|turn|10
|
|t:|1706816883
|switch|p1a: Tyranitar|Tyranitar, M, shiny|82/100 tox
|move|p2a: Virizion|Calm Mind|p2a: Virizion
|-boost|p2a: Virizion|spa|1
|-boost|p2a: Virizion|spd|1
|
|-weather|Sandstorm|[upkeep]
|-damage|p2a: Virizion|94/100|[from] Sandstorm
|-heal|p2a: Virizion|100/100|[from] item: Leftovers
|-damage|p1a: Tyranitar|76/100 tox|[from] psn
|upkeep
|turn|11
|
|t:|1706816887
|move|p2a: Virizion|Focus Blast|p1a: Tyranitar
|-supereffective|p1a: Tyranitar
|-enditem|p1a: Tyranitar|Chople Berry|[eat]
|-enditem|p1a: Tyranitar|Chople Berry|[weaken]
|-damage|p1a: Tyranitar|9/100 tox
|move|p1a: Tyranitar|Fire Blast|p2a: Virizion
|-supereffective|p2a: Virizion
|-crit|p2a: Virizion
|-damage|p2a: Virizion|25/100
|
|-weather|Sandstorm|[upkeep]
|-damage|p2a: Virizion|19/100|[from] Sandstorm
|-heal|p2a: Virizion|25/100|[from] item: Leftovers
|-damage|p1a: Tyranitar|0 fnt|[from] psn
|faint|p1a: Tyranitar
|upkeep
|
|t:|1706816900
|switch|p1a: Garchomp|Garchomp, M|100/100
|turn|12
|
|t:|1706816909
|move|p1a: Garchomp|Earthquake|p2a: Virizion
|-resisted|p2a: Virizion
|-damage|p2a: Virizion|0 fnt
|faint|p2a: Virizion
|
|-weather|Sandstorm|[upkeep]
|upkeep
|
|t:|1706816911
|switch|p2a: Thundurus|Thundurus-Therian, M|42/100
|turn|13
|
|t:|1706816918
|switch|p1a: Jellicent|Jellicent, F|100/100
|move|p2a: Thundurus|Hidden Power|p1a: Jellicent
|-resisted|p1a: Jellicent
|-damage|p1a: Jellicent|92/100
|
|-weather|Sandstorm|[upkeep]
|-damage|p2a: Thundurus|36/100|[from] Sandstorm
|-damage|p1a: Jellicent|86/100|[from] Sandstorm
|-heal|p2a: Thundurus|42/100|[from] item: Leftovers
|-heal|p1a: Jellicent|92/100|[from] item: Leftovers
|upkeep
|turn|14
|
|t:|1706816927
|switch|p2a: Politoed|Politoed, M, shiny|65/100
|-weather|RainDance|[from] ability: Drizzle|[of] p2a: Politoed
|move|p1a: Jellicent|Ice Beam|p2a: Politoed
|-resisted|p2a: Politoed
|-damage|p2a: Politoed|57/100
|
|-weather|RainDance|[upkeep]
|-heal|p2a: Politoed|64/100|[from] item: Leftovers
|-heal|p1a: Jellicent|99/100|[from] item: Leftovers
|upkeep
|turn|15
|
|t:|1706816934
|switch|p2a: Toxicroak|Toxicroak, F|100/100
|switch|p1a: Ferrothorn|Ferrothorn, M|100/100
|
|-weather|RainDance|[upkeep]
|upkeep
|turn|16
|
|t:|1706816939
|move|p2a: Toxicroak|Substitute|p2a: Toxicroak
|-start|p2a: Toxicroak|Substitute
|-damage|p2a: Toxicroak|76/100
|move|p1a: Ferrothorn|Power Whip|p2a: Toxicroak
|-resisted|p2a: Toxicroak
|-end|p2a: Toxicroak|Substitute
|
|-weather|RainDance|[upkeep]
|-heal|p2a: Toxicroak|88/100|[from] ability: Dry Skin
|-heal|p2a: Toxicroak|94/100|[from] item: Black Sludge
|upkeep
|turn|17
|
|t:|1706816949
|switch|p1a: Jellicent|Jellicent, F|99/100
|move|p2a: Toxicroak|Substitute|p2a: Toxicroak
|-start|p2a: Toxicroak|Substitute
|-damage|p2a: Toxicroak|69/100
|
|-weather|RainDance|[upkeep]
|-heal|p2a: Toxicroak|82/100|[from] ability: Dry Skin
|-heal|p2a: Toxicroak|88/100|[from] item: Black Sludge
|-heal|p1a: Jellicent|100/100|[from] item: Leftovers
|upkeep
|turn|18
|
|t:|1706816953
|move|p2a: Toxicroak|Toxic|p1a: Jellicent
|-status|p1a: Jellicent|tox
|move|p1a: Jellicent|Ice Beam|p2a: Toxicroak
|-activate|p2a: Toxicroak|Substitute|[damage]
|
|-weather|RainDance|[upkeep]
|-heal|p2a: Toxicroak|100/100|[from] ability: Dry Skin
|-damage|p1a: Jellicent|94/100 tox|[from] psn
|upkeep
|turn|19
|
|t:|1706816955
|move|p2a: Toxicroak|Bulk Up|p2a: Toxicroak
|-boost|p2a: Toxicroak|atk|1
|-boost|p2a: Toxicroak|def|1
|move|p1a: Jellicent|Ice Beam|p2a: Toxicroak
|-end|p2a: Toxicroak|Substitute
|
|-weather|RainDance|[upkeep]
|-heal|p1a: Jellicent|100/100 tox|[from] item: Leftovers
|-damage|p1a: Jellicent|88/100 tox|[from] psn
|upkeep
|turn|20
|
|t:|1706816967
|move|p2a: Toxicroak|Substitute|p2a: Toxicroak
|-start|p2a: Toxicroak|Substitute
|-damage|p2a: Toxicroak|76/100
|move|p1a: Jellicent|Ice Beam|p2a: Toxicroak
|-activate|p2a: Toxicroak|Substitute|[damage]
|
|-weather|RainDance|[upkeep]
|-heal|p2a: Toxicroak|88/100|[from] ability: Dry Skin
|-heal|p2a: Toxicroak|94/100|[from] item: Black Sludge
|-heal|p1a: Jellicent|94/100 tox|[from] item: Leftovers
|-damage|p1a: Jellicent|76/100 tox|[from] psn
|upkeep
|turn|21
|
|t:|1706816972
|move|p2a: Toxicroak|Bulk Up|p2a: Toxicroak
|-boost|p2a: Toxicroak|atk|1
|-boost|p2a: Toxicroak|def|1
|move|p1a: Jellicent|Ice Beam|p2a: Toxicroak
|-end|p2a: Toxicroak|Substitute
|
|-weather|RainDance|[upkeep]
|-heal|p2a: Toxicroak|100/100|[from] ability: Dry Skin
|-heal|p1a: Jellicent|82/100 tox|[from] item: Leftovers
|-damage|p1a: Jellicent|57/100 tox|[from] psn
|upkeep
|turn|22
|
|t:|1706816974
|move|p2a: Toxicroak|Substitute|p2a: Toxicroak
|-start|p2a: Toxicroak|Substitute
|-damage|p2a: Toxicroak|76/100
|move|p1a: Jellicent|Recover|p1a: Jellicent
|-heal|p1a: Jellicent|100/100 tox
|
|-weather|RainDance|[upkeep]
|-heal|p2a: Toxicroak|88/100|[from] ability: Dry Skin
|-heal|p2a: Toxicroak|94/100|[from] item: Black Sludge
|-damage|p1a: Jellicent|70/100 tox|[from] psn
|upkeep
|turn|23
|
|t:|1706816977
|move|p2a: Toxicroak|Bulk Up|p2a: Toxicroak
|-boost|p2a: Toxicroak|atk|1
|-boost|p2a: Toxicroak|def|1
|move|p1a: Jellicent|Ice Beam|p2a: Toxicroak
|-activate|p2a: Toxicroak|Substitute|[damage]
|
|-weather|RainDance|[upkeep]
|-heal|p2a: Toxicroak|100/100|[from] ability: Dry Skin
|-heal|p1a: Jellicent|76/100 tox|[from] item: Leftovers
|-damage|p1a: Jellicent|39/100 tox|[from] psn
|upkeep
|turn|24
|
|t:|1706816979
|move|p2a: Toxicroak|Bulk Up|p2a: Toxicroak
|-boost|p2a: Toxicroak|atk|1
|-boost|p2a: Toxicroak|def|1
|move|p1a: Jellicent|Ice Beam|p2a: Toxicroak
|-end|p2a: Toxicroak|Substitute
|
|-weather|RainDance|[upkeep]
|-heal|p1a: Jellicent|45/100 tox|[from] item: Leftovers
|-damage|p1a: Jellicent|1/100 tox|[from] psn
|upkeep
|turn|25
|
|t:|1706816982
|move|p2a: Toxicroak|Substitute|p2a: Toxicroak
|-start|p2a: Toxicroak|Substitute
|-damage|p2a: Toxicroak|76/100
|move|p1a: Jellicent|Ice Beam|p2a: Toxicroak
|-activate|p2a: Toxicroak|Substitute|[damage]
|
|-weather|RainDance|[upkeep]
|-heal|p2a: Toxicroak|88/100|[from] ability: Dry Skin
|-heal|p2a: Toxicroak|94/100|[from] item: Black Sludge
|-heal|p1a: Jellicent|8/100 tox|[from] item: Leftovers
|-damage|p1a: Jellicent|0 fnt|[from] psn
|faint|p1a: Jellicent
|upkeep
|
|t:|1706816999
|switch|p1a: Garchomp|Garchomp, M|100/100
|turn|26
|inactive|Battle timer is ON: inactive players will automatically lose when time's up. (requested by Croaset)
|
|t:|1706817006
|move|p1a: Garchomp|Outrage|p2a: Toxicroak
|-end|p2a: Toxicroak|Substitute
|move|p2a: Toxicroak|Drain Punch|p1a: Garchomp
|-damage|p1a: Garchomp|19/100
|-heal|p2a: Toxicroak|100/100|[from] drain|[of] p1a: Garchomp
|-damage|p2a: Toxicroak|88/100|[from] ability: Rough Skin|[of] p1a: Garchomp
|
|-weather|RainDance|[upkeep]
|-heal|p2a: Toxicroak|100/100|[from] ability: Dry Skin
|upkeep
|turn|27
|
|t:|1706817019
|move|p1a: Garchomp|Outrage|p2a: Toxicroak|[from]lockedmove
|-damage|p2a: Toxicroak|73/100
|-start|p1a: Garchomp|confusion|[fatigue]
|move|p2a: Toxicroak|Substitute|p2a: Toxicroak
|-start|p2a: Toxicroak|Substitute
|-damage|p2a: Toxicroak|49/100
|
|-weather|RainDance|[upkeep]
|-heal|p2a: Toxicroak|61/100|[from] ability: Dry Skin
|-heal|p2a: Toxicroak|67/100|[from] item: Black Sludge
|upkeep
|turn|28
|
|t:|1706817024
|-activate|p1a: Garchomp|confusion
|move|p1a: Garchomp|Outrage|p2a: Toxicroak
|-end|p2a: Toxicroak|Substitute
|move|p2a: Toxicroak|Bulk Up|p2a: Toxicroak
|-boost|p2a: Toxicroak|atk|1
|-boost|p2a: Toxicroak|def|1
|
|-weather|RainDance|[upkeep]
|-heal|p2a: Toxicroak|80/100|[from] ability: Dry Skin
|-heal|p2a: Toxicroak|86/100|[from] item: Black Sludge
|upkeep
|turn|29
|
|t:|1706817030
|-end|p1a: Garchomp|confusion
|move|p1a: Garchomp|Outrage|p2a: Toxicroak|[from]lockedmove
|-damage|p2a: Toxicroak|61/100
|-start|p1a: Garchomp|confusion|[fatigue]
|move|p2a: Toxicroak|Substitute|p2a: Toxicroak
|-start|p2a: Toxicroak|Substitute
|-damage|p2a: Toxicroak|36/100
|
|-weather|RainDance|[upkeep]
|-heal|p2a: Toxicroak|48/100|[from] ability: Dry Skin
|-heal|p2a: Toxicroak|55/100|[from] item: Black Sludge
|upkeep
|turn|30
|
|t:|1706817034
|-activate|p1a: Garchomp|confusion
|move|p1a: Garchomp|Outrage|p2a: Toxicroak
|-end|p2a: Toxicroak|Substitute
|move|p2a: Toxicroak|Bulk Up|p2a: Toxicroak
|-boost|p2a: Toxicroak|atk|1
|-boost|p2a: Toxicroak|def|1
|
|-weather|RainDance|[upkeep]
|-heal|p2a: Toxicroak|67/100|[from] ability: Dry Skin
|-heal|p2a: Toxicroak|73/100|[from] item: Black Sludge
|upkeep
|turn|31
|
|t:|1706817037
|-activate|p1a: Garchomp|confusion
|move|p1a: Garchomp|Outrage|p2a: Toxicroak|[from]lockedmove
|-damage|p2a: Toxicroak|50/100
|move|p2a: Toxicroak|Substitute|p2a: Toxicroak
|-start|p2a: Toxicroak|Substitute
|-damage|p2a: Toxicroak|26/100
|
|-weather|RainDance|[upkeep]
|-heal|p2a: Toxicroak|38/100|[from] ability: Dry Skin
|-heal|p2a: Toxicroak|44/100|[from] item: Black Sludge
|upkeep
|turn|32
|
|t:|1706817041
|-end|p1a: Garchomp|confusion
|move|p1a: Garchomp|Outrage|p2a: Toxicroak|[from]lockedmove
|-activate|p2a: Toxicroak|Substitute|[damage]
|-start|p1a: Garchomp|confusion|[fatigue]
|move|p2a: Toxicroak|Drain Punch|p1a: Garchomp
|-damage|p1a: Garchomp|0 fnt
|-heal|p2a: Toxicroak|53/100|[from] drain|[of] p1a: Garchomp
|-damage|p2a: Toxicroak|41/100|[from] ability: Rough Skin|[of] p1a: Garchomp
|faint|p1a: Garchomp
|
|-weather|RainDance|[upkeep]
|-heal|p2a: Toxicroak|53/100|[from] ability: Dry Skin
|-heal|p2a: Toxicroak|59/100|[from] item: Black Sludge
|upkeep
|-message|Bulging Biceps Bro forfeited.
|
|win|Croaset
|raw|Bulging Biceps Bro's rating: 1360 &rarr; <strong>1339</strong><br />(-21 for losing)
|raw|Croaset's rating: 1344 &rarr; <strong>1365</strong><br />(+21 for winning)
|l|☆Bulging Biceps Bro
|player|p1|
