|uhtml|medal-msg|<div class="broadcast-blue">Curious what those medals under the avatar are? PS now has Ladder Seasons! For more information, check out the <a href="https://www.smogon.com/forums/threads/3740067/">thread on Smogon.</a></div>
|uhtml|medal-msg|<div class="broadcast-blue">Curious what those medals under the avatar are? PS now has Ladder Seasons! For more information, check out the <a href="https://www.smogon.com/forums/threads/3740067/">thread on Smogon.</a></div>
|j|☆raphouuuuuu
|j|☆lsc29
|t:|1712486132
|gametype|singles
|player|p1|raphouuuuuu|102|1335
|player|p2|lsc29|lucas|1561
|teamsize|p1|6
|teamsize|p2|6
|gen|5
|tier|[Gen 5] OU
|rated|
|rule|Species Clause: Limit one of each Pokémon
|rule|OHKO Clause: OHKO moves are banned
|rule|Moody Clause: Moody is banned
|rule|Evasion Items Clause: Evasion items are banned
|rule|Evasion Moves Clause: Evasion moves are banned
|rule|Endless Battle Clause: Forcing endless battles is banned
|rule|HP Percentage Mod: HP is shown in percentages
|rule|Evasion Abilities Clause: Evasion abilities are banned
|rule|Sleep Moves Clause: Sleep-inducing moves are banned
|rule|Swagger Clause: Swagger is banned
|rule|Baton Pass Stat Clause: No Baton Passer may have a way to boost its stats
|clearpoke
|poke|p1|Starmie|item
|poke|p1|Jirachi|item
|poke|p1|Garchomp, M|item
|poke|p1|Magnezone|item
|poke|p1|Latios, M|item
|poke|p1|Dragonite, M|item
|poke|p2|Conkeldurr, M|item
|poke|p2|Dragonite, M|item
|poke|p2|Aerodactyl, F|item
|poke|p2|Starmie|item
|poke|p2|Scizor, F|item
|poke|p2|Volcarona, M|item
|teampreview
|inactive|Battle timer is ON: inactive players will automatically lose when time's up. (requested by lsc29)
|
|t:|1712486140
|start
|switch|p1a: Jirachi|Jirachi|100/100
|switch|p2a: Aerodactyl|Aerodactyl, F|100/100
|turn|1
|
|t:|1712486146
|move|p2a: Aerodactyl|Stealth Rock|p1a: Jirachi
|-sidestart|p1: raphouuuuuu|move: Stealth Rock
|move|p1a: Jirachi|Iron Head|p2a: Aerodactyl
|-supereffective|p2a: Aerodactyl
|-crit|p2a: Aerodactyl
|-enditem|p2a: Aerodactyl|Focus Sash
|-damage|p2a: Aerodactyl|1/100
|
|upkeep
|turn|2
|
|t:|1712486160
|move|p2a: Aerodactyl|Double-Edge|p1a: Jirachi
|-resisted|p1a: Jirachi
|-damage|p1a: Jirachi|84/100
|move|p1a: Jirachi|Body Slam|p2a: Aerodactyl
|-resisted|p2a: Aerodactyl
|-damage|p2a: Aerodactyl|0 fnt
|faint|p2a: Aerodactyl
|
|-heal|p1a: Jirachi|91/100|[from] item: Leftovers
|upkeep
|
|t:|1712486175
|switch|p2a: Volcarona|Volcarona, M|100/100
|turn|3
|
|t:|1712486181
|move|p2a: Volcarona|Will-O-Wisp|p1a: Jirachi
|-status|p1a: Jirachi|brn
|move|p1a: Jirachi|Body Slam|p2a: Volcarona
|-damage|p2a: Volcarona|90/100
|
|-heal|p2a: Volcarona|96/100|[from] item: Leftovers
|-heal|p1a: Jirachi|97/100 brn|[from] item: Leftovers
|-damage|p1a: Jirachi|84/100 brn|[from] brn
|upkeep
|turn|4
|
|t:|1712486190
|move|p2a: Volcarona|Quiver Dance|p2a: Volcarona
|-boost|p2a: Volcarona|spa|1
|-boost|p2a: Volcarona|spd|1
|-boost|p2a: Volcarona|spe|1
|move|p1a: Jirachi|Body Slam|p2a: Volcarona
|-damage|p2a: Volcarona|84/100
|-status|p2a: Volcarona|par
|
|-heal|p1a: Jirachi|91/100 brn|[from] item: Leftovers
|-heal|p2a: Volcarona|91/100 par|[from] item: Leftovers
|-damage|p1a: Jirachi|78/100 brn|[from] brn
|upkeep
|turn|5
|j|+Marshmallon
|l|+Marshmallon
|
|t:|1712486203
|switch|p1a: Latios|Latios, M|100/100
|-damage|p1a: Latios|88/100|[from] Stealth Rock
|move|p2a: Volcarona|Quiver Dance|p2a: Volcarona
|-boost|p2a: Volcarona|spa|1
|-boost|p2a: Volcarona|spd|1
|-boost|p2a: Volcarona|spe|1
|
|-heal|p2a: Volcarona|97/100 par|[from] item: Leftovers
|upkeep
|turn|6
|
|t:|1712486211
|move|p1a: Latios|Trick|p2a: Volcarona
|-activate|p1a: Latios|move: Trick|[of] p2a: Volcarona
|-item|p2a: Volcarona|Choice Specs|[from] move: Trick
|-item|p1a: Latios|Leftovers|[from] move: Trick
|move|p2a: Volcarona|Bug Buzz|p1a: Latios
|-supereffective|p1a: Latios
|-damage|p1a: Latios|0 fnt
|faint|p1a: Latios
|
|upkeep
|
|t:|1712486226
|switch|p1a: Starmie|Starmie|100/100
|-damage|p1a: Starmie|88/100|[from] Stealth Rock
|-item|p1a: Starmie|Air Balloon
|turn|7
|
|t:|1712486235
|move|p1a: Starmie|Hydro Pump|p2a: Volcarona
|-supereffective|p2a: Volcarona
|-damage|p2a: Volcarona|51/100 par
|cant|p2a: Volcarona|par
|
|upkeep
|turn|8
|
|t:|1712486241
|move|p1a: Starmie|Hydro Pump|p2a: Volcarona
|-supereffective|p2a: Volcarona
|-damage|p2a: Volcarona|5/100 par
|move|p2a: Volcarona|Bug Buzz|p1a: Starmie
|-supereffective|p1a: Starmie
|-damage|p1a: Starmie|0 fnt
|-enditem|p1a: Starmie|Air Balloon
|faint|p1a: Starmie
|
|upkeep
|
|t:|1712486248
|switch|p1a: Garchomp|Garchomp, M|100/100
|-damage|p1a: Garchomp|94/100|[from] Stealth Rock
|turn|9
|
|t:|1712486252
|move|p1a: Garchomp|Dragon Claw|p2a: Volcarona
|-damage|p2a: Volcarona|0 fnt
|faint|p2a: Volcarona
|
|upkeep
|
|t:|1712486260
|switch|p2a: Conkeldurr|Conkeldurr, M|100/100
|turn|10
|
|t:|1712486269
|move|p1a: Garchomp|Swords Dance|p1a: Garchomp
|-boost|p1a: Garchomp|atk|2
|move|p2a: Conkeldurr|Ice Punch|p1a: Garchomp
|-supereffective|p1a: Garchomp
|-enditem|p1a: Garchomp|Yache Berry|[eat]
|-enditem|p1a: Garchomp|Yache Berry|[weaken]
|-damage|p1a: Garchomp|0 fnt
|-damage|p2a: Conkeldurr|88/100|[from] ability: Rough Skin|[of] p1a: Garchomp
|faint|p1a: Garchomp
|
|upkeep
|
|t:|1712486280
|switch|p1a: Jirachi|Jirachi|78/100 brn
|-damage|p1a: Jirachi|72/100 brn|[from] Stealth Rock
|turn|11
|
|t:|1712486284
|move|p1a: Jirachi|Body Slam|p2a: Conkeldurr
|-damage|p2a: Conkeldurr|79/100
|move|p2a: Conkeldurr|Drain Punch|p1a: Jirachi
|-damage|p1a: Jirachi|18/100 brn
|-heal|p2a: Conkeldurr|100/100|[from] drain|[of] p1a: Jirachi
|-damage|p2a: Conkeldurr|91/100|[from] item: Life Orb
|
|-heal|p1a: Jirachi|24/100 brn|[from] item: Leftovers
|-damage|p1a: Jirachi|11/100 brn|[from] brn
|upkeep
|turn|12
|-message|raphouuuuuu forfeited.
|
|win|lsc29
|raw|raphouuuuuu's rating: 1335 &rarr; <strong>1326</strong><br />(-9 for losing)
|raw|lsc29's rating: 1561 &rarr; <strong>1570</strong><br />(+9 for winning)
|l|☆raphouuuuuu
|player|p1|
