|j|☆Blossummm
|j|☆Hans Bloodsmith
|t:|1743125244
|gametype|singles
|player|p1|Blossummm|roxie|1356
|player|p2|Hans Bloodsmith|plasmagrunt|1353
|teamsize|p1|6
|teamsize|p2|6
|gen|5
|tier|[Gen 5] OU
|rated|
|rule|Species Clause: Limit one of each Pokémon
|rule|OHKO Clause: OHKO moves are banned
|rule|Moody Clause: Moody is banned
|rule|Evasion Items Clause: Evasion items are banned
|rule|Evasion Moves Clause: Evasion moves are banned
|rule|Endless Battle Clause: Forcing endless battles is banned
|rule|HP Percentage Mod: HP is shown in percentages
|rule|Evasion Abilities Clause: Evasion abilities are banned
|rule|Sleep Moves Clause: Sleep-inducing moves are banned
|rule|Swagger Clause: Swagger is banned
|rule|Baton Pass Stat Clause: No Baton Passer may have a way to boost its stats
|clearpoke
|poke|p1|Tyranitar, F|item
|poke|p1|Ferrothorn, F|item
|poke|p1|Alakazam, M|item
|poke|p1|Landorus-Therian, M|item
|poke|p1|Latios, M|item
|poke|p1|Keldeo|item
|poke|p2|Tyranitar, F|item
|poke|p2|Ferrothorn, M|item
|poke|p2|Chandelure, F|item
|poke|p2|Alakazam, F|item
|poke|p2|Scizor, M|item
|poke|p2|Raikou|item
|teampreview
|inactive|Battle timer is ON: inactive players will automatically lose when time's up. (requested by Hans Bloodsmith)
|j| RufflesIV
|
|t:|1743125272
|start
|switch|p1a: Tyranitar|Tyranitar, F, shiny|100/100
|switch|p2a: Diana|Tyranitar, F|100/100
|-weather|Sandstorm|[from] ability: Sand Stream|[of] p2a: Diana
|turn|1
|
|t:|1743125280
|switch|p2a: Caesar|Ferrothorn, M|100/100
|switch|p1a: Landorus|Landorus-Therian, M|100/100
|-ability|p1a: Landorus|Intimidate|boost
|-unboost|p2a: Caesar|atk|1
|
|-weather|Sandstorm|[upkeep]
|upkeep
|turn|2
|
|t:|1743125286
|move|p1a: Landorus|Stealth Rock|p2a: Caesar
|-sidestart|p2: Hans Bloodsmith|move: Stealth Rock
|move|p2a: Caesar|Stealth Rock|p1a: Landorus
|-sidestart|p1: Blossummm|move: Stealth Rock
|
|-weather|Sandstorm|[upkeep]
|upkeep
|turn|3
|
|t:|1743125290
|move|p1a: Landorus|U-turn|p2a: Caesar
|-damage|p2a: Caesar|83/100
|-damage|p1a: Landorus|88/100|[from] ability: Iron Barbs|[of] p2a: Caesar
|
|t:|1743125298
|switch|p1a: Alakazam|Alakazam, M|100/100|[from] U-turn
|move|p2a: Caesar|Spikes|p1a: Alakazam
|-sidestart|p1: Blossummm|Spikes
|
|-weather|Sandstorm|[upkeep]
|upkeep
|turn|4
|
|t:|1743125315
|move|p1a: Alakazam|Focus Blast|p2a: Caesar|[miss]
|-miss|p1a: Alakazam|p2a: Caesar
|move|p2a: Caesar|Power Whip|p1a: Alakazam
|-damage|p1a: Alakazam|41/100
|
|-weather|Sandstorm|[upkeep]
|upkeep
|turn|5
|
|t:|1743125323
|move|p1a: Alakazam|Focus Blast|p2a: Caesar|[miss]
|-miss|p1a: Alakazam|p2a: Caesar
|move|p2a: Caesar|Power Whip|p1a: Alakazam
|-damage|p1a: Alakazam|0 fnt
|faint|p1a: Alakazam
|
|-weather|Sandstorm|[upkeep]
|upkeep
|c|☆Hans Bloodsmith|Bruh
|
|t:|1743125331
|switch|p1a: Keldeo|Keldeo|100/100
|-damage|p1a: Keldeo|94/100|[from] Stealth Rock
|-damage|p1a: Keldeo|82/100|[from] Spikes
|turn|6
|c|☆Hans Bloodsmith|Focus miss man
|
|t:|1743125338
|move|p1a: Keldeo|Secret Sword|p2a: Caesar
|-supereffective|p2a: Caesar
|-enditem|p2a: Caesar|Chople Berry|[eat]
|-enditem|p2a: Caesar|Chople Berry|[weaken]
|-damage|p2a: Caesar|43/100
|move|p2a: Caesar|Thunder Wave|p1a: Keldeo
|-status|p1a: Keldeo|par
|
|-weather|Sandstorm|[upkeep]
|-damage|p1a: Keldeo|76/100 par|[from] Sandstorm
|upkeep
|turn|7
|
|t:|1743125347
|cant|p1a: Keldeo|par
|move|p2a: Caesar|Power Whip|p1a: Keldeo
|-supereffective|p1a: Keldeo
|-damage|p1a: Keldeo|13/100 par
|
|-weather|Sandstorm|[upkeep]
|-damage|p1a: Keldeo|6/100 par|[from] Sandstorm
|upkeep
|turn|8
|
|t:|1743125352
|move|p1a: Keldeo|Secret Sword|p2a: Caesar
|-supereffective|p2a: Caesar
|-damage|p2a: Caesar|0 fnt
|faint|p2a: Caesar
|
|-weather|Sandstorm|[upkeep]
|-damage|p1a: Keldeo|0 fnt|[from] Sandstorm
|faint|p1a: Keldeo
|upkeep
|
|t:|1743125360
|switch|p1a: Ferrothorn|Ferrothorn, F|100/100
|switch|p2a: Diana|Tyranitar, F|100/100
|-damage|p2a: Diana|88/100|[from] Stealth Rock
|-damage|p1a: Ferrothorn|94/100|[from] Stealth Rock
|-damage|p1a: Ferrothorn|82/100|[from] Spikes
|turn|9
|
|t:|1743125369
|switch|p2a: Nyx|Chandelure, F|100/100
|-damage|p2a: Nyx|76/100|[from] Stealth Rock
|-item|p2a: Nyx|Air Balloon
|move|p1a: Ferrothorn|Power Whip|p2a: Nyx
|-resisted|p2a: Nyx
|-damage|p2a: Nyx|51/100
|-enditem|p2a: Nyx|Air Balloon
|
|-weather|Sandstorm|[upkeep]
|-damage|p2a: Nyx|45/100|[from] Sandstorm
|-heal|p1a: Ferrothorn|88/100|[from] item: Leftovers
|upkeep
|turn|10
|l| RufflesIV
|
|t:|1743125375
|move|p2a: Nyx|Flame Charge|p1a: Ferrothorn
|-supereffective|p1a: Ferrothorn
|-damage|p1a: Ferrothorn|63/100
|-boost|p2a: Nyx|spe|1
|-damage|p2a: Nyx|33/100|[from] ability: Iron Barbs|[of] p1a: Ferrothorn
|move|p1a: Ferrothorn|Thunder Wave|p2a: Nyx
|-status|p2a: Nyx|par
|
|-weather|Sandstorm|[upkeep]
|-damage|p2a: Nyx|27/100 par|[from] Sandstorm
|-heal|p1a: Ferrothorn|69/100|[from] item: Leftovers
|upkeep
|turn|11
|
|t:|1743125383
|cant|p2a: Nyx|par
|move|p1a: Ferrothorn|Power Whip|p2a: Nyx
|-resisted|p2a: Nyx
|-damage|p2a: Nyx|0 fnt
|faint|p2a: Nyx
|
|-weather|Sandstorm|[upkeep]
|-heal|p1a: Ferrothorn|75/100|[from] item: Leftovers
|upkeep
|
|t:|1743125397
|switch|p2a: Ramiel|Raikou, shiny|100/100
|-damage|p2a: Ramiel|88/100|[from] Stealth Rock
|-ability|p2a: Ramiel|Pressure
|turn|12
|
|t:|1743125401
|move|p2a: Ramiel|Substitute|p2a: Ramiel
|-start|p2a: Ramiel|Substitute
|-damage|p2a: Ramiel|63/100
|move|p1a: Ferrothorn|Leech Seed||[still]
|-fail|p1a: Ferrothorn
|
|-weather|Sandstorm|[upkeep]
|-damage|p2a: Ramiel|57/100|[from] Sandstorm
|-heal|p2a: Ramiel|63/100|[from] item: Leftovers
|-heal|p1a: Ferrothorn|82/100|[from] item: Leftovers
|upkeep
|turn|13
|
|t:|1743125405
|move|p2a: Ramiel|Calm Mind|p2a: Ramiel
|-boost|p2a: Ramiel|spa|1
|-boost|p2a: Ramiel|spd|1
|move|p1a: Ferrothorn|Power Whip|p2a: Ramiel
|-end|p2a: Ramiel|Substitute
|
|-weather|Sandstorm|[upkeep]
|-damage|p2a: Ramiel|57/100|[from] Sandstorm
|-heal|p2a: Ramiel|63/100|[from] item: Leftovers
|-heal|p1a: Ferrothorn|88/100|[from] item: Leftovers
|upkeep
|turn|14
|
|t:|1743125415
|move|p2a: Ramiel|Calm Mind|p2a: Ramiel
|-boost|p2a: Ramiel|spa|1
|-boost|p2a: Ramiel|spd|1
|move|p1a: Ferrothorn|Power Whip|p2a: Ramiel
|-damage|p2a: Ramiel|8/100
|
|-weather|Sandstorm|[upkeep]
|-damage|p2a: Ramiel|2/100|[from] Sandstorm
|-heal|p2a: Ramiel|8/100|[from] item: Leftovers
|-heal|p1a: Ferrothorn|94/100|[from] item: Leftovers
|upkeep
|turn|15
|
|t:|1743125423
|move|p2a: Ramiel|Hidden Power|p1a: Ferrothorn
|-crit|p1a: Ferrothorn
|-damage|p1a: Ferrothorn|30/100
|move|p1a: Ferrothorn|Power Whip|p2a: Ramiel
|-damage|p2a: Ramiel|0 fnt
|faint|p2a: Ramiel
|
|-weather|Sandstorm|[upkeep]
|-heal|p1a: Ferrothorn|36/100|[from] item: Leftovers
|upkeep
|
|t:|1743125432
|switch|p2a: Baldwin|Scizor, M|100/100
|-damage|p2a: Baldwin|88/100|[from] Stealth Rock
|turn|16
|j| zedsmellsbad
|
|t:|1743125435
|move|p2a: Baldwin|Superpower|p1a: Ferrothorn
|-supereffective|p1a: Ferrothorn
|-damage|p1a: Ferrothorn|0 fnt
|-unboost|p2a: Baldwin|atk|1
|-unboost|p2a: Baldwin|def|1
|-damage|p2a: Baldwin|76/100|[from] ability: Iron Barbs|[of] p1a: Ferrothorn
|faint|p1a: Ferrothorn
|-damage|p2a: Baldwin|66/100|[from] item: Life Orb
|
|-weather|Sandstorm|[upkeep]
|upkeep
|
|t:|1743125438
|switch|p1a: Landorus|Landorus-Therian, M|88/100
|-damage|p1a: Landorus|76/100|[from] Stealth Rock
|-ability|p1a: Landorus|Intimidate|boost
|-unboost|p2a: Baldwin|atk|1
|turn|17
|
|t:|1743125454
|move|p2a: Baldwin|Bullet Punch|p1a: Landorus
|-damage|p1a: Landorus|57/100
|-damage|p2a: Baldwin|56/100|[from] item: Life Orb
|move|p1a: Landorus|U-turn|p2a: Baldwin
|-resisted|p2a: Baldwin
|-damage|p2a: Baldwin|35/100
|
|t:|1743125466
|switch|p1a: Latios|Latios, M|100/100|[from] U-turn
|-damage|p1a: Latios|88/100|[from] Stealth Rock
|
|-weather|Sandstorm|[upkeep]
|-damage|p1a: Latios|82/100|[from] Sandstorm
|upkeep
|turn|18
|
|t:|1743125471
|-activate|p1a: Latios|move: Pursuit
|move|p2a: Baldwin|Pursuit|p1a: Latios|[from] Pursuit
|-supereffective|p1a: Latios
|-damage|p1a: Latios|27/100
|-damage|p2a: Baldwin|25/100|[from] item: Life Orb
|switch|p1a: Landorus|Landorus-Therian, M|57/100
|-damage|p1a: Landorus|45/100|[from] Stealth Rock
|-ability|p1a: Landorus|Intimidate|boost
|-unboost|p2a: Baldwin|atk|1
|
|-weather|Sandstorm|[upkeep]
|-heal|p1a: Landorus|51/100|[from] item: Leftovers
|upkeep
|turn|19
|
|t:|1743125478
|move|p2a: Baldwin|Bullet Punch|p1a: Landorus
|-damage|p1a: Landorus|37/100
|-damage|p2a: Baldwin|15/100|[from] item: Life Orb
|move|p1a: Landorus|Earthquake|p2a: Baldwin
|-damage|p2a: Baldwin|0 fnt
|faint|p2a: Baldwin
|
|-weather|Sandstorm|[upkeep]
|-heal|p1a: Landorus|43/100|[from] item: Leftovers
|upkeep
|
|t:|1743125493
|switch|p2a: Alexandria|Alakazam, F|100/100
|turn|20
|
|t:|1743125498
|move|p2a: Alexandria|Hidden Power|p1a: Landorus
|-supereffective|p1a: Landorus
|-damage|p1a: Landorus|0 fnt
|faint|p1a: Landorus
|
|-weather|Sandstorm|[upkeep]
|upkeep
|
|t:|1743125500
|switch|p1a: Tyranitar|Tyranitar, F, shiny|100/100
|-damage|p1a: Tyranitar|88/100|[from] Stealth Rock
|-damage|p1a: Tyranitar|76/100|[from] Spikes
|turn|21
|
|t:|1743125503
|move|p2a: Alexandria|Focus Blast|p1a: Tyranitar
|-supereffective|p1a: Tyranitar
|-damage|p1a: Tyranitar|1/100
|move|p1a: Tyranitar|Thunder Wave|p2a: Alexandria
|-status|p2a: Alexandria|par
|
|-weather|Sandstorm|[upkeep]
|upkeep
|turn|22
|-enditem|p1a: Tyranitar|Custap Berry|[eat]
|-activate|p1a: Tyranitar|item: Custap Berry|[consumed]
|
|t:|1743125510
|move|p1a: Tyranitar|Crunch|p2a: Alexandria
|-supereffective|p2a: Alexandria
|-crit|p2a: Alexandria
|-enditem|p2a: Alexandria|Focus Sash
|-damage|p2a: Alexandria|1/100 par
|move|p2a: Alexandria|Hidden Power|p1a: Tyranitar
|-damage|p1a: Tyranitar|0 fnt
|faint|p1a: Tyranitar
|
|-weather|Sandstorm|[upkeep]
|upkeep
|
|t:|1743125518
|switch|p1a: Latios|Latios, M|27/100
|-damage|p1a: Latios|15/100|[from] Stealth Rock
|turn|23
|
|t:|1743125530
|move|p1a: Latios|Surf|p2a: Alexandria
|-damage|p2a: Alexandria|0 fnt
|faint|p2a: Alexandria
|
|-weather|Sandstorm|[upkeep]
|-damage|p1a: Latios|9/100|[from] Sandstorm
|upkeep
|c|☆Hans Bloodsmith|Oh hey, Blosssom
|c|☆Hans Bloodsmith|You're here
|
|t:|1743125547
|switch|p2a: Diana|Tyranitar, F|88/100
|-damage|p2a: Diana|76/100|[from] Stealth Rock
|turn|24
|c|☆Blossummm|hello
|
|t:|1743125554
|move|p1a: Latios|Surf|p2a: Diana
|-supereffective|p2a: Diana
|-damage|p2a: Diana|28/100
|move|p2a: Diana|Crunch|p1a: Latios
|-supereffective|p1a: Latios
|-damage|p1a: Latios|0 fnt
|faint|p1a: Latios
|
|win|Hans Bloodsmith
|raw|Blossummm's rating: 1356 &rarr; <strong>1336</strong><br />(-20 for losing)
|raw|Hans Bloodsmith's rating: 1353 &rarr; <strong>1373</strong><br />(+20 for winning)
|c|☆Hans Bloodsmith|Gg
|c|☆Blossummm|gg
|l|☆Blossummm
|player|p1|
