|j|☆mefu64
|j|☆bnzuko
|t:|1730483786
|gametype|singles
|player|p1|mefu64|roughneck|1328
|player|p2|bnzuko|fisherman-gen4|1512
|teamsize|p1|6
|teamsize|p2|6
|gen|5
|tier|[Gen 5] OU
|rated|
|rule|Species Clause: Limit one of each Pokémon
|rule|OHKO Clause: OHKO moves are banned
|rule|Moody Clause: Moody is banned
|rule|Evasion Items Clause: Evasion items are banned
|rule|Evasion Moves Clause: Evasion moves are banned
|rule|Endless Battle Clause: Forcing endless battles is banned
|rule|HP Percentage Mod: HP is shown in percentages
|rule|Evasion Abilities Clause: Evasion abilities are banned
|rule|Sleep Moves Clause: Sleep-inducing moves are banned
|rule|Swagger Clause: Swagger is banned
|rule|Baton Pass Stat Clause: No Baton Passer may have a way to boost its stats
|clearpoke
|poke|p1|Tyranitar, M|item
|poke|p1|Latios, M|item
|poke|p1|Mamoswine, F|item
|poke|p1|Alakazam, M|item
|poke|p1|Rotom-Wash|item
|poke|p1|Ferrothorn, F|item
|poke|p2|Landorus-Therian, M|item
|poke|p2|Thundurus-Therian, M|item
|poke|p2|Heatran, F|item
|poke|p2|Jirachi|item
|poke|p2|Garchomp, M|item
|poke|p2|Toxicroak, M|item
|teampreview
|inactive|Battle timer is ON: inactive players will automatically lose when time's up. (requested by bnzuko)
|inactive|mefu64 has 120 seconds left.
|
|t:|1730483829
|start
|switch|p1a: Rotom|Rotom-Wash|100/100
|switch|p2a: Landorus|Landorus-Therian, M|100/100
|-ability|p2a: Landorus|Intimidate|boost
|-unboost|p1a: Rotom|atk|1
|turn|1
|
|t:|1730483833
|move|p2a: Landorus|Stealth Rock|p1a: Rotom
|-sidestart|p1: mefu64|move: Stealth Rock
|move|p1a: Rotom|Will-O-Wisp|p2a: Landorus
|-status|p2a: Landorus|brn
|
|-damage|p2a: Landorus|88/100 brn|[from] brn
|upkeep
|turn|2
|
|t:|1730483841
|move|p2a: Landorus|Hidden Power|p1a: Rotom
|-resisted|p1a: Rotom
|-damage|p1a: Rotom|92/100
|move|p1a: Rotom|Hydro Pump|p2a: Landorus
|-supereffective|p2a: Landorus
|-damage|p2a: Landorus|0 fnt
|faint|p2a: Landorus
|
|-heal|p1a: Rotom|98/100|[from] item: Leftovers
|upkeep
|
|t:|1730483855
|switch|p2a: Thundurus|Thundurus-Therian, M|100/100
|turn|3
|
|t:|1730483865
|switch|p1a: Tyranitar|Tyranitar, M|100/100
|-damage|p1a: Tyranitar|88/100|[from] Stealth Rock
|-weather|Sandstorm|[from] ability: Sand Stream|[of] p1a: Tyranitar
|move|p2a: Thundurus|Thunderbolt|p1a: Tyranitar
|-damage|p1a: Tyranitar|64/100
|
|-weather|Sandstorm|[upkeep]
|-damage|p2a: Thundurus|94/100|[from] Sandstorm
|-heal|p2a: Thundurus|100/100|[from] item: Leftovers
|upkeep
|turn|4
|
|t:|1730483869
|move|p2a: Thundurus|Focus Blast|p1a: Tyranitar
|-supereffective|p1a: Tyranitar
|-enditem|p1a: Tyranitar|Chople Berry|[eat]
|-enditem|p1a: Tyranitar|Chople Berry|[weaken]
|-damage|p1a: Tyranitar|16/100
|move|p1a: Tyranitar|Stone Edge|p2a: Thundurus
|-supereffective|p2a: Thundurus
|-damage|p2a: Thundurus|0 fnt
|faint|p2a: Thundurus
|
|-weather|Sandstorm|[upkeep]
|upkeep
|
|t:|1730483876
|switch|p2a: Garchomp|Garchomp, M|100/100
|turn|5
|
|t:|1730483882
|move|p2a: Garchomp|Substitute|p2a: Garchomp
|-start|p2a: Garchomp|Substitute
|-damage|p2a: Garchomp|76/100
|move|p1a: Tyranitar|Superpower|p2a: Garchomp
|-crit|p2a: Garchomp
|-end|p2a: Garchomp|Substitute
|-unboost|p1a: Tyranitar|atk|1
|-unboost|p1a: Tyranitar|def|1
|
|-weather|Sandstorm|[upkeep]
|-heal|p2a: Garchomp|82/100|[from] item: Leftovers
|upkeep
|turn|6
|
|t:|1730483885
|move|p2a: Garchomp|Substitute|p2a: Garchomp
|-start|p2a: Garchomp|Substitute
|-damage|p2a: Garchomp|57/100
|move|p1a: Tyranitar|Crunch|p2a: Garchomp
|-end|p2a: Garchomp|Substitute
|
|-weather|Sandstorm|[upkeep]
|-heal|p2a: Garchomp|63/100|[from] item: Leftovers
|upkeep
|turn|7
|
|t:|1730483887
|move|p2a: Garchomp|Substitute|p2a: Garchomp
|-start|p2a: Garchomp|Substitute
|-damage|p2a: Garchomp|38/100
|move|p1a: Tyranitar|Crunch|p2a: Garchomp
|-end|p2a: Garchomp|Substitute
|
|-weather|Sandstorm|[upkeep]
|-heal|p2a: Garchomp|44/100|[from] item: Leftovers
|upkeep
|turn|8
|
|t:|1730483895
|switch|p2a: Toxicroak|Toxicroak, M, shiny|100/100
|move|p1a: Tyranitar|Crunch|p2a: Toxicroak
|-resisted|p2a: Toxicroak
|-damage|p2a: Toxicroak|79/100
|
|-weather|Sandstorm|[upkeep]
|-damage|p2a: Toxicroak|72/100|[from] Sandstorm
|upkeep
|turn|9
|
|t:|1730483902
|move|p2a: Toxicroak|Swords Dance|p2a: Toxicroak
|-boost|p2a: Toxicroak|atk|2
|move|p1a: Tyranitar|Crunch|p2a: Toxicroak
|-resisted|p2a: Toxicroak
|-damage|p2a: Toxicroak|50/100
|-unboost|p2a: Toxicroak|def|1
|
|-weather|Sandstorm|[upkeep]
|-damage|p2a: Toxicroak|44/100|[from] Sandstorm
|upkeep
|turn|10
|
|t:|1730483906
|move|p2a: Toxicroak|Drain Punch|p1a: Tyranitar
|-supereffective|p1a: Tyranitar
|-damage|p1a: Tyranitar|0 fnt
|-heal|p2a: Toxicroak|54/100|[from] drain|[of] p1a: Tyranitar
|faint|p1a: Tyranitar
|-damage|p2a: Toxicroak|44/100|[from] item: Life Orb
|
|-weather|Sandstorm|[upkeep]
|-damage|p2a: Toxicroak|38/100|[from] Sandstorm
|upkeep
|
|t:|1730483929
|switch|p1a: Rotom|Rotom-Wash|98/100
|-damage|p1a: Rotom|86/100|[from] Stealth Rock
|turn|11
|
|t:|1730483934
|move|p2a: Toxicroak|Drain Punch|p1a: Rotom
|-damage|p1a: Rotom|13/100
|-heal|p2a: Toxicroak|73/100|[from] drain|[of] p1a: Rotom
|-damage|p2a: Toxicroak|64/100|[from] item: Life Orb
|move|p1a: Rotom|Will-O-Wisp|p2a: Toxicroak
|-status|p2a: Toxicroak|brn
|
|-weather|Sandstorm|[upkeep]
|-damage|p2a: Toxicroak|58/100 brn|[from] Sandstorm
|-damage|p1a: Rotom|7/100|[from] Sandstorm
|-heal|p1a: Rotom|13/100|[from] item: Leftovers
|-damage|p2a: Toxicroak|45/100 brn|[from] brn
|upkeep
|turn|12
|
|t:|1730483941
|move|p2a: Toxicroak|Drain Punch|p1a: Rotom
|-damage|p1a: Rotom|0 fnt
|-heal|p2a: Toxicroak|51/100 brn|[from] drain|[of] p1a: Rotom
|faint|p1a: Rotom
|-damage|p2a: Toxicroak|41/100 brn|[from] item: Life Orb
|
|-weather|Sandstorm|[upkeep]
|-damage|p2a: Toxicroak|35/100 brn|[from] Sandstorm
|-damage|p2a: Toxicroak|23/100 brn|[from] brn
|upkeep
|
|t:|1730483946
|switch|p1a: Alakazam|Alakazam, M|100/100
|turn|13
|
|t:|1730483952
|move|p2a: Toxicroak|Sucker Punch|p1a: Alakazam
|-supereffective|p1a: Alakazam
|-enditem|p1a: Alakazam|Focus Sash
|-damage|p1a: Alakazam|1/100
|-damage|p2a: Toxicroak|13/100 brn|[from] item: Life Orb
|move|p1a: Alakazam|Psyshock|p2a: Toxicroak
|-supereffective|p2a: Toxicroak
|-damage|p2a: Toxicroak|0 fnt
|faint|p2a: Toxicroak
|
|-weather|Sandstorm|[upkeep]
|upkeep
|
|t:|1730483955
|switch|p2a: Jirachi|Jirachi, shiny|100/100
|turn|14
|
|t:|1730483965
|switch|p1a: Mamoswine|Mamoswine, F|100/100
|-damage|p1a: Mamoswine|88/100|[from] Stealth Rock
|move|p2a: Jirachi|U-turn|p1a: Mamoswine
|-damage|p1a: Mamoswine|63/100
|
|t:|1730483969
|switch|p2a: Heatran|Heatran, F|100/100|[from] U-turn
|-item|p2a: Heatran|Air Balloon
|
|-weather|Sandstorm|[upkeep]
|upkeep
|turn|15
|
|t:|1730483974
|move|p1a: Mamoswine|Superpower|p2a: Heatran
|-supereffective|p2a: Heatran
|-damage|p2a: Heatran|0 fnt
|-unboost|p1a: Mamoswine|atk|1
|-unboost|p1a: Mamoswine|def|1
|-enditem|p2a: Heatran|Air Balloon
|faint|p2a: Heatran
|
|-weather|Sandstorm|[upkeep]
|upkeep
|
|t:|1730483977
|switch|p2a: Jirachi|Jirachi, shiny|100/100
|turn|16
|
|t:|1730483981
|switch|p1a: Ferrothorn|Ferrothorn, F|100/100
|-damage|p1a: Ferrothorn|94/100|[from] Stealth Rock
|move|p2a: Jirachi|U-turn|p1a: Ferrothorn
|-damage|p1a: Ferrothorn|80/100
|-damage|p2a: Jirachi|88/100|[from] ability: Iron Barbs|[of] p1a: Ferrothorn
|
|t:|1730483983
|switch|p2a: Garchomp|Garchomp, M|44/100|[from] U-turn
|
|-weather|Sandstorm|[upkeep]
|-heal|p2a: Garchomp|50/100|[from] item: Leftovers
|-heal|p1a: Ferrothorn|86/100|[from] item: Leftovers
|upkeep
|turn|17
|
|t:|1730483988
|move|p2a: Garchomp|Fire Blast|p1a: Ferrothorn
|-supereffective|p1a: Ferrothorn
|-damage|p1a: Ferrothorn|18/100
|-status|p1a: Ferrothorn|brn
|move|p1a: Ferrothorn|Gyro Ball|p2a: Garchomp
|-damage|p2a: Garchomp|28/100
|-damage|p1a: Ferrothorn|5/100 brn|[from] ability: Rough Skin|[of] p2a: Garchomp
|
|-weather|Sandstorm|[upkeep]
|-heal|p2a: Garchomp|34/100|[from] item: Leftovers
|-heal|p1a: Ferrothorn|12/100 brn|[from] item: Leftovers
|-damage|p1a: Ferrothorn|0 fnt|[from] brn
|faint|p1a: Ferrothorn
|upkeep
|
|t:|1730483998
|switch|p1a: Alakazam|Alakazam, M|1/100
|turn|18
|
|t:|1730484002
|switch|p2a: Jirachi|Jirachi, shiny|88/100
|move|p1a: Alakazam|Hidden Power|p2a: Jirachi
|-resisted|p2a: Jirachi
|-damage|p2a: Jirachi|77/100
|
|-weather|Sandstorm|[upkeep]
|upkeep
|turn|19
|
|t:|1730484014
|move|p2a: Jirachi|Iron Head|p1a: Alakazam
|-crit|p1a: Alakazam
|-damage|p1a: Alakazam|0 fnt
|faint|p1a: Alakazam
|
|-weather|Sandstorm|[upkeep]
|upkeep
|
|t:|1730484021
|switch|p1a: Latios|Latios, M|100/100
|-damage|p1a: Latios|88/100|[from] Stealth Rock
|turn|20
|
|t:|1730484028
|move|p1a: Latios|Surf|p2a: Jirachi
|-damage|p2a: Jirachi|47/100
|move|p2a: Jirachi|Iron Head|p1a: Latios
|-damage|p1a: Latios|43/100
|
|-weather|Sandstorm|[upkeep]
|-damage|p1a: Latios|37/100|[from] Sandstorm
|upkeep
|turn|21
|
|t:|1730484031
|move|p1a: Latios|Surf|p2a: Jirachi
|-damage|p2a: Jirachi|16/100
|move|p2a: Jirachi|Iron Head|p1a: Latios
|-damage|p1a: Latios|0 fnt
|faint|p1a: Latios
|
|-weather|Sandstorm|[upkeep]
|upkeep
|
|t:|1730484033
|switch|p1a: Mamoswine|Mamoswine, F|63/100
|-damage|p1a: Mamoswine|51/100|[from] Stealth Rock
|turn|22
|
|t:|1730484036
|move|p1a: Mamoswine|Ice Shard|p2a: Jirachi
|-resisted|p2a: Jirachi
|-damage|p2a: Jirachi|0 fnt
|faint|p2a: Jirachi
|
|-weather|Sandstorm|[upkeep]
|upkeep
|
|t:|1730484038
|switch|p2a: Garchomp|Garchomp, M|34/100
|turn|23
|-message|bnzuko forfeited.
|
|win|mefu64
|raw|mefu64's rating: 1328 &rarr; <strong>1358</strong><br />(+30 for winning)
|raw|bnzuko's rating: 1512 &rarr; <strong>1482</strong><br />(-30 for losing)
|l|☆bnzuko
|player|p2|
