|j|☆Zero-Two Fan
|j|☆ill
|player|p1|Zero-Two Fan|266|1433
|player|p2|ill|burglar|1315
|teamsize|p1|6
|teamsize|p2|6
|gametype|singles
|gen|5
|tier|[Gen 5] OU
|rated|
|clearpoke
|poke|p1|Tyranitar, M|item
|poke|p1|Landorus-Therian, M|item
|poke|p1|Garchomp, M|item
|poke|p1|Rotom-Wash|item
|poke|p1|Jirachi|item
|poke|p1|Keldeo|item
|poke|p2|Alakazam, F|item
|poke|p2|Garchomp, M|item
|poke|p2|Ferrothorn, F|item
|poke|p2|Landorus-Therian, M|item
|poke|p2|Jellicent, M|item
|poke|p2|Tyranitar, M|item
|rule|Species Clause: Limit one of each Pokémon
|rule|OHKO Clause: OHKO moves are banned
|rule|Moody Clause: Moody is banned
|rule|Evasion Moves Clause: Evasion moves are banned
|rule|Endless Battle Clause: Forcing endless battles is banned
|rule|HP Percentage Mod: HP is shown in percentages
|rule|Evasion Abilities Clause: Evasion abilities are banned
|rule|Baton Pass Clause: Limit one Baton Passer, can't pass Spe and other stats simultaneously
|rule|Sleep Clause: Sleep-inducing moves are banned
|rule|Swagger Clause: Swagger is banned
|teampreview
|inactive|Battle timer is ON: inactive players will automatically lose when time's up. (requested by Zero-Two Fan)
|c|☆Zero-Two Fan|quality name and team
|c|☆Zero-Two Fan|hf
|
|start
|switch|p1a: Peruvian Skies|Landorus-Therian, M|100/100
|switch|p2a: Garchomp|Garchomp, M|100/100
|-ability|p1a: Peruvian Skies|Intimidate|boost
|-unboost|p2a: Garchomp|atk|1
|turn|1
|
|move|p2a: Garchomp|Dual Chop|p1a: Peruvian Skies
|-damage|p1a: Peruvian Skies|85/100
|-damage|p1a: Peruvian Skies|67/100
|move|p1a: Peruvian Skies|Stealth Rock|p2a: Garchomp
|-sidestart|p2: ill|move: Stealth Rock
|
|-heal|p1a: Peruvian Skies|73/100|[from] item: Leftovers
|upkeep
|turn|2
|
|switch|p2a: Jellicent|Jellicent, M, shiny|100/100
|-damage|p2a: Jellicent|88/100|[from] Stealth Rock
|move|p1a: Peruvian Skies|U-turn|p2a: Jellicent
|-resisted|p2a: Jellicent
|-damage|p2a: Jellicent|80/100
|
|switch|p1a: Horizon|Rotom-Wash, shiny|100/100|[from]move: U-turn
|
|-heal|p2a: Jellicent|86/100|[from] item: Leftovers
|upkeep
|turn|3
|
|move|p1a: Horizon|Will-O-Wisp|p2a: Jellicent
|-status|p2a: Jellicent|brn
|move|p2a: Jellicent|Recover|p2a: Jellicent
|-heal|p2a: Jellicent|100/100 brn
|
|-damage|p2a: Jellicent|88/100 brn|[from] brn
|upkeep
|turn|4
|
|move|p1a: Horizon|Volt Switch|p2a: Jellicent
|-supereffective|p2a: Jellicent
|-damage|p2a: Jellicent|49/100 brn
|
|switch|p1a: Nootropics|Jirachi|100/100|[from]move: Volt Switch
|move|p2a: Jellicent|Will-O-Wisp|p1a: Nootropics
|-status|p1a: Nootropics|brn
|
|-heal|p2a: Jellicent|55/100 brn|[from] item: Leftovers
|-damage|p1a: Nootropics|88/100 brn|[from] brn
|-damage|p2a: Jellicent|43/100 brn|[from] brn
|upkeep
|turn|5
|
|move|p1a: Nootropics|Calm Mind|p1a: Nootropics
|-boost|p1a: Nootropics|spa|1
|-boost|p1a: Nootropics|spd|1
|move|p2a: Jellicent|Recover|p2a: Jellicent
|-heal|p2a: Jellicent|93/100 brn
|
|-heal|p1a: Nootropics|94/100 brn|[from] item: Leftovers
|-heal|p2a: Jellicent|99/100 brn|[from] item: Leftovers
|-damage|p1a: Nootropics|82/100 brn|[from] brn
|-damage|p2a: Jellicent|87/100 brn|[from] brn
|upkeep
|turn|6
|
|move|p1a: Nootropics|Psychic|p2a: Jellicent
|-damage|p2a: Jellicent|36/100 brn
|move|p2a: Jellicent|Taunt|p1a: Nootropics
|-start|p1a: Nootropics|move: Taunt
|
|-heal|p1a: Nootropics|88/100 brn|[from] item: Leftovers
|-heal|p2a: Jellicent|43/100 brn|[from] item: Leftovers
|-damage|p1a: Nootropics|75/100 brn|[from] brn
|-damage|p2a: Jellicent|30/100 brn|[from] brn
|upkeep
|turn|7
|
|switch|p2a: Ferrothorn|Ferrothorn, F|100/100
|-damage|p2a: Ferrothorn|95/100|[from] Stealth Rock
|move|p1a: Nootropics|Psychic|p2a: Ferrothorn
|-resisted|p2a: Ferrothorn
|-damage|p2a: Ferrothorn|71/100
|
|-heal|p1a: Nootropics|81/100 brn|[from] item: Leftovers
|-heal|p2a: Ferrothorn|77/100|[from] item: Leftovers
|-damage|p1a: Nootropics|69/100 brn|[from] brn
|upkeep
|turn|8
|
|move|p1a: Nootropics|Hidden Power|p2a: Ferrothorn
|-supereffective|p2a: Ferrothorn
|-damage|p2a: Ferrothorn|0 fnt
|faint|p2a: Ferrothorn
|
|-heal|p1a: Nootropics|75/100 brn|[from] item: Leftovers
|-damage|p1a: Nootropics|63/100 brn|[from] brn
|upkeep
|
|switch|p2a: Garchomp|Garchomp, M|100/100
|-damage|p2a: Garchomp|94/100|[from] Stealth Rock
|turn|9
|
|switch|p1a: Peruvian Skies|Landorus-Therian, M|73/100
|-ability|p1a: Peruvian Skies|Intimidate|boost
|-unboost|p2a: Garchomp|atk|1
|move|p2a: Garchomp|Outrage|p1a: Peruvian Skies
|-damage|p1a: Peruvian Skies|25/100
|
|-heal|p1a: Peruvian Skies|31/100|[from] item: Leftovers
|upkeep
|turn|10
|inactive|Zero-Two Fan has 120 seconds left.
|
|switch|p1a: Nootropics|Jirachi|63/100 brn
|move|p2a: Garchomp|Outrage|p1a: Nootropics|[from]lockedmove
|-resisted|p1a: Nootropics
|-damage|p1a: Nootropics|34/100 brn
|-start|p2a: Garchomp|confusion|[fatigue]
|
|-heal|p1a: Nootropics|40/100 brn|[from] item: Leftovers
|-damage|p1a: Nootropics|28/100 brn|[from] brn
|upkeep
|turn|11
|
|switch|p2a: Tyranitar|Tyranitar, M|100/100
|-damage|p2a: Tyranitar|88/100|[from] Stealth Rock
|-weather|Sandstorm|[from] ability: Sand Stream|[of] p2a: Tyranitar
|move|p1a: Nootropics|Grass Knot|p2a: Tyranitar
|-supereffective|p2a: Tyranitar
|-damage|p2a: Tyranitar|39/100
|
|-weather|Sandstorm|[upkeep]
|-heal|p1a: Nootropics|34/100 brn|[from] item: Leftovers
|-damage|p1a: Nootropics|21/100 brn|[from] brn
|upkeep
|turn|12
|
|move|p1a: Nootropics|Grass Knot|p2a: Tyranitar
|-supereffective|p2a: Tyranitar
|-damage|p2a: Tyranitar|0 fnt
|faint|p2a: Tyranitar
|
|-weather|Sandstorm|[upkeep]
|-heal|p1a: Nootropics|28/100 brn|[from] item: Leftovers
|-damage|p1a: Nootropics|15/100 brn|[from] brn
|upkeep
|inactive|ill has 120 seconds left.
|
|switch|p2a: Alakazam|Alakazam, F|100/100
|turn|13
|
|move|p2a: Alakazam|Shadow Ball|p1a: Nootropics
|-damage|p1a: Nootropics|0 fnt
|faint|p1a: Nootropics
|
|-weather|Sandstorm|[upkeep]
|upkeep
|
|switch|p1a: Thresh|Garchomp, M|100/100
|turn|14
|
|switch|p2a: Landorus|Landorus-Therian, M|100/100
|-damage|p2a: Landorus|88/100|[from] Stealth Rock
|-ability|p2a: Landorus|Intimidate|boost
|-unboost|p1a: Thresh|atk|1
|move|p1a: Thresh|Earthquake|p2a: Landorus
|-immune|p2a: Landorus
|
|-weather|Sandstorm|[upkeep]
|upkeep
|turn|15
|
|switch|p1a: Peruvian Skies|Landorus-Therian, M|31/100
|-ability|p1a: Peruvian Skies|Intimidate|boost
|-unboost|p2a: Landorus|atk|1
|move|p2a: Landorus|U-turn|p1a: Peruvian Skies
|-resisted|p1a: Peruvian Skies
|-damage|p1a: Peruvian Skies|24/100
|
|switch|p2a: Alakazam|Alakazam, F|100/100|[from]move: U-turn
|
|-weather|Sandstorm|[upkeep]
|-heal|p1a: Peruvian Skies|30/100|[from] item: Leftovers
|upkeep
|turn|16
|
|move|p2a: Alakazam|Psychic|p1a: Peruvian Skies
|-damage|p1a: Peruvian Skies|0 fnt
|faint|p1a: Peruvian Skies
|
|-weather|Sandstorm|[upkeep]
|upkeep
|
|switch|p1a: Horizon|Rotom-Wash, shiny|100/100
|turn|17
|
|switch|p2a: Landorus|Landorus-Therian, M|88/100
|-damage|p2a: Landorus|76/100|[from] Stealth Rock
|-ability|p2a: Landorus|Intimidate|boost
|-unboost|p1a: Horizon|atk|1
|move|p1a: Horizon|Volt Switch|p2a: Landorus
|-immune|p2a: Landorus
|
|-weather|Sandstorm|[upkeep]
|-damage|p1a: Horizon|95/100|[from] Sandstorm
|upkeep
|turn|18
|
|move|p2a: Landorus|U-turn|p1a: Horizon
|-damage|p1a: Horizon|66/100
|
|switch|p2a: Jellicent|Jellicent, M, shiny|30/100 brn|[from]move: U-turn
|-damage|p2a: Jellicent|18/100 brn|[from] Stealth Rock
|move|p1a: Horizon|Will-O-Wisp|p2a: Jellicent
|-fail|p2a: Jellicent|brn
|
|-weather|Sandstorm|[upkeep]
|-damage|p1a: Horizon|60/100|[from] Sandstorm
|-damage|p2a: Jellicent|12/100 brn|[from] Sandstorm
|-heal|p2a: Jellicent|18/100 brn|[from] item: Leftovers
|-damage|p2a: Jellicent|5/100 brn|[from] brn
|upkeep
|turn|19
|
|move|p1a: Horizon|Volt Switch|p2a: Jellicent
|-supereffective|p2a: Jellicent
|-damage|p2a: Jellicent|0 fnt
|faint|p2a: Jellicent
|
|switch|p1a: Desolate Earth|Tyranitar, M|100/100|[from]move: Volt Switch
|
|-weather|Sandstorm|[upkeep]
|upkeep
|
|switch|p2a: Garchomp|Garchomp, M|94/100
|-damage|p2a: Garchomp|88/100|[from] Stealth Rock
|turn|20
|
|move|p1a: Desolate Earth|Ice Beam|p2a: Garchomp
|-supereffective|p2a: Garchomp
|-damage|p2a: Garchomp|0 fnt
|faint|p2a: Garchomp
|
|-weather|Sandstorm|[upkeep]
|upkeep
|-message|ill forfeited.
|
|win|Zero-Two Fan
|l|☆ill
|raw|Zero-Two Fan's rating: 1433 &rarr; <strong>1446</strong><br />(+13 for winning)
|raw|ill's rating: 1315 &rarr; <strong>1301</strong><br />(-14 for losing)
