|join|123jokesonme
|join|Princess Deluks917
|player|p1|123jokesonme|102
|player|p2|Princess Deluks917|23
|gametype|singles
|gen|5
|tier|[Gen 5] OU
|rated
|rule|Evasion Abilities Clause: Evasion abilities are banned
|clearpoke
|poke|p1|Smeargle, F
|poke|p1|Kyurem-Black
|poke|p1|Forretress, M
|poke|p1|Sableye, F
|poke|p1|Lucario, M
|poke|p1|Keldeo
|poke|p2|Politoed, M
|poke|p2|Gliscor, M
|poke|p2|Kyurem
|poke|p2|Chansey, F
|poke|p2|Tentacruel, M
|poke|p2|Skarmory, M
|rule|Sleep Clause Mod: Limit one foe put to sleep
|rule|Species Clause: Limit one of each Pokemon
|rule|OHKO Clause: OHKO moves are banned
|rule|Moody Clause: Moody is banned
|rule|Evasion Moves Clause: Evasion moves are banned
|rule|Endless Battle Clause: Forcing endless battles is banned.
|rule|HP Percentage Mod: HP is reported as percentages
|teampreview
|chat|Princess Deluks917|gl
|
|start
|switch|p1a: Smeargle|Smeargle, F|314/314
|switch|p2a: Princess Lyon|Kyurem|404/404
|-ability|p2a: Princess Lyon|Pressure
|turn|1
|chat|Princess Deluks917|gl
|
|move|p2a: Princess Lyon|Substitute|p2a: Princess Lyon
|-start|p2a: Princess Lyon|Substitute
|-damage|p2a: Princess Lyon|303/404
|move|p1a: Smeargle|Shell Smash|p1a: Smeargle
|-boost|p1a: Smeargle|atk|2
|-boost|p1a: Smeargle|spa|2
|-boost|p1a: Smeargle|spe|2
|-unboost|p1a: Smeargle|def|1
|-unboost|p1a: Smeargle|spd|1
|
|-heal|p2a: Princess Lyon|328/404|[from] item: Leftovers
|turn|2
|
|move|p1a: Smeargle|Shell Smash|p1a: Smeargle
|-boost|p1a: Smeargle|atk|2
|-boost|p1a: Smeargle|spa|2
|-boost|p1a: Smeargle|spe|2
|-unboost|p1a: Smeargle|def|1
|-unboost|p1a: Smeargle|spd|1
|move|p2a: Princess Lyon|Earth Power|p1a: Smeargle
|-enditem|p1a: Smeargle|Focus Sash
|-damage|p1a: Smeargle|1/314
|-unboost|p1a: Smeargle|spd|1
|
|-heal|p2a: Princess Lyon|353/404|[from] item: Leftovers
|turn|3
|
|move|p1a: Smeargle|Destiny Bond|p1a: Smeargle
|-singlemove|p1a: Smeargle|Destiny Bond
|move|p2a: Princess Lyon|Earth Power|p1a: Smeargle
|-damage|p1a: Smeargle|0 fnt
|faint|p1a: Smeargle
|-activate|p1a: Smeargle|Destiny Bond
|faint|p2a: Princess Lyon
|
|chat|Princess Deluks917|:(
|
|switch|p1a: Kyurem-Black|Kyurem-Black|391/391
|switch|p2a: Princess Juvia|Politoed, M|384/384
|-ability|p1a: Kyurem-Black|Teravolt
|-weather|RainDance|[from] ability: Drizzle|[of] p2a: Princess Juvia
|turn|4
|
|switch|p2a: Princess Porlyus|Chansey, F|642/642
|move|p1a: Kyurem-Black|Fusion Bolt|p2a: Princess Porlyus
|-damage|p2a: Princess Porlyus|470/642
|
|-weather|RainDance|[upkeep]
|turn|5
|
|switch|p1a: Forretress|Forretress, M|291/291
|move|p2a: Princess Porlyus|Soft-Boiled|p2a: Princess Porlyus
|-heal|p2a: Princess Porlyus|642/642
|
|-weather|RainDance|[upkeep]
|turn|6
|
|switch|p2a: Tentacruel|Tentacruel, M|364/364
|move|p1a: Forretress|Stealth Rock|p2a: Tentacruel
|-sidestart|p2: Princess Deluks917|move: Stealth Rock
|
|-weather|RainDance|[upkeep]
|turn|7
|
|switch|p1a: Sableye|Sableye, F|304/304
|move|p2a: Tentacruel|Toxic Spikes|p1a: Sableye
|-sidestart|p1: 123jokesonme|move: Toxic Spikes
|
|-weather|RainDance|[upkeep]
|turn|8
|
|move|p2a: Tentacruel|Protect|p2a: Tentacruel
|-singleturn|p2a: Tentacruel|Protect
|move|p1a: Sableye|Taunt|p2a: Tentacruel
|-activate|p2a: Tentacruel|Protect
|
|-weather|RainDance|[upkeep]
|turn|9
|
|move|p1a: Sableye|Swagger|p2a: Tentacruel
|-boost|p2a: Tentacruel|atk|2
|-start|p2a: Tentacruel|confusion
|-activate|p2a: Tentacruel|confusion
|move|p2a: Tentacruel|Scald|p1a: Sableye
|-damage|p1a: Sableye|192/304
|
|-weather|RainDance|[upkeep]
|-heal|p1a: Sableye|211/304|[from] item: Leftovers
|turn|10
|
|move|p1a: Sableye|Taunt|p2a: Tentacruel
|-start|p2a: Tentacruel|move: Taunt
|-end|p2a: Tentacruel|confusion
|move|p2a: Tentacruel|Scald|p1a: Sableye
|-damage|p1a: Sableye|97/304
|
|-weather|RainDance|[upkeep]
|-heal|p1a: Sableye|116/304|[from] item: Leftovers
|turn|11
|
|switch|p2a: Princess Cobra|Gliscor, M|353/353
|-damage|p2a: Princess Cobra|309/353|[from] Stealth Rock
|move|p1a: Sableye|Swagger|p2a: Princess Cobra
|-boost|p2a: Princess Cobra|atk|2
|-start|p2a: Princess Cobra|confusion
|
|-weather|RainDance|[upkeep]
|-heal|p1a: Sableye|135/304|[from] item: Leftovers
|-status|p2a: Princess Cobra|tox|[from] item: Toxic Orb
|turn|12
|
|move|p1a: Sableye|Taunt|p2a: Princess Cobra
|-start|p2a: Princess Cobra|move: Taunt
|-activate|p2a: Princess Cobra|confusion
|move|p2a: Princess Cobra|Earthquake|p1a: Sableye
|-damage|p1a: Sableye|0 fnt
|faint|p1a: Sableye
|
|-weather|RainDance|[upkeep]
|-heal|p2a: Princess Cobra|353/353 tox|[from] ability: Poison Heal
|
|switch|p1a: Forretress|Forretress, M|291/291
|turn|13
|
|switch|p2a: Tentacruel|Tentacruel, M|364/364
|-damage|p2a: Tentacruel|319/364|[from] Stealth Rock
|move|p1a: Forretress|Rapid Spin|p2a: Tentacruel
|-damage|p2a: Tentacruel|296/364
|-sideend|p1: 123jokesonme|Toxic Spikes|[from] move: Rapid Spin|[of] p1a: Forretress
|
|-weather|RainDance|[upkeep]
|-heal|p2a: Tentacruel|318/364|[from] ability: Rain Dish
|-heal|p2a: Tentacruel|340/364|[from] item: Leftovers
|turn|14
|
|move|p2a: Tentacruel|Rapid Spin|p1a: Forretress
|-resisted|p1a: Forretress
|-damage|p1a: Forretress|288/291
|-sideend|p2: Princess Deluks917|Stealth Rock|[from] move: Rapid Spin|[of] p2a: Tentacruel
|move|p1a: Forretress|Volt Switch|p2a: Tentacruel
|-supereffective|p2a: Tentacruel
|-damage|p2a: Tentacruel|276/364
|
|switch|p1a: Kyurem-Black|Kyurem-Black|391/391
|-ability|p1a: Kyurem-Black|Teravolt
|
|-weather|RainDance|[upkeep]
|-heal|p2a: Tentacruel|298/364|[from] ability: Rain Dish
|-heal|p2a: Tentacruel|320/364|[from] item: Leftovers
|turn|15
|
|switch|p2a: Princess Cobra|Gliscor, M|353/353 tox
|move|p1a: Kyurem-Black|Fusion Bolt|p2a: Princess Cobra
|-immune|p2a: Princess Cobra|[msg]
|
|-weather|RainDance|[upkeep]
|turn|16
|
|switch|p2a: Princess Porlyus|Chansey, F|642/642
|move|p1a: Kyurem-Black|Ice Beam|p2a: Princess Porlyus
|-damage|p2a: Princess Porlyus|546/642
|
|-weather|RainDance|[upkeep]
|turn|17
|
|switch|p1a: Forretress|Forretress, M|288/291
|move|p2a: Princess Porlyus|Seismic Toss|p1a: Forretress
|-damage|p1a: Forretress|188/291
|
|-weather|RainDance|[upkeep]
|turn|18
|
|switch|p2a: Tentacruel|Tentacruel, M|320/364
|move|p1a: Forretress|Volt Switch|p2a: Tentacruel
|-supereffective|p2a: Tentacruel
|-damage|p2a: Tentacruel|266/364
|chat|Princess Deluks917|you always run cool teams imo
|
|switch|p1a: Kyurem-Black|Kyurem-Black|391/391
|-ability|p1a: Kyurem-Black|Teravolt
|
|-weather|RainDance|[upkeep]
|-heal|p2a: Tentacruel|288/364|[from] ability: Rain Dish
|-heal|p2a: Tentacruel|310/364|[from] item: Leftovers
|turn|19
|
|switch|p2a: Princess Porlyus|Chansey, F|546/642
|move|p1a: Kyurem-Black|Fusion Bolt|p2a: Princess Porlyus
|-damage|p2a: Princess Porlyus|360/642
|
|-weather|RainDance|[upkeep]
|turn|20
|
|move|p1a: Kyurem-Black|Focus Blast|p2a: Princess Porlyus|[miss]
|-miss|p1a: Kyurem-Black|p2a: Princess Porlyus
|move|p2a: Princess Porlyus|Soft-Boiled|p2a: Princess Porlyus
|-heal|p2a: Princess Porlyus|642/642
|
|-weather|RainDance|[upkeep]
|turn|21
|
|switch|p1a: Forretress|Forretress, M|188/291
|move|p2a: Princess Porlyus|Stealth Rock|p1a: Forretress
|-sidestart|p1: 123jokesonme|move: Stealth Rock
|
|-weather|RainDance|[upkeep]
|turn|22
|
|switch|p2a: Princess Cobra|Gliscor, M|353/353 tox
|move|p1a: Forretress|Rapid Spin|p2a: Princess Cobra
|-damage|p2a: Princess Cobra|340/353 tox
|-sideend|p1: 123jokesonme|Stealth Rock|[from] move: Rapid Spin|[of] p1a: Forretress
|
|-weather|RainDance|[upkeep]
|-heal|p2a: Princess Cobra|353/353 tox|[from] ability: Poison Heal
|turn|23
|
|move|p2a: Princess Cobra|Substitute|p2a: Princess Cobra
|-start|p2a: Princess Cobra|Substitute
|-damage|p2a: Princess Cobra|265/353 tox
|move|p1a: Forretress|Stealth Rock|p2a: Princess Cobra
|-sidestart|p2: Princess Deluks917|move: Stealth Rock
|
|-weather|RainDance|[upkeep]
|-heal|p2a: Princess Cobra|309/353 tox|[from] ability: Poison Heal
|turn|24
|
|switch|p1a: Kyurem-Black|Kyurem-Black|391/391
|-ability|p1a: Kyurem-Black|Teravolt
|move|p2a: Princess Cobra|Earthquake|p1a: Kyurem-Black
|-damage|p1a: Kyurem-Black|270/391
|
|-weather|RainDance|[upkeep]
|-heal|p2a: Princess Cobra|353/353 tox|[from] ability: Poison Heal
|turn|25
|
|move|p1a: Kyurem-Black|Ice Beam|p2a: Princess Cobra
|-supereffective|p2a: Princess Cobra
|-end|p2a: Princess Cobra|Substitute
|move|p2a: Princess Cobra|Toxic|p1a: Kyurem-Black
|-status|p1a: Kyurem-Black|tox
|
|-weather|RainDance|[upkeep]
|-damage|p1a: Kyurem-Black|246/391 tox|[from] psn
|turn|26
|
|switch|p1a: Lucario|Lucario, M|281/281
|switch|p2a: Princess Porlyus|Chansey, F|642/642
|-damage|p2a: Princess Porlyus|562/642|[from] Stealth Rock
|
|-weather|RainDance|[upkeep]
|turn|27
|
|switch|p2a: Princess Gajeel|Skarmory, M|334/334
|-damage|p2a: Princess Gajeel|293/334|[from] Stealth Rock
|move|p1a: Lucario|Crunch|p2a: Princess Gajeel
|-resisted|p2a: Princess Gajeel
|-damage|p2a: Princess Gajeel|257/334
|-damage|p1a: Lucario|253/281|[from] item: Life Orb
|
|-weather|RainDance|[upkeep]
|turn|28
|
|move|p1a: Lucario|Close Combat|p2a: Princess Gajeel
|-damage|p2a: Princess Gajeel|108/334
|-unboost|p1a: Lucario|def|1
|-unboost|p1a: Lucario|spd|1
|-damage|p1a: Lucario|225/281|[from] item: Life Orb
|move|p2a: Princess Gajeel|Roost|p2a: Princess Gajeel
|-heal|p2a: Princess Gajeel|275/334
|
|-weather|RainDance|[upkeep]
|turn|29
|
|switch|p1a: Forretress|Forretress, M|188/291
|move|p2a: Princess Gajeel|Brave Bird|p1a: Forretress
|-damage|p1a: Forretress|101/291
|-damage|p2a: Princess Gajeel|246/334|[from] recoil|[of] p1a: Forretress
|
|-weather|RainDance|[upkeep]
|turn|30
|
|switch|p2a: Princess Cobra|Gliscor, M|353/353 tox
|-damage|p2a: Princess Cobra|309/353 tox|[from] Stealth Rock
|move|p1a: Forretress|Volt Switch|p2a: Princess Cobra
|-immune|p2a: Princess Cobra|[msg]
|
|-weather|RainDance|[upkeep]
|-heal|p2a: Princess Cobra|353/353 tox|[from] ability: Poison Heal
|turn|31
|
|move|p2a: Princess Cobra|Substitute|p2a: Princess Cobra
|-start|p2a: Princess Cobra|Substitute
|-damage|p2a: Princess Cobra|265/353 tox
|move|p1a: Forretress|Explosion|p2a: Princess Cobra
|-end|p2a: Princess Cobra|Substitute
|faint|p1a: Forretress
|
|-weather|RainDance|[upkeep]
|-heal|p2a: Princess Cobra|309/353 tox|[from] ability: Poison Heal
|
|switch|p1a: Keldeo|Keldeo|323/323
|turn|32
|
|switch|p2a: Princess Juvia|Politoed, M|384/384
|-damage|p2a: Princess Juvia|336/384|[from] Stealth Rock
|move|p1a: Keldeo|Hidden Power|p2a: Princess Juvia
|-supereffective|p2a: Princess Juvia
|-damage|p2a: Princess Juvia|144/384
|
|-weather|RainDance|[upkeep]
|-heal|p2a: Princess Juvia|168/384|[from] item: Leftovers
|turn|33
|
|move|p1a: Keldeo|Hidden Power|p2a: Princess Juvia
|-supereffective|p2a: Princess Juvia
|-damage|p2a: Princess Juvia|0 fnt
|faint|p2a: Princess Juvia
|
|-weather|RainDance|[upkeep]
|
|switch|p2a: Tentacruel|Tentacruel, M|310/364
|-damage|p2a: Tentacruel|265/364|[from] Stealth Rock
|turn|34
|
|move|p1a: Keldeo|Hidden Power|p2a: Tentacruel
|-supereffective|p2a: Tentacruel
|-damage|p2a: Tentacruel|99/364
|move|p2a: Tentacruel|Rapid Spin|p1a: Keldeo
|-damage|p1a: Keldeo|312/323
|-sideend|p2: Princess Deluks917|Stealth Rock|[from] move: Rapid Spin|[of] p2a: Tentacruel
|
|-weather|RainDance|[upkeep]
|-heal|p2a: Tentacruel|121/364|[from] ability: Rain Dish
|-heal|p2a: Tentacruel|143/364|[from] item: Leftovers
|turn|35
|
|move|p2a: Tentacruel|Protect|p2a: Tentacruel
|-singleturn|p2a: Tentacruel|Protect
|move|p1a: Keldeo|Hidden Power|p2a: Tentacruel
|-activate|p2a: Tentacruel|Protect
|
|-weather|RainDance|[upkeep]
|-heal|p2a: Tentacruel|165/364|[from] ability: Rain Dish
|-heal|p2a: Tentacruel|187/364|[from] item: Leftovers
|turn|36
|
|switch|p2a: Princess Porlyus|Chansey, F|562/642
|move|p1a: Keldeo|Hidden Power|p2a: Princess Porlyus
|-damage|p2a: Princess Porlyus|522/642
|
|-weather|RainDance|[upkeep]
|turn|37
|
|move|p1a: Keldeo|Secret Sword|p2a: Princess Porlyus
|-supereffective|p2a: Princess Porlyus
|-damage|p2a: Princess Porlyus|80/642
|move|p2a: Princess Porlyus|Soft-Boiled|p2a: Princess Porlyus
|-heal|p2a: Princess Porlyus|401/642
|
|-weather|RainDance|[upkeep]
|turn|38
|
|switch|p2a: Princess Gajeel|Skarmory, M|246/334
|move|p1a: Keldeo|Secret Sword|p2a: Princess Gajeel
|-damage|p2a: Princess Gajeel|153/334
|
|-weather|RainDance|[upkeep]
|turn|39
|
|move|p1a: Keldeo|Surf|p2a: Princess Gajeel
|-damage|p2a: Princess Gajeel|0 fnt
|faint|p2a: Princess Gajeel
|
|-weather|RainDance|[upkeep]
|
|switch|p2a: Tentacruel|Tentacruel, M|187/364
|turn|40
|
|move|p2a: Tentacruel|Protect|p2a: Tentacruel
|-singleturn|p2a: Tentacruel|Protect
|move|p1a: Keldeo|Hidden Power|p2a: Tentacruel
|-activate|p2a: Tentacruel|Protect
|
|-weather|RainDance|[upkeep]
|-heal|p2a: Tentacruel|209/364|[from] ability: Rain Dish
|-heal|p2a: Tentacruel|231/364|[from] item: Leftovers
|turn|41
|join|cold21century
|
|move|p1a: Keldeo|Hidden Power|p2a: Tentacruel
|-supereffective|p2a: Tentacruel
|-damage|p2a: Tentacruel|75/364
|move|p2a: Tentacruel|Scald|p1a: Keldeo
|-resisted|p1a: Keldeo
|-damage|p1a: Keldeo|248/323
|
|-weather|RainDance|[upkeep]
|-heal|p2a: Tentacruel|97/364|[from] ability: Rain Dish
|-heal|p2a: Tentacruel|119/364|[from] item: Leftovers
|turn|42
|
|move|p2a: Tentacruel|Protect|p2a: Tentacruel
|-singleturn|p2a: Tentacruel|Protect
|move|p1a: Keldeo|Hidden Power|p2a: Tentacruel
|-activate|p2a: Tentacruel|Protect
|
|-weather|RainDance|[upkeep]
|-heal|p2a: Tentacruel|141/364|[from] ability: Rain Dish
|-heal|p2a: Tentacruel|163/364|[from] item: Leftovers
|turn|43
|chat|Princess Deluks917|gg
|-message|Princess Deluks917 forfeited.
|
|win|123jokesonme
|raw|Ladder updating...
|raw|123jokesonme's rating: 1419 &rarr; <strong>1450</strong><br />(+31 for winning)
|raw|Princess Deluks917's rating: 1618 &rarr; <strong>1588</strong><br />(-30 for losing)