|j|☆Pythagorean Python
|j|☆Darkortex
|t:|1598220727
|player|p1|Pythagorean Python|159|1479
|player|p2|Darkortex|1|1432
|teamsize|p1|6
|teamsize|p2|6
|gametype|singles
|gen|5
|tier|[Gen 5] OU
|rated|
|clearpoke
|poke|p1|Salamence, M|item
|poke|p1|Garchomp, M|item
|poke|p1|Meloetta|item
|poke|p1|Raikou|item
|poke|p1|Mienshao, F|item
|poke|p1|Jirachi|item
|poke|p2|Garchomp, M|item
|poke|p2|Dragonite, M|item
|poke|p2|Magnezone|item
|poke|p2|Latios, M|item
|poke|p2|Scizor, F|item
|poke|p2|Starmie|item
|rule|Species Clause: Limit one of each Pokémon
|rule|OHKO Clause: OHKO moves are banned
|rule|Moody Clause: Moody is banned
|rule|Evasion Moves Clause: Evasion moves are banned
|rule|Endless Battle Clause: Forcing endless battles is banned
|rule|HP Percentage Mod: HP is shown in percentages
|rule|Evasion Abilities Clause: Evasion abilities are banned
|rule|Baton Pass Clause: Limit one Baton Passer, can't pass Spe and other stats simultaneously
|rule|Sleep Clause: Sleep-inducing moves are banned
|rule|Swagger Clause: Swagger is banned
|teampreview
|inactive|Battle timer is ON: inactive players will automatically lose when time's up. (requested by Darkortex)
|
|t:|1598220739
|start
|switch|p1a: Jirachi|Jirachi|100/100
|switch|p2a: Garchomp|Garchomp, M|100/100
|turn|1
|
|t:|1598220743
|switch|p1a: Salamence|Salamence, M|100/100
|-ability|p1a: Salamence|Intimidate|boost
|-unboost|p2a: Garchomp|atk|1
|move|p2a: Garchomp|Stealth Rock|p1a: Salamence
|-sidestart|p1: Pythagorean Python|move: Stealth Rock
|
|upkeep
|turn|2
|
|t:|1598220746
|move|p2a: Garchomp|Swords Dance|p2a: Garchomp
|-boost|p2a: Garchomp|atk|2
|move|p1a: Salamence|Draco Meteor|p2a: Garchomp
|-supereffective|p2a: Garchomp
|-damage|p2a: Garchomp|0 fnt
|-unboost|p1a: Salamence|spa|2
|faint|p2a: Garchomp
|
|upkeep
|
|t:|1598220761
|switch|p2a: Scizor|Scizor, F|100/100
|turn|3
|
|t:|1598220767
|-activate|p1a: Salamence|move: Pursuit
|move|p2a: Scizor|Pursuit|p1a: Salamence|[from]Pursuit
|-damage|p1a: Salamence|45/100
|switch|p1a: Jirachi|Jirachi|100/100
|-damage|p1a: Jirachi|94/100|[from] Stealth Rock
|
|-heal|p1a: Jirachi|100/100|[from] item: Leftovers
|upkeep
|turn|4
|
|t:|1598220778
|switch|p2a: Latios|Latios, M|100/100
|move|p1a: Jirachi|Stealth Rock|p2a: Latios
|-sidestart|p2: Darkortex|move: Stealth Rock
|
|upkeep
|turn|5
|
|t:|1598220787
|move|p2a: Latios|Surf|p1a: Jirachi
|-damage|p1a: Jirachi|66/100
|move|p1a: Jirachi|Iron Head|p2a: Latios
|-damage|p2a: Latios|52/100
|
|-heal|p1a: Jirachi|72/100|[from] item: Leftovers
|upkeep
|turn|6
|
|t:|1598220805
|switch|p2a: Starmie|Starmie|100/100
|-damage|p2a: Starmie|88/100|[from] Stealth Rock
|move|p1a: Jirachi|Iron Head|p2a: Starmie
|-resisted|p2a: Starmie
|-damage|p2a: Starmie|64/100
|
|-heal|p1a: Jirachi|78/100|[from] item: Leftovers
|upkeep
|turn|7
|
|t:|1598220811
|move|p2a: Starmie|Rapid Spin|p1a: Jirachi
|-resisted|p1a: Jirachi
|-damage|p1a: Jirachi|76/100
|-sideend|p2: Darkortex|Stealth Rock|[from] move: Rapid Spin|[of] p2a: Starmie
|-damage|p2a: Starmie|54/100|[from] item: Life Orb
|move|p1a: Jirachi|Thunder Punch|p2a: Starmie
|-supereffective|p2a: Starmie
|-damage|p2a: Starmie|0 fnt
|faint|p2a: Starmie
|
|-heal|p1a: Jirachi|83/100|[from] item: Leftovers
|upkeep
|
|t:|1598220821
|switch|p2a: Dragonite|Dragonite, M|100/100
|turn|8
|j| Rain Deathless
|c| Rain Deathless|ayeeeee
|
|t:|1598220831
|switch|p1a: Salamence|Salamence, M|45/100
|-damage|p1a: Salamence|20/100|[from] Stealth Rock
|-ability|p1a: Salamence|Intimidate|boost
|-unboost|p2a: Dragonite|atk|1
|move|p2a: Dragonite|Dragon Dance|p2a: Dragonite
|-boost|p2a: Dragonite|atk|1
|-boost|p2a: Dragonite|spe|1
|
|upkeep
|turn|9
|c| Rain Deathless|python!
|c| Rain Deathless|:]
|
|t:|1598220842
|move|p2a: Dragonite|Dragon Dance|p2a: Dragonite
|-boost|p2a: Dragonite|atk|1
|-boost|p2a: Dragonite|spe|1
|move|p1a: Salamence|Draco Meteor|p2a: Dragonite
|-supereffective|p2a: Dragonite
|-damage|p2a: Dragonite|35/100
|-unboost|p1a: Salamence|spa|2
|
|upkeep
|turn|10
|c| Rain Deathless|its rain wuddup
|
|t:|1598220849
|move|p2a: Dragonite|Extreme Speed|p1a: Salamence
|-damage|p1a: Salamence|0 fnt
|faint|p1a: Salamence
|
|upkeep
|c| Rain Deathless|if you remember me
|
|t:|1598220857
|switch|p1a: Garchomp|Garchomp, M|100/100
|-damage|p1a: Garchomp|94/100|[from] Stealth Rock
|turn|11
|
|t:|1598220860
|move|p2a: Dragonite|Outrage|p1a: Garchomp
|-supereffective|p1a: Garchomp
|-damage|p1a: Garchomp|0 fnt
|-damage|p2a: Dragonite|23/100|[from] ability: Rough Skin|[of] p1a: Garchomp
|faint|p1a: Garchomp
|
|upkeep
|
|t:|1598220863
|switch|p1a: Jirachi|Jirachi|83/100
|-damage|p1a: Jirachi|76/100|[from] Stealth Rock
|turn|12
|
|t:|1598220867
|move|p2a: Dragonite|Outrage|p1a: Jirachi|[from]lockedmove
|-resisted|p1a: Jirachi
|-damage|p1a: Jirachi|24/100
|move|p1a: Jirachi|Iron Head|p2a: Dragonite
|-damage|p2a: Dragonite|0 fnt
|faint|p2a: Dragonite
|
|-heal|p1a: Jirachi|30/100|[from] item: Leftovers
|upkeep
|
|t:|1598220874
|switch|p2a: Latios|Latios, M|52/100
|turn|13
|
|t:|1598220876
|move|p2a: Latios|Surf|p1a: Jirachi
|-damage|p1a: Jirachi|0 fnt
|faint|p1a: Jirachi
|
|upkeep
|
|t:|1598220879
|switch|p1a: Meloetta|Meloetta|100/100
|-damage|p1a: Meloetta|88/100|[from] Stealth Rock
|turn|14
|
|t:|1598220887
|switch|p2a: Magnezone|Magnezone|100/100
|-item|p2a: Magnezone|Air Balloon
|move|p1a: Meloetta|Shadow Ball|p2a: Magnezone
|-resisted|p2a: Magnezone
|-damage|p2a: Magnezone|81/100
|-unboost|p2a: Magnezone|spd|1
|-enditem|p2a: Magnezone|Air Balloon
|
|-heal|p1a: Meloetta|94/100|[from] item: Leftovers
|upkeep
|turn|15
|
|t:|1598220894
|move|p1a: Meloetta|Focus Blast|p2a: Magnezone
|-supereffective|p2a: Magnezone
|-damage|p2a: Magnezone|0 fnt
|faint|p2a: Magnezone
|
|-heal|p1a: Meloetta|100/100|[from] item: Leftovers
|upkeep
|
|t:|1598220897
|switch|p2a: Scizor|Scizor, F|100/100
|turn|16
|
|t:|1598220907
|move|p1a: Meloetta|Focus Blast|p2a: Scizor
|-damage|p2a: Scizor|46/100
|move|p2a: Scizor|U-turn|p1a: Meloetta
|-supereffective|p1a: Meloetta
|-damage|p1a: Meloetta|0 fnt
|faint|p1a: Meloetta
|
|t:|1598220914
|switch|p2a: Latios|Latios, M|52/100|[from]move: U-turn
|
|upkeep
|
|t:|1598220918
|switch|p1a: Raikou|Raikou|100/100
|-damage|p1a: Raikou|88/100|[from] Stealth Rock
|-ability|p1a: Raikou|Pressure
|turn|17
|
|t:|1598220923
|move|p2a: Latios|Draco Meteor|p1a: Raikou
|-damage|p1a: Raikou|14/100
|-unboost|p2a: Latios|spa|2
|move|p1a: Raikou|Signal Beam|p2a: Latios
|-supereffective|p2a: Latios
|-damage|p2a: Latios|0 fnt
|faint|p2a: Latios
|
|upkeep
|
|t:|1598220929
|switch|p2a: Scizor|Scizor, F|46/100
|turn|18
|
|t:|1598220932
|move|p2a: Scizor|Bullet Punch|p1a: Raikou
|-resisted|p1a: Raikou
|-damage|p1a: Raikou|0 fnt
|faint|p1a: Raikou
|
|upkeep
|
|t:|1598220933
|switch|p1a: Mienshao|Mienshao, F|100/100
|-damage|p1a: Mienshao|95/100|[from] Stealth Rock
|turn|19
|
|t:|1598220938
|move|p2a: Scizor|Bullet Punch|p1a: Mienshao
|-damage|p1a: Mienshao|2/100
|move|p1a: Mienshao|High Jump Kick|p2a: Scizor
|-damage|p2a: Scizor|0 fnt
|faint|p2a: Scizor
|
|win|Pythagorean Python
|c|☆Pythagorean Python|gg
|l|☆Darkortex
|raw|Pythagorean Python's rating: 1464 &rarr; <strong>1481</strong><br />(+17 for winning)
|raw|Darkortex's rating: 1406 &rarr; <strong>1389</strong><br />(-17 for losing)
