|j|☆porrompompom
|j|☆Last Avalon
|player|p1|porrompompom|265|1604
|player|p2|Last Avalon|anabel-gen3|1390
|teamsize|p1|6
|teamsize|p2|6
|gametype|singles
|gen|5
|tier|[Gen 5] OU
|rated|
|clearpoke
|poke|p1|Tyranitar, F|item
|poke|p1|Reuniclus, M|item
|poke|p1|Ferrothorn, M|item
|poke|p1|Jellicent, M|item
|poke|p1|Heatran, F|item
|poke|p1|Latias, F|item
|poke|p2|Excadrill, F|item
|poke|p2|Terrakion|item
|poke|p2|Tyranitar, M|item
|poke|p2|Latios, M|item
|poke|p2|Landorus-Therian, M|item
|poke|p2|Jirachi|item
|rule|Species Clause: Limit one of each Pokémon
|rule|OHKO Clause: OHKO moves are banned
|rule|Moody Clause: Moody is banned
|rule|Evasion Moves Clause: Evasion moves are banned
|rule|Endless Battle Clause: Forcing endless battles is banned
|rule|HP Percentage Mod: HP is shown in percentages
|rule|Evasion Abilities Clause: Evasion abilities are banned
|rule|Baton Pass Clause: Limit one Baton Passer, can't pass Spe and other stats simultaneously
|rule|Sleep Clause: Sleep-inducing moves are banned
|rule|Swagger Clause: Swagger is banned
|teampreview
|inactive|Battle timer is ON: inactive players will automatically lose when time's up. (requested by Last Avalon)
|
|start
|switch|p1a: Latias|Latias, F|100/100
|switch|p2a: Tyranitar|Tyranitar, M|100/100
|-weather|Sandstorm|[from] ability: Sand Stream|[of] p2a: Tyranitar
|turn|1
|
|move|p1a: Latias|Trick|p2a: Tyranitar
|-activate|p1a: Latias|move: Trick|[of] p2a: Tyranitar
|-item|p2a: Tyranitar|Flame Orb|[from] move: Trick
|-item|p1a: Latias|Chople Berry|[from] move: Trick
|move|p2a: Tyranitar|Pursuit|p1a: Latias
|-supereffective|p1a: Latias
|-damage|p1a: Latias|58/100
|
|-weather|Sandstorm|[upkeep]
|-damage|p1a: Latias|52/100|[from] Sandstorm
|-status|p2a: Tyranitar|brn|[from] item: Flame Orb
|upkeep
|turn|2
|j| Otaku Ronny
|
|switch|p1a: Heatran|Heatran, F|100/100
|move|p2a: Tyranitar|Stealth Rock|p1a: Heatran
|-sidestart|p1: porrompompom|move: Stealth Rock
|
|-weather|Sandstorm|[upkeep]
|-damage|p2a: Tyranitar|88/100 brn|[from] brn
|upkeep
|turn|3
|l| Otaku Ronny
|
|switch|p2a: Terrakion|Terrakion|100/100
|move|p1a: Heatran|Will-O-Wisp|p2a: Terrakion
|-status|p2a: Terrakion|brn
|
|-weather|Sandstorm|[upkeep]
|-damage|p2a: Terrakion|88/100 brn|[from] brn
|upkeep
|turn|4
|
|switch|p1a: Jellicent|Jellicent, M|100/100
|-damage|p1a: Jellicent|88/100|[from] Stealth Rock
|move|p2a: Terrakion|Close Combat|p1a: Jellicent
|-immune|p1a: Jellicent
|
|-weather|Sandstorm|[upkeep]
|-damage|p1a: Jellicent|82/100|[from] Sandstorm
|-heal|p1a: Jellicent|88/100|[from] item: Leftovers
|-damage|p2a: Terrakion|76/100 brn|[from] brn
|upkeep
|turn|5
|
|move|p2a: Terrakion|Close Combat|p1a: Jellicent
|-immune|p1a: Jellicent
|move|p1a: Jellicent|Will-O-Wisp|p2a: Terrakion
|-fail|p2a: Terrakion|brn
|
|-weather|Sandstorm|[upkeep]
|-damage|p1a: Jellicent|82/100|[from] Sandstorm
|-heal|p1a: Jellicent|88/100|[from] item: Leftovers
|-damage|p2a: Terrakion|63/100 brn|[from] brn
|upkeep
|turn|6
|
|move|p2a: Terrakion|Close Combat|p1a: Jellicent
|-immune|p1a: Jellicent
|move|p1a: Jellicent|Scald|p2a: Terrakion
|-supereffective|p2a: Terrakion
|-damage|p2a: Terrakion|30/100 brn
|
|-weather|Sandstorm|[upkeep]
|-damage|p1a: Jellicent|82/100|[from] Sandstorm
|-heal|p1a: Jellicent|88/100|[from] item: Leftovers
|-damage|p2a: Terrakion|17/100 brn|[from] brn
|upkeep
|turn|7
|
|move|p2a: Terrakion|Close Combat|p1a: Jellicent
|-immune|p1a: Jellicent
|move|p1a: Jellicent|Recover|p1a: Jellicent
|-heal|p1a: Jellicent|100/100
|
|-weather|Sandstorm|[upkeep]
|-damage|p1a: Jellicent|94/100|[from] Sandstorm
|-heal|p1a: Jellicent|100/100|[from] item: Leftovers
|-damage|p2a: Terrakion|5/100 brn|[from] brn
|upkeep
|turn|8
|
|move|p2a: Terrakion|Close Combat|p1a: Jellicent
|-immune|p1a: Jellicent
|move|p1a: Jellicent|Scald|p2a: Terrakion
|-supereffective|p2a: Terrakion
|-damage|p2a: Terrakion|0 fnt
|faint|p2a: Terrakion
|
|-weather|Sandstorm|[upkeep]
|-damage|p1a: Jellicent|94/100|[from] Sandstorm
|-heal|p1a: Jellicent|100/100|[from] item: Leftovers
|upkeep
|
|switch|p2a: Jirachi|Jirachi|100/100
|turn|9
|
|switch|p1a: Heatran|Heatran, F|100/100
|-damage|p1a: Heatran|88/100|[from] Stealth Rock
|move|p2a: Jirachi|Thunderbolt|p1a: Heatran
|-damage|p1a: Heatran|66/100
|-status|p1a: Heatran|par
|
|-weather|Sandstorm|[upkeep]
|-heal|p1a: Heatran|72/100 par|[from] item: Leftovers
|upkeep
|turn|10
|
|move|p2a: Jirachi|Thunderbolt|p1a: Heatran
|-damage|p1a: Heatran|51/100 par
|move|p1a: Heatran|Magma Storm|p2a: Jirachi
|-supereffective|p2a: Jirachi
|-damage|p2a: Jirachi|0 fnt
|faint|p2a: Jirachi
|
|-weather|Sandstorm|[upkeep]
|-heal|p1a: Heatran|57/100 par|[from] item: Leftovers
|upkeep
|
|switch|p2a: Landorus|Landorus-Therian, M|100/100
|-ability|p2a: Landorus|Intimidate|boost
|-unboost|p1a: Heatran|atk|1
|turn|11
|
|move|p2a: Landorus|Swords Dance|p2a: Landorus
|-boost|p2a: Landorus|atk|2
|move|p1a: Heatran|Will-O-Wisp|p2a: Landorus
|-status|p2a: Landorus|brn
|
|-weather|Sandstorm|[upkeep]
|-heal|p1a: Heatran|64/100 par|[from] item: Leftovers
|-damage|p2a: Landorus|88/100 brn|[from] brn
|upkeep
|turn|12
|
|switch|p1a: Latias|Latias, F|52/100
|-damage|p1a: Latias|40/100|[from] Stealth Rock
|move|p2a: Landorus|Earthquake|p1a: Latias
|-immune|p1a: Latias|[from] ability: Levitate
|
|-weather|Sandstorm|[upkeep]
|-damage|p1a: Latias|34/100|[from] Sandstorm
|-heal|p2a: Landorus|94/100 brn|[from] item: Leftovers
|-damage|p2a: Landorus|82/100 brn|[from] brn
|upkeep
|turn|13
|
|move|p1a: Latias|Recover|p1a: Latias
|-heal|p1a: Latias|84/100
|move|p2a: Landorus|Rock Polish|p2a: Landorus
|-boost|p2a: Landorus|spe|2
|
|-weather|Sandstorm|[upkeep]
|-damage|p1a: Latias|78/100|[from] Sandstorm
|-heal|p2a: Landorus|88/100 brn|[from] item: Leftovers
|-damage|p2a: Landorus|75/100 brn|[from] brn
|upkeep
|turn|14
|
|move|p2a: Landorus|Swords Dance|p2a: Landorus
|-boost|p2a: Landorus|atk|2
|move|p1a: Latias|Draco Meteor|p2a: Landorus
|-damage|p2a: Landorus|0 fnt
|-unboost|p1a: Latias|spa|2
|faint|p2a: Landorus
|
|-weather|Sandstorm|[upkeep]
|-damage|p1a: Latias|72/100|[from] Sandstorm
|upkeep
|
|switch|p2a: Tyranitar|Tyranitar, M|88/100 brn
|turn|15
|
|-activate|p1a: Latias|move: Pursuit
|move|p2a: Tyranitar|Pursuit|p1a: Latias|[from]Pursuit
|-supereffective|p1a: Latias
|-damage|p1a: Latias|28/100
|switch|p1a: Heatran|Heatran, F|64/100 par
|-damage|p1a: Heatran|51/100 par|[from] Stealth Rock
|
|-weather|Sandstorm|[upkeep]
|-heal|p1a: Heatran|57/100 par|[from] item: Leftovers
|-damage|p2a: Tyranitar|76/100 brn|[from] brn
|upkeep
|turn|16
|
|move|p2a: Tyranitar|Ice Beam|p1a: Heatran
|-resisted|p1a: Heatran
|-crit|p1a: Heatran
|-damage|p1a: Heatran|50/100 par
|move|p1a: Heatran|Earth Power|p2a: Tyranitar
|-supereffective|p2a: Tyranitar
|-damage|p2a: Tyranitar|54/100 brn
|
|-weather|Sandstorm|[upkeep]
|-heal|p1a: Heatran|56/100 par|[from] item: Leftovers
|-damage|p2a: Tyranitar|42/100 brn|[from] brn
|upkeep
|turn|17
|
|switch|p2a: Latios|Latios, M|100/100
|cant|p1a: Heatran|par
|
|-weather|Sandstorm|[upkeep]
|-damage|p2a: Latios|95/100|[from] Sandstorm
|-heal|p1a: Heatran|62/100 par|[from] item: Leftovers
|upkeep
|turn|18
|
|switch|p2a: Excadrill|Excadrill, F|100/100
|-ability|p2a: Excadrill|Mold Breaker
|switch|p1a: Ferrothorn|Ferrothorn, M|100/100
|-damage|p1a: Ferrothorn|95/100|[from] Stealth Rock
|
|-weather|Sandstorm|[upkeep]
|-heal|p1a: Ferrothorn|100/100|[from] item: Leftovers
|upkeep
|turn|19
|
|switch|p2a: Tyranitar|Tyranitar, M|42/100 brn
|move|p1a: Ferrothorn|Power Whip|p2a: Tyranitar
|-supereffective|p2a: Tyranitar
|-damage|p2a: Tyranitar|0 fnt
|faint|p2a: Tyranitar
|
|-weather|Sandstorm|[upkeep]
|upkeep
|
|switch|p2a: Excadrill|Excadrill, F|100/100
|-ability|p2a: Excadrill|Mold Breaker
|turn|20
|
|move|p2a: Excadrill|Earthquake|p1a: Ferrothorn
|-damage|p1a: Ferrothorn|62/100
|move|p1a: Ferrothorn|Power Whip|p2a: Excadrill
|-damage|p2a: Excadrill|46/100
|
|-weather|Sandstorm|[upkeep]
|-heal|p1a: Ferrothorn|68/100|[from] item: Leftovers
|upkeep
|turn|21
|
|move|p2a: Excadrill|Earthquake|p1a: Ferrothorn
|-damage|p1a: Ferrothorn|29/100
|move|p1a: Ferrothorn|Power Whip|p2a: Excadrill
|-damage|p2a: Excadrill|0 fnt
|faint|p2a: Excadrill
|
|-weather|Sandstorm|[upkeep]
|-heal|p1a: Ferrothorn|35/100|[from] item: Leftovers
|upkeep
|
|switch|p2a: Latios|Latios, M|95/100
|turn|22
|-message|Last Avalon forfeited.
|
|win|porrompompom
|l|☆Last Avalon
|raw|porrompompom's rating: 1604 &rarr; <strong>1613</strong><br />(+9 for winning)
|raw|Last Avalon's rating: 1390 &rarr; <strong>1381</strong><br />(-9 for losing)
