|j|☆Af Asho
|j|☆tokiiiiiiii
|player|p1|Af Asho|167
|player|p2|tokiiiiiiii|28
|teamsize|p1|6
|teamsize|p2|6
|gametype|singles
|gen|5
|tier|[Gen 5] OU
|rated|
|rule|Sleep Clause Mod: Limit one foe put to sleep
|rule|Species Clause: Limit one of each Pokémon
|rule|OHKO Clause: OHKO moves are banned
|rule|Moody Clause: Moody is banned
|rule|Evasion Moves Clause: Evasion moves are banned
|rule|Endless Battle Clause: Forcing endless battles is banned
|rule|HP Percentage Mod: HP is shown in percentages
|rule|Evasion Abilities Clause: Evasion abilities are banned
|rule|Baton Pass Clause: Limit one Baton Passer, can't pass Spe and other stats simultaneously
|rule|Swagger Clause: Swagger is banned
|clearpoke
|poke|p1|Scizor, M|item
|poke|p1|Garchomp, M|item
|poke|p1|Magnezone|item
|poke|p1|Dragonite, M|item
|poke|p1|Xatu, M|item
|poke|p1|Rotom-Wash|item
|poke|p2|Jirachi|item
|poke|p2|Donphan, F|item
|poke|p2|Haxorus, M|item
|poke|p2|Porygon2|item
|poke|p2|Ninetales, F|item
|poke|p2|Volcarona, F|item
|teampreview
|c|☆tokiiiiiiii|gl hf
|inactive|Battle timer is ON: inactive players will automatically lose when time's up. (requested by Af Asho)
|
|start
|switch|p1a: Dragonite|Dragonite, M|100/100
|switch|p2a: PC-98|Jirachi|100/100
|turn|1
|
|move|p2a: PC-98|Psychic|p1a: Dragonite
|-damage|p1a: Dragonite|79/100
|move|p1a: Dragonite|Dragon Dance|p1a: Dragonite
|-boost|p1a: Dragonite|atk|1
|-boost|p1a: Dragonite|spe|1
|
|upkeep
|turn|2
|inactive|tokiiiiiiii has 135 seconds left.
|
|switch|p2a: Free BASIC|Porygon2|100/100
|-ability|p2a: Free BASIC|Multiscale|[from] ability: Trace|[of] p1a: Dragonite
|move|p1a: Dragonite|Fire Punch|p2a: Free BASIC
|-damage|p2a: Free BASIC|87/100
|
|upkeep
|turn|3
|
|move|p1a: Dragonite|Outrage|p2a: Free BASIC
|-damage|p2a: Free BASIC|16/100
|move|p2a: Free BASIC|Ice Beam|p1a: Dragonite
|-supereffective|p1a: Dragonite
|-damage|p1a: Dragonite|0 fnt
|faint|p1a: Dragonite
|
|upkeep
|
|switch|p1a: Scizor|Scizor, M|100/100
|turn|4
|
|-activate|p2a: Free BASIC|move: Pursuit
|move|p1a: Scizor|Pursuit|p2a: Free BASIC|[from]Pursuit
|-damage|p2a: Free BASIC|0 fnt
|faint|p2a: Free BASIC
|
|upkeep
|
|switch|p2a: Heartbreak|Ninetales, F|100/100
|-weather|SunnyDay|[from] ability: Drought|[of] p2a: Heartbreak
|-item|p2a: Heartbreak|Air Balloon
|turn|5
|inactive|Af Asho has 135 seconds left.
|
|switch|p1a: Garchomp|Garchomp, M|100/100
|move|p2a: Heartbreak|Solar Beam|p1a: Garchomp|[still]
|-prepare|p2a: Heartbreak|Solar Beam|p1a: Garchomp
|-anim|p2a: Heartbreak|Solar Beam|p1a: Garchomp
|-damage|p1a: Garchomp|67/100
|
|-weather|SunnyDay|[upkeep]
|upkeep
|turn|6
|
|move|p1a: Garchomp|Outrage|p2a: Heartbreak
|-damage|p2a: Heartbreak|5/100
|-enditem|p2a: Heartbreak|Air Balloon
|move|p2a: Heartbreak|Hidden Power|p1a: Garchomp
|-supereffective|p1a: Garchomp
|-enditem|p1a: Garchomp|Yache Berry|[eat]
|-enditem|p1a: Garchomp|Yache Berry|[weaken]
|-damage|p1a: Garchomp|29/100
|
|-weather|SunnyDay|[upkeep]
|upkeep
|turn|7
|
|move|p1a: Garchomp|Outrage|p2a: Heartbreak|[from]lockedmove
|-damage|p2a: Heartbreak|0 fnt
|-start|p1a: Garchomp|confusion|[fatigue]
|faint|p2a: Heartbreak
|
|-weather|SunnyDay|[upkeep]
|upkeep
|
|switch|p2a: assembler|Donphan, F|100/100
|turn|8
|
|-activate|p1a: Garchomp|confusion
|move|p1a: Garchomp|Outrage|p2a: assembler
|-damage|p2a: assembler|67/100
|move|p2a: assembler|Stealth Rock|p1a: Garchomp
|-sidestart|p1: Af Asho|move: Stealth Rock
|
|-weather|SunnyDay|[upkeep]
|-heal|p2a: assembler|74/100|[from] item: Leftovers
|upkeep
|turn|9
|
|move|p2a: assembler|Ice Shard|p1a: Garchomp
|-supereffective|p1a: Garchomp
|-damage|p1a: Garchomp|0 fnt
|faint|p1a: Garchomp
|
|-weather|SunnyDay|[upkeep]
|-heal|p2a: assembler|80/100|[from] item: Leftovers
|upkeep
|
|switch|p1a: Rotom|Rotom-Wash|100/100
|-damage|p1a: Rotom|88/100|[from] Stealth Rock
|turn|10
|
|switch|p2a: PC-98|Jirachi|100/100
|move|p1a: Rotom|Volt Switch|p2a: PC-98
|-damage|p2a: PC-98|65/100
|
|switch|p1a: Scizor|Scizor, M|100/100
|-damage|p1a: Scizor|88/100|[from] Stealth Rock
|
|-weather|SunnyDay|[upkeep]
|upkeep
|turn|11
|
|switch|p1a: Rotom|Rotom-Wash|88/100
|-damage|p1a: Rotom|76/100|[from] Stealth Rock
|move|p2a: PC-98|Calm Mind|p2a: PC-98
|-boost|p2a: PC-98|spa|1
|-boost|p2a: PC-98|spd|1
|
|-weather|SunnyDay|[upkeep]
|upkeep
|turn|12
|
|move|p1a: Rotom|Hydro Pump|p2a: PC-98|[miss]
|-miss|p1a: Rotom|p2a: PC-98
|move|p2a: PC-98|Psychic|p1a: Rotom
|-damage|p1a: Rotom|0 fnt
|faint|p1a: Rotom
|
|-weather|SunnyDay|[upkeep]
|upkeep
|
|switch|p1a: Xatu|Xatu, M|100/100
|-damage|p1a: Xatu|76/100|[from] Stealth Rock
|turn|13
|
|move|p2a: PC-98|Thunder|p1a: Xatu|[miss]
|-miss|p2a: PC-98|p1a: Xatu
|move|p1a: Xatu|Thunder Wave|p2a: PC-98
|-status|p2a: PC-98|par
|
|-weather|SunnyDay|[upkeep]
|-heal|p1a: Xatu|82/100|[from] item: Leftovers
|upkeep
|turn|14
|
|move|p1a: Xatu|Heat Wave|p2a: PC-98
|-supereffective|p2a: PC-98
|-damage|p2a: PC-98|21/100 par
|cant|p2a: PC-98|par
|
|-weather|SunnyDay|[upkeep]
|-heal|p1a: Xatu|88/100|[from] item: Leftovers
|upkeep
|turn|15
|
|move|p1a: Xatu|Heat Wave|p2a: PC-98
|-supereffective|p2a: PC-98
|-damage|p2a: PC-98|0 fnt
|faint|p2a: PC-98
|
|-weather|SunnyDay|[upkeep]
|-heal|p1a: Xatu|94/100|[from] item: Leftovers
|upkeep
|
|switch|p2a: JAPH|Haxorus, M|100/100
|-ability|p2a: JAPH|Mold Breaker
|turn|16
|
|move|p2a: JAPH|Dragon Dance|p2a: JAPH
|-boost|p2a: JAPH|atk|1
|-boost|p2a: JAPH|spe|1
|move|p1a: Xatu|Thunder Wave|p2a: JAPH
|-status|p2a: JAPH|par
|-enditem|p2a: JAPH|Lum Berry|[eat]
|-curestatus|p2a: JAPH|par|[msg]
|
|-weather|SunnyDay|[upkeep]
|-heal|p1a: Xatu|99/100|[from] item: Leftovers
|upkeep
|turn|17
|
|move|p2a: JAPH|Outrage|p1a: Xatu
|-crit|p1a: Xatu
|-damage|p1a: Xatu|0 fnt
|faint|p1a: Xatu
|
|-weather|SunnyDay|[upkeep]
|upkeep
|
|switch|p1a: Magnezone|Magnezone|100/100
|-damage|p1a: Magnezone|94/100|[from] Stealth Rock
|turn|18
|
|move|p2a: JAPH|Outrage|p1a: Magnezone|[from]lockedmove
|-resisted|p1a: Magnezone
|-damage|p1a: Magnezone|35/100
|-start|p2a: JAPH|confusion|[fatigue]
|move|p1a: Magnezone|Flash Cannon|p2a: JAPH
|-damage|p2a: JAPH|45/100
|
|-weather|SunnyDay|[upkeep]
|upkeep
|turn|19
|
|switch|p1a: Scizor|Scizor, M|88/100
|-damage|p1a: Scizor|75/100|[from] Stealth Rock
|-activate|p2a: JAPH|confusion
|-damage|p2a: JAPH|11/100|[from] confusion
|
|-weather|SunnyDay|[upkeep]
|upkeep
|turn|20
|
|-activate|p2a: JAPH|confusion
|-damage|p2a: JAPH|0 fnt|[from] confusion
|faint|p2a: JAPH
|move|p1a: Scizor|U-turn|p2: JAPH|[notarget]
|-notarget
|
|-weather|SunnyDay|[upkeep]
|upkeep
|
|switch|p2a: .flow|Volcarona, F|100/100
|turn|21
|
|move|p2a: .flow|Flamethrower|p1a: Scizor
|-supereffective|p1a: Scizor
|-damage|p1a: Scizor|0 fnt
|faint|p1a: Scizor
|
|-weather|SunnyDay|[upkeep]
|upkeep
|
|switch|p1a: Magnezone|Magnezone|35/100
|-damage|p1a: Magnezone|29/100|[from] Stealth Rock
|turn|22
|
|move|p1a: Magnezone|Thunderbolt|p2a: .flow
|-damage|p2a: .flow|50/100
|move|p2a: .flow|Flamethrower|p1a: Magnezone
|-supereffective|p1a: Magnezone
|-damage|p1a: Magnezone|0 fnt
|faint|p1a: Magnezone
|
|win|tokiiiiiiii
|raw|Af Asho's rating: 1392 &rarr; <strong>1373</strong><br />(-19 for losing)
|raw|tokiiiiiiii's rating: 1406 &rarr; <strong>1425</strong><br />(+19 for winning)
|c|☆tokiiiiiiii|gg wp
|l|☆Af Asho
