|j|☆egg warrior
|j|☆gartial112
|t:|1749873139
|gametype|singles
|player|p1|egg warrior|phoebe-gen6|1359
|player|p2|gartial112|170|1384
|teamsize|p1|6
|teamsize|p2|6
|gen|5
|tier|[Gen 5] OU
|rated|
|rule|Species Clause: Limit one of each Pokémon
|rule|OHKO Clause: OHKO moves are banned
|rule|Moody Clause: Moody is banned
|rule|Evasion Items Clause: Evasion items are banned
|rule|Evasion Moves Clause: Evasion moves are banned
|rule|Endless Battle Clause: Forcing endless battles is banned
|rule|HP Percentage Mod: HP is shown in percentages
|rule|Evasion Abilities Clause: Evasion abilities are banned
|rule|Sleep Moves Clause: Sleep-inducing moves are banned
|rule|Swagger Clause: Swagger is banned
|rule|Baton Pass Stat Clause: No Baton Passer may have a way to boost its stats
|clearpoke
|poke|p1|Ferrothorn, F|item
|poke|p1|Garchomp, M|item
|poke|p1|Starmie|item
|poke|p1|Mamoswine, F|item
|poke|p1|Dragonite, M|item
|poke|p1|Magnezone|item
|poke|p2|Keldeo|item
|poke|p2|Ferrothorn, M|item
|poke|p2|Latios, M|item
|poke|p2|Politoed, F|item
|poke|p2|Tentacruel, M|item
|poke|p2|Scizor, M|item
|teampreview
|
|t:|1749873152
|start
|switch|p1a: Dragonite|Dragonite, M|100/100
|switch|p2a: Politoed|Politoed, F|100/100
|-weather|RainDance|[from] ability: Drizzle|[of] p2a: Politoed
|turn|1
|inactive|Battle timer is ON: inactive players will automatically lose when time's up. (requested by gartial112)
|
|t:|1749873155
|switch|p1a: Ferrothorn|Ferrothorn, F|100/100
|move|p2a: Politoed|Ice Beam|p1a: Ferrothorn
|-damage|p1a: Ferrothorn|71/100
|
|-weather|RainDance|[upkeep]
|upkeep
|turn|2
|
|t:|1749873163
|switch|p2a: Ferrothorn|Ferrothorn, M|100/100
|move|p1a: Ferrothorn|Stealth Rock|p2a: Ferrothorn
|-sidestart|p2: gartial112|move: Stealth Rock
|
|-weather|RainDance|[upkeep]
|upkeep
|turn|3
|
|t:|1749873168
|move|p1a: Ferrothorn|Spikes|p2a: Ferrothorn
|-sidestart|p2: gartial112|Spikes
|move|p2a: Ferrothorn|Stealth Rock|p1a: Ferrothorn
|-sidestart|p1: egg warrior|move: Stealth Rock
|
|-weather|RainDance|[upkeep]
|upkeep
|turn|4
|
|t:|1749873190
|switch|p1a: Magnezone|Magnezone|100/100
|-damage|p1a: Magnezone|94/100|[from] Stealth Rock
|switch|p2a: Scizor|Scizor, M|100/100
|-damage|p2a: Scizor|88/100|[from] Stealth Rock
|-damage|p2a: Scizor|76/100|[from] Spikes
|
|-weather|RainDance|[upkeep]
|upkeep
|turn|5
|
|t:|1749873199
|move|p1a: Magnezone|Hidden Power|p2a: Scizor
|-supereffective|p2a: Scizor
|-damage|p2a: Scizor|15/100
|move|p2a: Scizor|Superpower|p1a: Magnezone
|-supereffective|p1a: Magnezone
|-enditem|p1a: Magnezone|Chople Berry|[eat]
|-enditem|p1a: Magnezone|Chople Berry|[weaken]
|-damage|p1a: Magnezone|27/100
|-unboost|p2a: Scizor|atk|1
|-unboost|p2a: Scizor|def|1
|
|-weather|RainDance|[upkeep]
|upkeep
|turn|6
|
|t:|1749873206
|move|p1a: Magnezone|Hidden Power|p2a: Scizor
|-supereffective|p2a: Scizor
|-crit|p2a: Scizor
|-damage|p2a: Scizor|0 fnt
|faint|p2a: Scizor
|
|-weather|RainDance|[upkeep]
|upkeep
|
|t:|1749873220
|switch|p2a: Keldeo|Keldeo|100/100
|-damage|p2a: Keldeo|94/100|[from] Stealth Rock
|-damage|p2a: Keldeo|82/100|[from] Spikes
|turn|7
|
|t:|1749873224
|move|p2a: Keldeo|Secret Sword|p1a: Magnezone
|-supereffective|p1a: Magnezone
|-damage|p1a: Magnezone|0 fnt
|faint|p1a: Magnezone
|
|-weather|RainDance|[upkeep]
|-heal|p2a: Keldeo|88/100|[from] item: Leftovers
|upkeep
|
|t:|1749873226
|switch|p1a: Starmie|Starmie|100/100
|-damage|p1a: Starmie|88/100|[from] Stealth Rock
|-item|p1a: Starmie|Air Balloon
|turn|8
|
|t:|1749873236
|switch|p2a: Ferrothorn|Ferrothorn, M|100/100
|-damage|p2a: Ferrothorn|94/100|[from] Stealth Rock
|-damage|p2a: Ferrothorn|82/100|[from] Spikes
|move|p1a: Starmie|Thunder|p2a: Ferrothorn
|-resisted|p2a: Ferrothorn
|-damage|p2a: Ferrothorn|63/100
|
|-weather|RainDance|[upkeep]
|upkeep
|turn|9
|
|t:|1749873254
|switch|p1a: Ferrothorn|Ferrothorn, F|71/100
|-damage|p1a: Ferrothorn|64/100|[from] Stealth Rock
|switch|p2a: Keldeo|Keldeo|88/100
|-damage|p2a: Keldeo|82/100|[from] Stealth Rock
|-damage|p2a: Keldeo|70/100|[from] Spikes
|
|-weather|RainDance|[upkeep]
|-heal|p2a: Keldeo|76/100|[from] item: Leftovers
|upkeep
|turn|10
|inactive|egg warrior has 120 seconds left.
|
|t:|1749873288
|switch|p1a: Garchomp|Garchomp, M|100/100
|-damage|p1a: Garchomp|94/100|[from] Stealth Rock
|move|p2a: Keldeo|Secret Sword|p1a: Garchomp
|-damage|p1a: Garchomp|49/100
|
|-weather|RainDance|[upkeep]
|-heal|p2a: Keldeo|82/100|[from] item: Leftovers
|upkeep
|turn|11
|
|t:|1749873296
|move|p2a: Keldeo|Icy Wind|p1a: Garchomp|[miss]
|-miss|p2a: Keldeo|p1a: Garchomp
|move|p1a: Garchomp|Outrage|p2a: Keldeo
|-damage|p2a: Keldeo|9/100
|
|-weather|RainDance|[upkeep]
|-heal|p2a: Keldeo|15/100|[from] item: Leftovers
|upkeep
|turn|12
|
|t:|1749873298
|move|p2a: Keldeo|Icy Wind|p1a: Garchomp|[miss]
|-miss|p2a: Keldeo|p1a: Garchomp
|move|p1a: Garchomp|Outrage|p2a: Keldeo|[from] lockedmove
|-damage|p2a: Keldeo|0 fnt
|faint|p2a: Keldeo
|-start|p1a: Garchomp|confusion|[fatigue]
|
|-weather|RainDance|[upkeep]
|upkeep
|c|☆gartial112|bro
|-message|gartial112 forfeited.
|
|win|egg warrior
|raw|egg warrior's rating: 1359 &rarr; <strong>1380</strong><br />(+21 for winning)
|raw|gartial112's rating: 1384 &rarr; <strong>1363</strong><br />(-21 for losing)
|l|☆gartial112
|player|p2|
