|j|☆Clawdia Chauchat
|j|☆bronzongsunderbell
|t:|1747581276
|gametype|singles
|player|p1|Clawdia Chauchat|winona|1398
|player|p2|bronzongsunderbell|1|1444
|teamsize|p1|6
|teamsize|p2|6
|gen|5
|tier|[Gen 5] OU
|rated|
|rule|Species Clause: Limit one of each Pokémon
|rule|OHKO Clause: OHKO moves are banned
|rule|Moody Clause: Moody is banned
|rule|Evasion Items Clause: Evasion items are banned
|rule|Evasion Moves Clause: Evasion moves are banned
|rule|Endless Battle Clause: Forcing endless battles is banned
|rule|HP Percentage Mod: HP is shown in percentages
|rule|Evasion Abilities Clause: Evasion abilities are banned
|rule|Sleep Moves Clause: Sleep-inducing moves are banned
|rule|Swagger Clause: Swagger is banned
|rule|Baton Pass Stat Clause: No Baton Passer may have a way to boost its stats
|clearpoke
|poke|p1|Tyranitar, M|item
|poke|p1|Donphan, F|item
|poke|p1|Celebi|item
|poke|p1|Magnezone|item
|poke|p1|Garchomp, M|item
|poke|p1|Jirachi|item
|poke|p2|Abomasnow, M|item
|poke|p2|Chandelure, F|item
|poke|p2|Forretress, L99, F|item
|poke|p2|Jellicent, F|item
|poke|p2|Conkeldurr, F|item
|poke|p2|Reuniclus, M|item
|teampreview
|
|t:|1747581303
|start
|switch|p1a: Jirachi|Jirachi|100/100
|switch|p2a: Forretress|Forretress, L99, F|100/100
|turn|1
|inactive|Battle timer is ON: inactive players will automatically lose when time's up. (requested by Clawdia Chauchat)
|
|t:|1747581312
|move|p1a: Jirachi|U-turn|p2a: Forretress
|-resisted|p2a: Forretress
|-damage|p2a: Forretress|95/100
|
|t:|1747581315
|switch|p1a: Magnezone|Magnezone|100/100|[from] U-turn
|move|p2a: Forretress|Volt Switch|p1a: Magnezone
|-resisted|p1a: Magnezone
|-damage|p1a: Magnezone|94/100
|
|t:|1747581323
|switch|p2a: Conkeldurr|Conkeldurr, F|100/100|[from] Volt Switch
|
|upkeep
|turn|2
|
|t:|1747581332
|switch|p1a: Celebi|Celebi|100/100
|move|p2a: Conkeldurr|Payback|p1a: Celebi
|-supereffective|p1a: Celebi
|-damage|p1a: Celebi|53/100
|-damage|p2a: Conkeldurr|91/100|[from] item: Life Orb
|
|-heal|p1a: Celebi|59/100|[from] item: Leftovers
|upkeep
|turn|3
|
|t:|1747581347
|switch|p2a: Forretress|Forretress, L99, F|95/100
|move|p1a: Celebi|Psychic|p2a: Forretress
|-resisted|p2a: Forretress
|-damage|p2a: Forretress|79/100
|
|-heal|p1a: Celebi|65/100|[from] item: Leftovers
|upkeep
|turn|4
|
|t:|1747581350
|switch|p1a: Magnezone|Magnezone|94/100
|move|p2a: Forretress|Stealth Rock|p1a: Magnezone
|-sidestart|p1: Clawdia Chauchat|move: Stealth Rock
|
|upkeep
|turn|5
|
|t:|1747581353
|move|p1a: Magnezone|Thunderbolt|p2a: Forretress
|-damage|p2a: Forretress|33/100
|move|p2a: Forretress|Spikes|p1a: Magnezone
|-sidestart|p1: Clawdia Chauchat|Spikes
|
|upkeep
|turn|6
|
|t:|1747581361
|move|p1a: Magnezone|Substitute|p1a: Magnezone
|-start|p1a: Magnezone|Substitute
|-damage|p1a: Magnezone|69/100
|move|p2a: Forretress|Spikes|p1a: Magnezone
|-sidestart|p1: Clawdia Chauchat|Spikes
|
|upkeep
|turn|7
|
|t:|1747581363
|move|p1a: Magnezone|Thunderbolt|p2a: Forretress
|-damage|p2a: Forretress|0 fnt
|faint|p2a: Forretress
|
|upkeep
|
|t:|1747581377
|switch|p2a: Conkeldurr|Conkeldurr, F|91/100
|turn|8
|
|t:|1747581382
|move|p1a: Magnezone|Thunderbolt|p2a: Conkeldurr
|-damage|p2a: Conkeldurr|39/100
|move|p2a: Conkeldurr|Drain Punch|p1a: Magnezone
|-supereffective|p1a: Magnezone
|-end|p1a: Magnezone|Substitute
|-heal|p2a: Conkeldurr|49/100|[from] drain|[of] p1a: Magnezone
|-damage|p2a: Conkeldurr|39/100|[from] item: Life Orb
|
|upkeep
|turn|9
|
|t:|1747581385
|move|p2a: Conkeldurr|Mach Punch|p1a: Magnezone
|-supereffective|p1a: Magnezone
|-crit|p1a: Magnezone
|-damage|p1a: Magnezone|0 fnt
|faint|p1a: Magnezone
|-damage|p2a: Conkeldurr|29/100|[from] item: Life Orb
|
|upkeep
|
|t:|1747581389
|switch|p1a: Celebi|Celebi|65/100
|-damage|p1a: Celebi|53/100|[from] Stealth Rock
|-damage|p1a: Celebi|36/100|[from] Spikes
|turn|10
|
|t:|1747581395
|switch|p2a: Reuniclus|Reuniclus, M|100/100
|move|p1a: Celebi|Psychic|p2a: Reuniclus
|-resisted|p2a: Reuniclus
|-damage|p2a: Reuniclus|87/100
|
|-heal|p1a: Celebi|43/100|[from] item: Leftovers
|upkeep
|turn|11
|
|t:|1747581398
|switch|p1a: Donphan|Donphan, F|100/100
|-damage|p1a: Donphan|94/100|[from] Stealth Rock
|-damage|p1a: Donphan|78/100|[from] Spikes
|move|p2a: Reuniclus|Trick Room|p2a: Reuniclus
|-fieldstart|move: Trick Room|[of] p2a: Reuniclus
|
|-heal|p1a: Donphan|84/100|[from] item: Leftovers
|upkeep
|turn|12
|
|t:|1747581403
|switch|p2a: Jellicent|Jellicent, F|100/100
|-item|p2a: Jellicent|Air Balloon
|move|p1a: Donphan|Rapid Spin|p2a: Jellicent
|-immune|p2a: Jellicent
|
|-heal|p1a: Donphan|90/100|[from] item: Leftovers
|upkeep
|turn|13
|
|t:|1747581412
|move|p2a: Jellicent|Will-O-Wisp|p1a: Donphan
|-status|p1a: Donphan|brn
|move|p1a: Donphan|Stealth Rock|p2a: Jellicent
|-sidestart|p2: bronzongsunderbell|move: Stealth Rock
|
|-heal|p1a: Donphan|96/100 brn|[from] item: Leftovers
|-damage|p1a: Donphan|84/100 brn|[from] brn
|upkeep
|turn|14
|
|t:|1747581421
|move|p1a: Donphan|Ice Shard|p2a: Jellicent
|-resisted|p2a: Jellicent
|-damage|p2a: Jellicent|98/100
|-enditem|p2a: Jellicent|Air Balloon
|move|p2a: Jellicent|Will-O-Wisp|p1a: Donphan
|-fail|p1a: Donphan|brn
|
|-heal|p1a: Donphan|90/100 brn|[from] item: Leftovers
|-damage|p1a: Donphan|78/100 brn|[from] brn
|upkeep
|turn|15
|
|t:|1747581435
|move|p2a: Jellicent|Will-O-Wisp|p1a: Donphan
|-fail|p1a: Donphan|brn
|move|p1a: Donphan|Earthquake|p2a: Jellicent
|-damage|p2a: Jellicent|78/100
|
|-heal|p1a: Donphan|84/100 brn|[from] item: Leftovers
|-damage|p1a: Donphan|71/100 brn|[from] brn
|-fieldend|move: Trick Room
|upkeep
|turn|16
|
|t:|1747581441
|move|p1a: Donphan|Earthquake|p2a: Jellicent
|-damage|p2a: Jellicent|60/100
|move|p2a: Jellicent|Trick Room|p2a: Jellicent
|-fieldstart|move: Trick Room|[of] p2a: Jellicent
|
|-heal|p1a: Donphan|78/100 brn|[from] item: Leftovers
|-damage|p1a: Donphan|65/100 brn|[from] brn
|upkeep
|turn|17
|
|t:|1747581443
|move|p2a: Jellicent|Recover|p2a: Jellicent
|-heal|p2a: Jellicent|100/100
|move|p1a: Donphan|Earthquake|p2a: Jellicent
|-damage|p2a: Jellicent|82/100
|
|-heal|p1a: Donphan|71/100 brn|[from] item: Leftovers
|-damage|p1a: Donphan|59/100 brn|[from] brn
|upkeep
|turn|18
|
|t:|1747581445
|move|p2a: Jellicent|Will-O-Wisp|p1a: Donphan
|-fail|p1a: Donphan|brn
|move|p1a: Donphan|Earthquake|p2a: Jellicent
|-damage|p2a: Jellicent|60/100
|
|-heal|p1a: Donphan|65/100 brn|[from] item: Leftovers
|-damage|p1a: Donphan|53/100 brn|[from] brn
|upkeep
|turn|19
|
|t:|1747581447
|move|p2a: Jellicent|Recover|p2a: Jellicent
|-heal|p2a: Jellicent|100/100
|move|p1a: Donphan|Earthquake|p2a: Jellicent
|-damage|p2a: Jellicent|79/100
|
|-heal|p1a: Donphan|59/100 brn|[from] item: Leftovers
|-damage|p1a: Donphan|46/100 brn|[from] brn
|upkeep
|turn|20
|
|t:|1747581451
|switch|p1a: Celebi|Celebi|43/100
|-damage|p1a: Celebi|30/100|[from] Stealth Rock
|-damage|p1a: Celebi|14/100|[from] Spikes
|move|p2a: Jellicent|Will-O-Wisp|p1a: Celebi
|-status|p1a: Celebi|brn
|
|-heal|p1a: Celebi|20/100 brn|[from] item: Leftovers
|-damage|p1a: Celebi|7/100 brn|[from] brn
|-fieldend|move: Trick Room
|upkeep
|turn|21
|
|t:|1747581456
|move|p1a: Celebi|Recover|p1a: Celebi
|-heal|p1a: Celebi|57/100 brn
|move|p2a: Jellicent|Trick Room|p2a: Jellicent
|-fieldstart|move: Trick Room|[of] p2a: Jellicent
|
|-heal|p1a: Celebi|64/100 brn|[from] item: Leftovers
|-damage|p1a: Celebi|51/100 brn|[from] brn
|upkeep
|turn|22
|
|t:|1747581476
|switch|p2a: Abomasnow|Abomasnow, M|100/100
|-damage|p2a: Abomasnow|76/100|[from] Stealth Rock
|-weather|Hail|[from] ability: Snow Warning|[of] p2a: Abomasnow
|move|p1a: Celebi|Recover|p1a: Celebi
|-heal|p1a: Celebi|100/100 brn
|
|-weather|Hail|[upkeep]
|-damage|p1a: Celebi|94/100 brn|[from] Hail
|-heal|p1a: Celebi|100/100 brn|[from] item: Leftovers
|-damage|p1a: Celebi|88/100 brn|[from] brn
|upkeep
|turn|23
|
|t:|1747581482
|-curestatus|p1a: Celebi|brn|[from] ability: Natural Cure
|switch|p1a: Donphan|Donphan, F|46/100 brn
|-damage|p1a: Donphan|40/100 brn|[from] Stealth Rock
|-damage|p1a: Donphan|23/100 brn|[from] Spikes
|move|p2a: Abomasnow|Blizzard|p1a: Donphan
|-supereffective|p1a: Donphan
|-damage|p1a: Donphan|0 fnt
|faint|p1a: Donphan
|-damage|p2a: Abomasnow|66/100|[from] item: Life Orb
|
|-weather|Hail|[upkeep]
|upkeep
|
|t:|1747581488
|switch|p1a: Jirachi|Jirachi|100/100
|-damage|p1a: Jirachi|94/100|[from] Stealth Rock
|-damage|p1a: Jirachi|78/100|[from] Spikes
|turn|24
|
|t:|1747581490
|move|p2a: Abomasnow|Earthquake|p1a: Jirachi
|-supereffective|p1a: Jirachi
|-damage|p1a: Jirachi|17/100
|-damage|p2a: Abomasnow|56/100|[from] item: Life Orb
|move|p1a: Jirachi|Hidden Power|p2a: Abomasnow
|-supereffective|p2a: Abomasnow
|-damage|p2a: Abomasnow|0 fnt
|faint|p2a: Abomasnow
|
|-weather|Hail|[upkeep]
|-damage|p1a: Jirachi|11/100|[from] Hail
|-heal|p1a: Jirachi|17/100|[from] item: Leftovers
|upkeep
|
|t:|1747581502
|switch|p2a: Chandelure|Chandelure, F|100/100
|-damage|p2a: Chandelure|76/100|[from] Stealth Rock
|-item|p2a: Chandelure|Air Balloon
|turn|25
|
|t:|1747581512
|move|p2a: Chandelure|Shadow Ball|p1a: Jirachi
|-damage|p1a: Jirachi|0 fnt
|faint|p1a: Jirachi
|
|-weather|Hail|[upkeep]
|-damage|p2a: Chandelure|70/100|[from] Hail
|-fieldend|move: Trick Room
|upkeep
|
|t:|1747581516
|switch|p1a: Tyranitar|Tyranitar, M|100/100
|-damage|p1a: Tyranitar|88/100|[from] Stealth Rock
|-damage|p1a: Tyranitar|72/100|[from] Spikes
|-weather|Sandstorm|[from] ability: Sand Stream|[of] p1a: Tyranitar
|turn|26
|
|t:|1747581518
|move|p1a: Tyranitar|Crunch|p2a: Chandelure
|-supereffective|p2a: Chandelure
|-damage|p2a: Chandelure|0 fnt
|-enditem|p2a: Chandelure|Air Balloon
|faint|p2a: Chandelure
|
|-weather|Sandstorm|[upkeep]
|upkeep
|
|t:|1747581525
|switch|p2a: Conkeldurr|Conkeldurr, F|29/100
|-damage|p2a: Conkeldurr|23/100|[from] Stealth Rock
|turn|27
|
|t:|1747581533
|switch|p1a: Celebi|Celebi|88/100
|-damage|p1a: Celebi|76/100|[from] Stealth Rock
|-damage|p1a: Celebi|59/100|[from] Spikes
|move|p2a: Conkeldurr|Drain Punch|p1a: Celebi
|-resisted|p1a: Celebi
|-damage|p1a: Celebi|30/100
|-heal|p2a: Conkeldurr|38/100|[from] drain|[of] p1a: Celebi
|-damage|p2a: Conkeldurr|28/100|[from] item: Life Orb
|
|-weather|Sandstorm|[upkeep]
|-damage|p1a: Celebi|24/100|[from] Sandstorm
|-damage|p2a: Conkeldurr|22/100|[from] Sandstorm
|-heal|p1a: Celebi|30/100|[from] item: Leftovers
|upkeep
|turn|28
|
|t:|1747581539
|switch|p2a: Reuniclus|Reuniclus, M|87/100
|move|p1a: Celebi|Psychic|p2a: Reuniclus
|-resisted|p2a: Reuniclus
|-crit|p2a: Reuniclus
|-damage|p2a: Reuniclus|58/100
|
|-weather|Sandstorm|[upkeep]
|-damage|p1a: Celebi|24/100|[from] Sandstorm
|-heal|p1a: Celebi|30/100|[from] item: Leftovers
|upkeep
|turn|29
|
|t:|1747581541
|move|p1a: Celebi|Recover|p1a: Celebi
|-heal|p1a: Celebi|80/100
|move|p2a: Reuniclus|Trick Room|p2a: Reuniclus
|-fieldstart|move: Trick Room|[of] p2a: Reuniclus
|
|-weather|Sandstorm|[upkeep]
|-damage|p1a: Celebi|74/100|[from] Sandstorm
|-heal|p1a: Celebi|80/100|[from] item: Leftovers
|upkeep
|turn|30
|
|t:|1747581552
|move|p2a: Reuniclus|Shadow Ball|p1a: Celebi
|-supereffective|p1a: Celebi
|-damage|p1a: Celebi|27/100
|move|p1a: Celebi|Recover|p1a: Celebi
|-heal|p1a: Celebi|77/100
|
|-weather|Sandstorm|[upkeep]
|-damage|p1a: Celebi|71/100|[from] Sandstorm
|-heal|p1a: Celebi|77/100|[from] item: Leftovers
|upkeep
|turn|31
|
|t:|1747581557
|move|p2a: Reuniclus|Shadow Ball|p1a: Celebi
|-supereffective|p1a: Celebi
|-damage|p1a: Celebi|23/100
|move|p1a: Celebi|Recover|p1a: Celebi
|-heal|p1a: Celebi|73/100
|
|-weather|Sandstorm|[upkeep]
|-damage|p1a: Celebi|67/100|[from] Sandstorm
|-heal|p1a: Celebi|73/100|[from] item: Leftovers
|upkeep
|turn|32
|
|t:|1747581564
|move|p2a: Reuniclus|Shadow Ball|p1a: Celebi
|-supereffective|p1a: Celebi
|-damage|p1a: Celebi|25/100
|move|p1a: Celebi|Recover|p1a: Celebi
|-heal|p1a: Celebi|75/100
|
|-weather|Sandstorm|[upkeep]
|-damage|p1a: Celebi|69/100|[from] Sandstorm
|-heal|p1a: Celebi|75/100|[from] item: Leftovers
|upkeep
|turn|33
|
|t:|1747581568
|move|p2a: Reuniclus|Focus Blast|p1a: Celebi|[miss]
|-miss|p2a: Reuniclus|p1a: Celebi
|move|p1a: Celebi|Recover|p1a: Celebi
|-heal|p1a: Celebi|100/100
|
|-weather|Sandstorm|[upkeep]
|-damage|p1a: Celebi|94/100|[from] Sandstorm
|-heal|p1a: Celebi|100/100|[from] item: Leftovers
|-fieldend|move: Trick Room
|upkeep
|turn|34
|
|t:|1747581577
|move|p1a: Celebi|Nasty Plot|p1a: Celebi
|-boost|p1a: Celebi|spa|2
|move|p2a: Reuniclus|Trick Room|p2a: Reuniclus
|-fieldstart|move: Trick Room|[of] p2a: Reuniclus
|
|-weather|Sandstorm|[upkeep]
|-damage|p1a: Celebi|94/100|[from] Sandstorm
|-heal|p1a: Celebi|100/100|[from] item: Leftovers
|upkeep
|turn|35
|
|t:|1747581578
|move|p2a: Reuniclus|Shadow Ball|p1a: Celebi
|-supereffective|p1a: Celebi
|-damage|p1a: Celebi|53/100
|move|p1a: Celebi|Giga Drain|p2a: Reuniclus
|-damage|p2a: Reuniclus|12/100
|-heal|p1a: Celebi|77/100|[from] drain|[of] p2a: Reuniclus
|
|-weather|Sandstorm|[upkeep]
|-damage|p1a: Celebi|71/100|[from] Sandstorm
|-heal|p1a: Celebi|77/100|[from] item: Leftovers
|upkeep
|turn|36
|
|t:|1747581589
|move|p2a: Reuniclus|Shadow Ball|p1a: Celebi
|-supereffective|p1a: Celebi
|-damage|p1a: Celebi|24/100
|move|p1a: Celebi|Recover|p1a: Celebi
|-heal|p1a: Celebi|74/100
|
|-weather|Sandstorm|[upkeep]
|-damage|p1a: Celebi|68/100|[from] Sandstorm
|-heal|p1a: Celebi|74/100|[from] item: Leftovers
|upkeep
|turn|37
|
|t:|1747581593
|move|p2a: Reuniclus|Shadow Ball|p1a: Celebi
|-supereffective|p1a: Celebi
|-damage|p1a: Celebi|20/100
|-unboost|p1a: Celebi|spd|1
|move|p1a: Celebi|Recover|p1a: Celebi
|-heal|p1a: Celebi|70/100
|
|-weather|Sandstorm|[upkeep]
|-damage|p1a: Celebi|64/100|[from] Sandstorm
|-heal|p1a: Celebi|70/100|[from] item: Leftovers
|upkeep
|turn|38
|
|t:|1747581604
|move|p2a: Reuniclus|Shadow Ball|p1a: Celebi
|-supereffective|p1a: Celebi
|-damage|p1a: Celebi|0 fnt
|faint|p1a: Celebi
|
|-weather|Sandstorm|[upkeep]
|-fieldend|move: Trick Room
|upkeep
|
|t:|1747581606
|switch|p1a: Garchomp|Garchomp, M|100/100
|-damage|p1a: Garchomp|94/100|[from] Stealth Rock
|-damage|p1a: Garchomp|78/100|[from] Spikes
|turn|39
|
|t:|1747581608
|move|p1a: Garchomp|Earthquake|p2a: Reuniclus
|-damage|p2a: Reuniclus|0 fnt
|faint|p2a: Reuniclus
|
|-weather|Sandstorm|[upkeep]
|upkeep
|
|t:|1747581610
|switch|p2a: Jellicent|Jellicent, F|79/100
|-damage|p2a: Jellicent|67/100|[from] Stealth Rock
|turn|40
|
|t:|1747581612
|move|p1a: Garchomp|Earthquake|p2a: Jellicent
|-damage|p2a: Jellicent|13/100
|move|p2a: Jellicent|Trick Room|p2a: Jellicent
|-fieldstart|move: Trick Room|[of] p2a: Jellicent
|
|-weather|Sandstorm|[upkeep]
|-damage|p2a: Jellicent|7/100|[from] Sandstorm
|upkeep
|turn|41
|
|t:|1747581628
|move|p2a: Jellicent|Will-O-Wisp|p1a: Garchomp
|-status|p1a: Garchomp|brn
|move|p1a: Garchomp|Earthquake|p2a: Jellicent
|-damage|p2a: Jellicent|0 fnt
|faint|p2a: Jellicent
|
|-weather|Sandstorm|[upkeep]
|-damage|p1a: Garchomp|65/100 brn|[from] brn
|upkeep
|
|t:|1747581630
|switch|p2a: Conkeldurr|Conkeldurr, F|22/100
|-damage|p2a: Conkeldurr|15/100|[from] Stealth Rock
|turn|42
|
|t:|1747581632
|move|p2a: Conkeldurr|Drain Punch|p1a: Garchomp
|-damage|p1a: Garchomp|0 fnt
|-heal|p2a: Conkeldurr|44/100|[from] drain|[of] p1a: Garchomp
|-damage|p2a: Conkeldurr|32/100|[from] ability: Rough Skin|[of] p1a: Garchomp
|faint|p1a: Garchomp
|-damage|p2a: Conkeldurr|22/100|[from] item: Life Orb
|
|-weather|Sandstorm|[upkeep]
|-damage|p2a: Conkeldurr|16/100|[from] Sandstorm
|upkeep
|
|t:|1747581635
|switch|p1a: Tyranitar|Tyranitar, M|72/100
|-damage|p1a: Tyranitar|59/100|[from] Stealth Rock
|-damage|p1a: Tyranitar|43/100|[from] Spikes
|turn|43
|
|t:|1747581638
|move|p2a: Conkeldurr|Drain Punch|p1a: Tyranitar
|-supereffective|p1a: Tyranitar
|-crit|p1a: Tyranitar
|-damage|p1a: Tyranitar|0 fnt
|-heal|p2a: Conkeldurr|34/100|[from] drain|[of] p1a: Tyranitar
|faint|p1a: Tyranitar
|-damage|p2a: Conkeldurr|24/100|[from] item: Life Orb
|
|win|bronzongsunderbell
|raw|Clawdia Chauchat's rating: 1398 &rarr; <strong>1381</strong><br />(-17 for losing)
|raw|bronzongsunderbell's rating: 1444 &rarr; <strong>1461</strong><br />(+17 for winning)
|l|☆Clawdia Chauchat
|player|p1|
