|join|BahaWin
|join|JamesH93
|player|p1|BahaWin|286
|player|p2|JamesH93|43
|gametype|singles
|gen|5
|tier|[Gen 5] OU
|rated
|rule|Evasion Abilities Clause: Evasion abilities are banned
|clearpoke
|poke|p1|Garchomp, M
|poke|p1|Breloom, M
|poke|p1|Weavile, M
|poke|p1|Dragonite, M
|poke|p1|Latios, M
|poke|p1|Jirachi
|poke|p2|Thundurus-Therian, M, shiny
|poke|p2|Haxorus, F
|poke|p2|Tentacruel, M
|poke|p2|Politoed, M
|poke|p2|Vaporeon, M
|poke|p2|Ferrothorn, F
|rule|Sleep Clause Mod: Limit one foe put to sleep
|rule|Species Clause: Limit one of each Pokemon
|rule|OHKO Clause: OHKO moves are banned
|rule|Moody Clause: Moody is banned
|rule|Evasion Moves Clause: Evasion moves are banned
|rule|Endless Battle Clause: Forcing endless battles is banned.
|rule|HP Percentage Mod: HP is reported as percentages
|teampreview
|
|start
|switch|p1a: Lucas Moura|Garchomp, M|371/371
|switch|p2a: Politoed|Politoed, M|322/322
|-weather|RainDance|[from] ability: Drizzle|[of] p2a: Politoed
|turn|1
|
|move|p2a: Politoed|Scald|p1a: Lucas Moura
|-damage|p1a: Lucas Moura|185/371
|-status|p1a: Lucas Moura|brn
|move|p1a: Lucas Moura|Stealth Rock|p2a: Politoed
|-sidestart|p2: JamesH93|move: Stealth Rock
|
|-weather|RainDance|[upkeep]
|-damage|p1a: Lucas Moura|139/371 brn|[from] brn
|turn|2
|
|move|p2a: Politoed|Scald|p1a: Lucas Moura
|-damage|p1a: Lucas Moura|0 fnt
|faint|p1a: Lucas Moura
|
|-weather|RainDance|[upkeep]
|
|switch|p1a: M. Valbuena|Breloom, M|261/261
|turn|3
|
|move|p2a: Politoed|Scald|p1a: M. Valbuena
|-resisted|p1a: M. Valbuena
|-damage|p1a: M. Valbuena|138/261
|move|p1a: M. Valbuena|Bullet Seed|p2a: Politoed
|-supereffective|p2a: Politoed
|-damage|p2a: Politoed|134/322
|-supereffective|p2a: Politoed
|-damage|p2a: Politoed|0 fnt
|-hitcount|p2a: Politoed|2
|faint|p2a: Politoed
|
|-weather|RainDance|[upkeep]
|
|switch|p2a: Thundurus-Therian|Thundurus-Therian, M, shiny|300/300
|-damage|p2a: Thundurus-Therian|225/300|[from] Stealth Rock
|turn|4
|
|switch|p1a: Z. Ibrahimovic|Jirachi|351/351
|move|p2a: Thundurus-Therian|Thunderbolt|p1a: Z. Ibrahimovic
|-damage|p1a: Z. Ibrahimovic|141/351
|-status|p1a: Z. Ibrahimovic|par
|
|-weather|RainDance|[upkeep]
|-heal|p2a: Thundurus-Therian|243/300|[from] item: Leftovers
|turn|5
|
|move|p2a: Thundurus-Therian|Thunderbolt|p1a: Z. Ibrahimovic
|-damage|p1a: Z. Ibrahimovic|0 fnt
|faint|p1a: Z. Ibrahimovic
|
|-weather|RainDance|[upkeep]
|-heal|p2a: Thundurus-Therian|261/300|[from] item: Leftovers
|
|switch|p1a: E. Lavezzi|Weavile, M|289/289
|-ability|p1a: E. Lavezzi|Pressure
|turn|6
|
|switch|p2a: Vaporeon|Vaporeon, M|448/448
|-damage|p2a: Vaporeon|392/448|[from] Stealth Rock
|move|p1a: E. Lavezzi|Night Slash|p2a: Vaporeon
|-damage|p2a: Vaporeon|250/448
|-damage|p1a: E. Lavezzi|261/289|[from] item: Life Orb
|
|-weather|RainDance|[upkeep]
|-heal|p2a: Vaporeon|278/448|[from] item: Leftovers
|turn|7
|
|switch|p1a: M. Valbuena|Breloom, M|138/261
|move|p2a: Vaporeon|Rest|p2a: Vaporeon
|-status|p2a: Vaporeon|slp
|-heal|p2a: Vaporeon|448/448 slp|[silent]
|-status|p2a: Vaporeon|slp|[from] move: Rest
|
|-weather|RainDance|[upkeep]
|-curestatus|p2a: Vaporeon|slp
|turn|8
|
|move|p1a: M. Valbuena|Bullet Seed|p2a: Vaporeon
|-supereffective|p2a: Vaporeon
|-damage|p2a: Vaporeon|304/448
|-supereffective|p2a: Vaporeon
|-damage|p2a: Vaporeon|148/448
|-supereffective|p2a: Vaporeon
|-damage|p2a: Vaporeon|0 fnt
|-hitcount|p2a: Vaporeon|3
|faint|p2a: Vaporeon
|
|-weather|RainDance|[upkeep]
|
|switch|p2a: Thundurus-Therian|Thundurus-Therian, M, shiny|261/300
|-damage|p2a: Thundurus-Therian|186/300|[from] Stealth Rock
|turn|9
|
|switch|p1a: C. Grenier|Latios, M|304/304
|move|p2a: Thundurus-Therian|Hidden Power|p1a: C. Grenier
|-crit|p1a: C. Grenier
|-supereffective|p1a: C. Grenier
|-damage|p1a: C. Grenier|0 fnt
|faint|p1a: C. Grenier
|
|-weather|RainDance|[upkeep]
|-heal|p2a: Thundurus-Therian|204/300|[from] item: Leftovers
|
|switch|p1a: E. Lavezzi|Weavile, M|261/289
|-ability|p1a: E. Lavezzi|Pressure
|turn|10
|
|switch|p2a: Tentacruel|Tentacruel, M|364/364
|-damage|p2a: Tentacruel|319/364|[from] Stealth Rock
|move|p1a: E. Lavezzi|Low Kick|p2a: Tentacruel
|-resisted|p2a: Tentacruel
|-damage|p2a: Tentacruel|235/364
|-damage|p1a: E. Lavezzi|233/289|[from] item: Life Orb
|
|-weather|RainDance|[upkeep]
|-heal|p2a: Tentacruel|257/364|[from] ability: Rain Dish
|-heal|p2a: Tentacruel|279/364|[from] item: Black Sludge
|turn|11
|
|move|p1a: E. Lavezzi|Night Slash|p2a: Tentacruel
|-damage|p2a: Tentacruel|80/364
|-damage|p1a: E. Lavezzi|205/289|[from] item: Life Orb
|move|p2a: Tentacruel|Scald|p1a: E. Lavezzi
|-damage|p1a: E. Lavezzi|69/289
|
|-weather|RainDance|[upkeep]
|-heal|p2a: Tentacruel|102/364|[from] ability: Rain Dish
|-heal|p2a: Tentacruel|124/364|[from] item: Black Sludge
|turn|12
|
|move|p1a: E. Lavezzi|Pursuit|p2a: Tentacruel
|-damage|p2a: Tentacruel|3/364
|-damage|p1a: E. Lavezzi|41/289|[from] item: Life Orb
|move|p2a: Tentacruel|Scald|p1a: E. Lavezzi
|-damage|p1a: E. Lavezzi|0 fnt
|faint|p1a: E. Lavezzi
|
|-weather|RainDance|[upkeep]
|-heal|p2a: Tentacruel|25/364|[from] ability: Rain Dish
|-heal|p2a: Tentacruel|47/364|[from] item: Black Sludge
|
|switch|p1a: M. Valbuena|Breloom, M|138/261
|turn|13
|join|Cshoke
|
|move|p2a: Tentacruel|Scald|p1a: M. Valbuena
|-resisted|p1a: M. Valbuena
|-damage|p1a: M. Valbuena|52/261
|move|p1a: M. Valbuena|Spore|p2a: Tentacruel
|-status|p2a: Tentacruel|slp
|
|-weather|RainDance|[upkeep]
|-heal|p2a: Tentacruel|69/364 slp|[from] ability: Rain Dish
|-heal|p2a: Tentacruel|91/364 slp|[from] item: Black Sludge
|turn|14
|
|-singleturn|p1a: M. Valbuena|move: Focus Punch
|switch|p2a: Haxorus|Haxorus, F|294/294
|-damage|p2a: Haxorus|258/294|[from] Stealth Rock
|-ability|p2a: Haxorus|Mold Breaker
|move|p1a: M. Valbuena|Focus Punch|p2a: Haxorus
|-enditem|p1a: M. Valbuena|Fighting Gem|[from] gem|[move] Focus Punch
|-damage|p2a: Haxorus|0 fnt
|faint|p2a: Haxorus
|
|-weather|RainDance|[upkeep]
|
|switch|p2a: Thundurus-Therian|Thundurus-Therian, M, shiny|204/300
|-damage|p2a: Thundurus-Therian|129/300|[from] Stealth Rock
|turn|15
|
|move|p1a: M. Valbuena|Mach Punch|p2a: Thundurus-Therian
|-resisted|p2a: Thundurus-Therian
|-damage|p2a: Thundurus-Therian|52/300
|move|p2a: Thundurus-Therian|Hidden Power|p1a: M. Valbuena
|-supereffective|p1a: M. Valbuena
|-damage|p1a: M. Valbuena|0 fnt
|faint|p1a: M. Valbuena
|
|-weather|RainDance|[upkeep]
|-heal|p2a: Thundurus-Therian|70/300|[from] item: Leftovers
|
|switch|p1a: E. Cavani|Dragonite, M|325/325
|turn|16
|
|move|p2a: Thundurus-Therian|Hidden Power|p1a: E. Cavani
|-supereffective|p1a: E. Cavani
|-damage|p1a: E. Cavani|141/325
|move|p1a: E. Cavani|Fire Punch|p2a: Thundurus-Therian
|-damage|p2a: Thundurus-Therian|0 fnt
|faint|p2a: Thundurus-Therian
|
|-weather|RainDance|[upkeep]
|
|switch|p2a: Ferrothorn|Ferrothorn, F|352/352
|-damage|p2a: Ferrothorn|330/352|[from] Stealth Rock
|turn|17
|
|move|p1a: E. Cavani|Fire Punch|p2a: Ferrothorn
|-supereffective|p2a: Ferrothorn
|-damage|p2a: Ferrothorn|122/352
|-damage|p1a: E. Cavani|101/325|[from] ability: Iron Barbs|[of] p2a: Ferrothorn
|move|p2a: Ferrothorn|Thunder Wave|p1a: E. Cavani
|-status|p1a: E. Cavani|par
|
|-weather|RainDance|[upkeep]
|-heal|p2a: Ferrothorn|144/352|[from] item: Leftovers
|turn|18
|
|move|p2a: Ferrothorn|Leech Seed|p1a: E. Cavani
|-start|p1a: E. Cavani|move: Leech Seed
|move|p1a: E. Cavani|Fire Punch|p2a: Ferrothorn
|-supereffective|p2a: Ferrothorn
|-damage|p2a: Ferrothorn|0 fnt
|-damage|p1a: E. Cavani|61/325 par|[from] ability: Iron Barbs|[of] p2a: Ferrothorn
|faint|p2a: Ferrothorn
|
|-weather|RainDance|[upkeep]
|
|switch|p2a: Tentacruel|Tentacruel, M|91/364 slp
|-damage|p2a: Tentacruel|46/364 slp|[from] Stealth Rock
|turn|19
|
|cant|p2a: Tentacruel|slp
|move|p1a: E. Cavani|Fire Punch|p2a: Tentacruel
|-resisted|p2a: Tentacruel
|-damage|p2a: Tentacruel|0 fnt
|faint|p2a: Tentacruel
|
|win|BahaWin
|raw|Ladder updating...
|raw|BahaWin's rating: 1645 &rarr; <strong>1653</strong><br />(+8 for winning)
|raw|JamesH93's rating: 1394 &rarr; <strong>1386</strong><br />(-8 for losing)
|leave|JamesH93
|player|p2
|chat|BahaWin|GGggg