|j|☆STATS Xavi
|j|☆DLNineflo
|player|p1|STATS Xavi|backpacker|1383
|player|p2|DLNineflo|hilbert-dueldisk|1293
|teamsize|p1|6
|teamsize|p2|6
|gametype|singles
|gen|5
|tier|[Gen 5] OU
|rated|
|clearpoke
|poke|p1|Hippowdon, F|item
|poke|p1|Gastrodon-East, F|item
|poke|p1|Skarmory, M|item
|poke|p1|Excadrill, M|item
|poke|p1|Jirachi|item
|poke|p1|Sigilyph, M|item
|poke|p2|Tyranitar, M|item
|poke|p2|Landorus-Therian, M|item
|poke|p2|Rotom-Wash|item
|poke|p2|Scizor, F|item
|poke|p2|Reuniclus, F|item
|poke|p2|Dragonite, M|item
|rule|Species Clause: Limit one of each Pokémon
|rule|OHKO Clause: OHKO moves are banned
|rule|Moody Clause: Moody is banned
|rule|Evasion Moves Clause: Evasion moves are banned
|rule|Endless Battle Clause: Forcing endless battles is banned
|rule|HP Percentage Mod: HP is shown in percentages
|rule|Evasion Abilities Clause: Evasion abilities are banned
|rule|Baton Pass Clause: Limit one Baton Passer, can't pass Spe and other stats simultaneously
|rule|Sleep Clause: Sleep-inducing moves are banned
|rule|Swagger Clause: Swagger is banned
|teampreview
|inactive|Battle timer is ON: inactive players will automatically lose when time's up. (requested by DLNineflo)
|
|start
|switch|p1a: Hattori el ninja|Hippowdon, F|100/100
|switch|p2a: Landorus|Landorus-Therian, M|100/100
|-ability|p2a: Landorus|Intimidate|boost
|-unboost|p1a: Hattori el ninja|atk|1
|-weather|Sandstorm|[from] ability: Sand Stream|[of] p1a: Hattori el ninja
|turn|1
|
|move|p2a: Landorus|Stealth Rock|p1a: Hattori el ninja
|-sidestart|p1: STATS Xavi|move: Stealth Rock
|move|p1a: Hattori el ninja|Stealth Rock|p2a: Landorus
|-sidestart|p2: DLNineflo|move: Stealth Rock
|
|-weather|Sandstorm|[upkeep]
|upkeep
|turn|2
|
|switch|p2a: Rotom|Rotom-Wash|100/100
|-damage|p2a: Rotom|88/100|[from] Stealth Rock
|move|p1a: Hattori el ninja|Whirlwind|p2a: Rotom
|drag|p2a: Reuniclus|Reuniclus, F|100/100
|
|-weather|Sandstorm|[upkeep]
|upkeep
|turn|3
|
|move|p1a: Hattori el ninja|Whirlwind|p2a: Reuniclus
|drag|p2a: Landorus|Landorus-Therian, M|100/100
|-damage|p2a: Landorus|88/100|[from] Stealth Rock
|-ability|p2a: Landorus|Intimidate|boost
|-unboost|p1a: Hattori el ninja|atk|1
|
|-weather|Sandstorm|[upkeep]
|-heal|p2a: Landorus|94/100|[from] item: Leftovers
|upkeep
|turn|4
|
|move|p2a: Landorus|Hidden Power|p1a: Hattori el ninja
|-supereffective|p1a: Hattori el ninja
|-crit|p1a: Hattori el ninja
|-damage|p1a: Hattori el ninja|50/100
|move|p1a: Hattori el ninja|Whirlwind|p2a: Landorus
|drag|p2a: Reuniclus|Reuniclus, F|100/100
|
|-weather|Sandstorm|[upkeep]
|-heal|p1a: Hattori el ninja|56/100|[from] item: Leftovers
|upkeep
|turn|5
|
|move|p1a: Hattori el ninja|Slack Off|p1a: Hattori el ninja
|-heal|p1a: Hattori el ninja|100/100
|move|p2a: Reuniclus|Psychic|p1a: Hattori el ninja
|-damage|p1a: Hattori el ninja|51/100
|
|-weather|Sandstorm|[upkeep]
|-heal|p1a: Hattori el ninja|57/100|[from] item: Leftovers
|upkeep
|turn|6
|
|switch|p1a: W¡sh & K'3D Shop|Jirachi|100/100
|-damage|p1a: W¡sh & K'3D Shop|94/100|[from] Stealth Rock
|move|p2a: Reuniclus|Trick Room|p2a: Reuniclus
|-fieldstart|move: Trick Room|[of] p2a: Reuniclus
|
|-weather|Sandstorm|[upkeep]
|-heal|p1a: W¡sh & K'3D Shop|100/100|[from] item: Leftovers
|upkeep
|turn|7
|
|move|p2a: Reuniclus|Shadow Ball|p1a: W¡sh & K'3D Shop
|-damage|p1a: W¡sh & K'3D Shop|76/100
|move|p1a: W¡sh & K'3D Shop|Body Slam|p2a: Reuniclus
|-damage|p2a: Reuniclus|80/100
|
|-weather|Sandstorm|[upkeep]
|-heal|p1a: W¡sh & K'3D Shop|82/100|[from] item: Leftovers
|upkeep
|turn|8
|
|switch|p2a: Landorus|Landorus-Therian, M|94/100
|-damage|p2a: Landorus|82/100|[from] Stealth Rock
|-ability|p2a: Landorus|Intimidate|boost
|-unboost|p1a: W¡sh & K'3D Shop|atk|1
|move|p1a: W¡sh & K'3D Shop|Wish|p1a: W¡sh & K'3D Shop
|
|-weather|Sandstorm|[upkeep]
|-heal|p2a: Landorus|88/100|[from] item: Leftovers
|-heal|p1a: W¡sh & K'3D Shop|88/100|[from] item: Leftovers
|upkeep
|turn|9
|
|move|p2a: Landorus|Earthquake|p1a: W¡sh & K'3D Shop
|-supereffective|p1a: W¡sh & K'3D Shop
|-damage|p1a: W¡sh & K'3D Shop|8/100
|move|p1a: W¡sh & K'3D Shop|Body Slam|p2a: Landorus
|-damage|p2a: Landorus|78/100
|
|-weather|Sandstorm|[upkeep]
|-heal|p1a: W¡sh & K'3D Shop|58/100|[from] move: Wish|[wisher] W¡sh & K'3D Shop
|-heal|p2a: Landorus|84/100|[from] item: Leftovers
|-heal|p1a: W¡sh & K'3D Shop|64/100|[from] item: Leftovers
|upkeep
|turn|10
|
|move|p1a: W¡sh & K'3D Shop|Protect|p1a: W¡sh & K'3D Shop
|-singleturn|p1a: W¡sh & K'3D Shop|Protect
|move|p2a: Landorus|Earthquake|p1a: W¡sh & K'3D Shop
|-activate|p1a: W¡sh & K'3D Shop|move: Protect
|
|-weather|Sandstorm|[upkeep]
|-heal|p2a: Landorus|90/100|[from] item: Leftovers
|-heal|p1a: W¡sh & K'3D Shop|70/100|[from] item: Leftovers
|-fieldend|move: Trick Room
|upkeep
|turn|11
|
|switch|p1a: Piupiu|Skarmory, M|100/100
|-damage|p1a: Piupiu|88/100|[from] Stealth Rock
|move|p2a: Landorus|Earthquake|p1a: Piupiu
|-immune|p1a: Piupiu
|
|-weather|Sandstorm|[upkeep]
|-heal|p2a: Landorus|96/100|[from] item: Leftovers
|upkeep
|turn|12
|
|move|p2a: Landorus|U-turn|p1a: Piupiu
|-resisted|p1a: Piupiu
|-damage|p1a: Piupiu|85/100
|
|switch|p2a: Rotom|Rotom-Wash|88/100|[from]move: U-turn
|-damage|p2a: Rotom|75/100|[from] Stealth Rock
|move|p1a: Piupiu|Spikes|p2a: Rotom
|-sidestart|p2: DLNineflo|Spikes
|
|-weather|Sandstorm|[upkeep]
|-damage|p2a: Rotom|69/100|[from] Sandstorm
|-heal|p2a: Rotom|75/100|[from] item: Leftovers
|upkeep
|turn|13
|
|switch|p1a: Amu Pinguilí|Gastrodon-East, F|100/100
|-damage|p1a: Amu Pinguilí|94/100|[from] Stealth Rock
|move|p2a: Rotom|Hydro Pump|p1a: Amu Pinguilí
|-ability|p1a: Amu Pinguilí|Storm Drain|boost
|-boost|p1a: Amu Pinguilí|spa|1
|
|-weather|Sandstorm|[upkeep]
|-damage|p2a: Rotom|69/100|[from] Sandstorm
|-heal|p2a: Rotom|75/100|[from] item: Leftovers
|-heal|p1a: Amu Pinguilí|100/100|[from] item: Leftovers
|upkeep
|turn|14
|
|move|p2a: Rotom|Will-O-Wisp|p1a: Amu Pinguilí
|-status|p1a: Amu Pinguilí|brn
|move|p1a: Amu Pinguilí|Scald|p2a: Rotom
|-resisted|p2a: Rotom
|-damage|p2a: Rotom|58/100
|
|-weather|Sandstorm|[upkeep]
|-damage|p2a: Rotom|51/100|[from] Sandstorm
|-heal|p2a: Rotom|58/100|[from] item: Leftovers
|-damage|p1a: Amu Pinguilí|88/100 brn|[from] brn
|upkeep
|turn|15
|
|move|p2a: Rotom|Pain Split|p1a: Amu Pinguilí
|-sethp|p1a: Amu Pinguilí|65/100 brn|[from] move: Pain Split|[silent]
|-sethp|p2a: Rotom|90/100|[from] move: Pain Split
|move|p1a: Amu Pinguilí|Hidden Power|p2a: Rotom
|-supereffective|p2a: Rotom
|-damage|p2a: Rotom|50/100
|
|-weather|Sandstorm|[upkeep]
|-damage|p2a: Rotom|44/100|[from] Sandstorm
|-heal|p2a: Rotom|50/100|[from] item: Leftovers
|-heal|p1a: Amu Pinguilí|71/100 brn|[from] item: Leftovers
|-damage|p1a: Amu Pinguilí|58/100 brn|[from] brn
|upkeep
|turn|16
|
|move|p2a: Rotom|Pain Split|p1a: Amu Pinguilí
|-sethp|p1a: Amu Pinguilí|47/100 brn|[from] move: Pain Split|[silent]
|-sethp|p2a: Rotom|66/100|[from] move: Pain Split
|move|p1a: Amu Pinguilí|Hidden Power|p2a: Rotom
|-supereffective|p2a: Rotom
|-damage|p2a: Rotom|25/100
|
|-weather|Sandstorm|[upkeep]
|-damage|p2a: Rotom|19/100|[from] Sandstorm
|-heal|p2a: Rotom|25/100|[from] item: Leftovers
|-heal|p1a: Amu Pinguilí|53/100 brn|[from] item: Leftovers
|-damage|p1a: Amu Pinguilí|41/100 brn|[from] brn
|upkeep
|turn|17
|
|switch|p2a: Tyranitar|Tyranitar, M|100/100
|-damage|p2a: Tyranitar|88/100|[from] Stealth Rock
|-damage|p2a: Tyranitar|76/100|[from] Spikes
|move|p1a: Amu Pinguilí|Hidden Power|p2a: Tyranitar
|-supereffective|p2a: Tyranitar
|-damage|p2a: Tyranitar|46/100
|
|-weather|Sandstorm|[upkeep]
|-heal|p1a: Amu Pinguilí|47/100 brn|[from] item: Leftovers
|-damage|p1a: Amu Pinguilí|34/100 brn|[from] brn
|upkeep
|turn|18
|
|switch|p1a: Piupiu|Skarmory, M|85/100
|-damage|p1a: Piupiu|73/100|[from] Stealth Rock
|move|p2a: Tyranitar|Crunch|p1a: Piupiu
|-resisted|p1a: Piupiu
|-damage|p1a: Piupiu|61/100
|
|-weather|Sandstorm|[upkeep]
|upkeep
|turn|19
|
|switch|p2a: Landorus|Landorus-Therian, M|96/100
|-damage|p2a: Landorus|84/100|[from] Stealth Rock
|-ability|p2a: Landorus|Intimidate|boost
|-unboost|p1a: Piupiu|atk|1
|move|p1a: Piupiu|Roost|p1a: Piupiu
|-heal|p1a: Piupiu|100/100
|-singleturn|p1a: Piupiu|move: Roost
|
|-weather|Sandstorm|[upkeep]
|-heal|p2a: Landorus|90/100|[from] item: Leftovers
|upkeep
|turn|20
|
|move|p2a: Landorus|U-turn|p1a: Piupiu
|-resisted|p1a: Piupiu
|-damage|p1a: Piupiu|97/100
|
|switch|p2a: Reuniclus|Reuniclus, F|80/100|[from]move: U-turn
|move|p1a: Piupiu|Spikes|p2a: Reuniclus
|-sidestart|p2: DLNineflo|Spikes
|
|-weather|Sandstorm|[upkeep]
|upkeep
|turn|21
|
|move|p1a: Piupiu|Whirlwind|p2a: Reuniclus
|drag|p2a: Landorus|Landorus-Therian, M|90/100
|-damage|p2a: Landorus|78/100|[from] Stealth Rock
|-ability|p2a: Landorus|Intimidate|boost
|-unboost|p1a: Piupiu|atk|1
|
|-weather|Sandstorm|[upkeep]
|-heal|p2a: Landorus|84/100|[from] item: Leftovers
|upkeep
|turn|22
|
|move|p2a: Landorus|U-turn|p1a: Piupiu
|-resisted|p1a: Piupiu
|-damage|p1a: Piupiu|94/100
|
|switch|p2a: Rotom|Rotom-Wash|25/100|[from]move: U-turn
|-damage|p2a: Rotom|12/100|[from] Stealth Rock
|move|p1a: Piupiu|Spikes|p2a: Rotom
|-sidestart|p2: DLNineflo|Spikes
|
|-weather|Sandstorm|[upkeep]
|-damage|p2a: Rotom|6/100|[from] Sandstorm
|-heal|p2a: Rotom|12/100|[from] item: Leftovers
|upkeep
|turn|23
|
|switch|p1a: Amu Pinguilí|Gastrodon-East, F|34/100 brn
|-damage|p1a: Amu Pinguilí|28/100 brn|[from] Stealth Rock
|move|p2a: Rotom|Pain Split|p1a: Amu Pinguilí
|-sethp|p1a: Amu Pinguilí|19/100 brn|[from] move: Pain Split|[silent]
|-sethp|p2a: Rotom|26/100|[from] move: Pain Split
|
|-weather|Sandstorm|[upkeep]
|-damage|p2a: Rotom|20/100|[from] Sandstorm
|-heal|p2a: Rotom|26/100|[from] item: Leftovers
|-heal|p1a: Amu Pinguilí|25/100 brn|[from] item: Leftovers
|-damage|p1a: Amu Pinguilí|12/100 brn|[from] brn
|upkeep
|turn|24
|inactive|DLNineflo has 120 seconds left.
|
|switch|p2a: Tyranitar|Tyranitar, M|46/100
|-damage|p2a: Tyranitar|33/100|[from] Stealth Rock
|-damage|p2a: Tyranitar|8/100|[from] Spikes
|move|p1a: Amu Pinguilí|Recover|p1a: Amu Pinguilí
|-heal|p1a: Amu Pinguilí|62/100 brn
|
|-weather|Sandstorm|[upkeep]
|-heal|p1a: Amu Pinguilí|68/100 brn|[from] item: Leftovers
|-damage|p1a: Amu Pinguilí|56/100 brn|[from] brn
|upkeep
|turn|25
|
|move|p2a: Tyranitar|Superpower|p1a: Amu Pinguilí
|-damage|p1a: Amu Pinguilí|14/100 brn
|-unboost|p2a: Tyranitar|atk|1
|-unboost|p2a: Tyranitar|def|1
|move|p1a: Amu Pinguilí|Recover|p1a: Amu Pinguilí
|-heal|p1a: Amu Pinguilí|64/100 brn
|
|-weather|Sandstorm|[upkeep]
|-heal|p1a: Amu Pinguilí|70/100 brn|[from] item: Leftovers
|-damage|p1a: Amu Pinguilí|58/100 brn|[from] brn
|upkeep
|turn|26
|inactive|DLNineflo has 120 seconds left.
|
|move|p2a: Tyranitar|Superpower|p1a: Amu Pinguilí
|-damage|p1a: Amu Pinguilí|28/100 brn
|-unboost|p2a: Tyranitar|atk|1
|-unboost|p2a: Tyranitar|def|1
|move|p1a: Amu Pinguilí|Recover|p1a: Amu Pinguilí
|-heal|p1a: Amu Pinguilí|78/100 brn
|
|-weather|Sandstorm|[upkeep]
|-heal|p1a: Amu Pinguilí|84/100 brn|[from] item: Leftovers
|-damage|p1a: Amu Pinguilí|72/100 brn|[from] brn
|upkeep
|turn|27
|inactive|DLNineflo has 120 seconds left.
|
|switch|p2a: Reuniclus|Reuniclus, F|80/100
|move|p1a: Amu Pinguilí|Recover|p1a: Amu Pinguilí
|-heal|p1a: Amu Pinguilí|100/100 brn
|
|-weather|Sandstorm|[upkeep]
|-damage|p1a: Amu Pinguilí|88/100 brn|[from] brn
|upkeep
|turn|28
|
|switch|p1a: Piupiu|Skarmory, M|94/100
|-damage|p1a: Piupiu|82/100|[from] Stealth Rock
|move|p2a: Reuniclus|Psychic|p1a: Piupiu
|-resisted|p1a: Piupiu
|-damage|p1a: Piupiu|35/100
|
|-weather|Sandstorm|[upkeep]
|upkeep
|turn|29
|
|move|p1a: Piupiu|Roost|p1a: Piupiu
|-heal|p1a: Piupiu|85/100
|-singleturn|p1a: Piupiu|move: Roost
|move|p2a: Reuniclus|Psychic|p1a: Piupiu
|-resisted|p1a: Piupiu
|-damage|p1a: Piupiu|41/100
|
|-weather|Sandstorm|[upkeep]
|upkeep
|turn|30
|
|move|p1a: Piupiu|Roost|p1a: Piupiu
|-heal|p1a: Piupiu|92/100
|-singleturn|p1a: Piupiu|move: Roost
|move|p2a: Reuniclus|Trick Room|p2a: Reuniclus
|-fieldstart|move: Trick Room|[of] p2a: Reuniclus
|
|-weather|Sandstorm|[upkeep]
|upkeep
|turn|31
|
|move|p2a: Reuniclus|Psychic|p1a: Piupiu
|-resisted|p1a: Piupiu
|-damage|p1a: Piupiu|44/100
|move|p1a: Piupiu|Whirlwind|p2a: Reuniclus
|drag|p2a: Dragonite|Dragonite, M|100/100
|-damage|p2a: Dragonite|76/100|[from] Stealth Rock
|
|-weather|Sandstorm|[upkeep]
|-damage|p2a: Dragonite|70/100|[from] Sandstorm
|upkeep
|turn|32
|
|move|p2a: Dragonite|Outrage|p1a: Piupiu
|-resisted|p1a: Piupiu
|-damage|p1a: Piupiu|12/100
|move|p1a: Piupiu|Whirlwind|p2a: Dragonite
|drag|p2a: Landorus|Landorus-Therian, M|84/100
|-damage|p2a: Landorus|71/100|[from] Stealth Rock
|-ability|p2a: Landorus|Intimidate|boost
|-unboost|p1a: Piupiu|atk|1
|
|-weather|Sandstorm|[upkeep]
|-heal|p2a: Landorus|77/100|[from] item: Leftovers
|upkeep
|turn|33
|
|move|p1a: Piupiu|Roost|p1a: Piupiu
|-heal|p1a: Piupiu|62/100
|-singleturn|p1a: Piupiu|move: Roost
|move|p2a: Landorus|Hidden Power|p1a: Piupiu
|-resisted|p1a: Piupiu
|-crit|p1a: Piupiu
|-damage|p1a: Piupiu|40/100
|
|-weather|Sandstorm|[upkeep]
|-heal|p2a: Landorus|83/100|[from] item: Leftovers
|upkeep
|turn|34
|
|move|p2a: Landorus|U-turn|p1a: Piupiu
|-resisted|p1a: Piupiu
|-damage|p1a: Piupiu|36/100
|
|switch|p2a: Reuniclus|Reuniclus, F|80/100|[from]move: U-turn
|move|p1a: Piupiu|Whirlwind|p2a: Reuniclus
|drag|p2a: Rotom|Rotom-Wash|26/100
|-damage|p2a: Rotom|13/100|[from] Stealth Rock
|
|-weather|Sandstorm|[upkeep]
|-damage|p2a: Rotom|7/100|[from] Sandstorm
|-heal|p2a: Rotom|13/100|[from] item: Leftovers
|-fieldend|move: Trick Room
|upkeep
|turn|35
|
|move|p2a: Rotom|Pain Split|p1a: Piupiu
|-sethp|p1a: Piupiu|24/100|[from] move: Pain Split|[silent]
|-sethp|p2a: Rotom|26/100|[from] move: Pain Split
|move|p1a: Piupiu|Brave Bird|p2a: Rotom
|-resisted|p2a: Rotom
|-damage|p2a: Rotom|15/100
|-damage|p1a: Piupiu|21/100|[from] Recoil
|
|-weather|Sandstorm|[upkeep]
|-damage|p2a: Rotom|8/100|[from] Sandstorm
|-heal|p2a: Rotom|15/100|[from] item: Leftovers
|upkeep
|turn|36
|
|move|p2a: Rotom|Volt Switch|p1a: Piupiu
|-supereffective|p1a: Piupiu
|-damage|p1a: Piupiu|0 fnt
|faint|p1a: Piupiu
|
|switch|p2a: Reuniclus|Reuniclus, F|80/100|[from]move: Volt Switch
|
|-weather|Sandstorm|[upkeep]
|upkeep
|
|switch|p1a: Headnown|Sigilyph, M|100/100
|turn|37
|
|move|p1a: Headnown|Cosmic Power|p1a: Headnown
|-boost|p1a: Headnown|def|1
|-boost|p1a: Headnown|spd|1
|move|p2a: Reuniclus|Shadow Ball|p1a: Headnown
|-supereffective|p1a: Headnown
|-damage|p1a: Headnown|42/100
|
|-weather|Sandstorm|[upkeep]
|-status|p1a: Headnown|brn|[from] item: Flame Orb
|upkeep
|turn|38
|
|move|p1a: Headnown|Cosmic Power|p1a: Headnown
|-boost|p1a: Headnown|def|1
|-boost|p1a: Headnown|spd|1
|move|p2a: Reuniclus|Shadow Ball|p1a: Headnown
|-supereffective|p1a: Headnown
|-damage|p1a: Headnown|0 fnt
|faint|p1a: Headnown
|
|-weather|Sandstorm|[upkeep]
|upkeep
|
|switch|p1a: W¡sh & K'3D Shop|Jirachi|70/100
|-damage|p1a: W¡sh & K'3D Shop|64/100|[from] Stealth Rock
|turn|39
|
|switch|p2a: Tyranitar|Tyranitar, M|8/100
|-damage|p2a: Tyranitar|0 fnt|[from] Spikes
|faint|p2a: Tyranitar
|move|p1a: W¡sh & K'3D Shop|Body Slam|p2: Tyranitar|[notarget]
|-fail|p1a: W¡sh & K'3D Shop
|
|-weather|Sandstorm|[upkeep]
|-heal|p1a: W¡sh & K'3D Shop|70/100|[from] item: Leftovers
|upkeep
|
|switch|p2a: Rotom|Rotom-Wash|15/100
|-damage|p2a: Rotom|2/100|[from] Stealth Rock
|turn|40
|
|move|p1a: W¡sh & K'3D Shop|Iron Head|p2a: Rotom
|-resisted|p2a: Rotom
|-damage|p2a: Rotom|0 fnt
|faint|p2a: Rotom
|
|-weather|Sandstorm|[upkeep]
|-heal|p1a: W¡sh & K'3D Shop|76/100|[from] item: Leftovers
|upkeep
|
|switch|p2a: Landorus|Landorus-Therian, M|83/100
|-damage|p2a: Landorus|71/100|[from] Stealth Rock
|-ability|p2a: Landorus|Intimidate|boost
|-unboost|p1a: W¡sh & K'3D Shop|atk|1
|turn|41
|
|switch|p1a: Hattori el ninja|Hippowdon, F|57/100
|-damage|p1a: Hattori el ninja|51/100|[from] Stealth Rock
|move|p2a: Landorus|Earthquake|p1a: Hattori el ninja
|-damage|p1a: Hattori el ninja|17/100
|
|-weather|Sandstorm|[upkeep]
|-heal|p2a: Landorus|77/100|[from] item: Leftovers
|-heal|p1a: Hattori el ninja|23/100|[from] item: Leftovers
|upkeep
|turn|42
|
|move|p2a: Landorus|Earthquake|p1a: Hattori el ninja
|-damage|p1a: Hattori el ninja|0 fnt
|faint|p1a: Hattori el ninja
|
|-weather|Sandstorm|[upkeep]
|-heal|p2a: Landorus|83/100|[from] item: Leftovers
|upkeep
|
|switch|p1a: Amu Pinguilí|Gastrodon-East, F|88/100 brn
|-damage|p1a: Amu Pinguilí|82/100 brn|[from] Stealth Rock
|turn|43
|
|move|p2a: Landorus|U-turn|p1a: Amu Pinguilí
|-damage|p1a: Amu Pinguilí|58/100 brn
|
|switch|p2a: Reuniclus|Reuniclus, F|80/100|[from]move: U-turn
|move|p1a: Amu Pinguilí|Earth Power|p2a: Reuniclus
|-crit|p2a: Reuniclus
|-damage|p2a: Reuniclus|25/100
|
|-weather|Sandstorm|[upkeep]
|-heal|p1a: Amu Pinguilí|64/100 brn|[from] item: Leftovers
|-damage|p1a: Amu Pinguilí|52/100 brn|[from] brn
|upkeep
|turn|44
|
|switch|p2a: Dragonite|Dragonite, M|70/100
|-damage|p2a: Dragonite|45/100|[from] Stealth Rock
|move|p1a: Amu Pinguilí|Earth Power|p2a: Dragonite
|-immune|p2a: Dragonite
|
|-weather|Sandstorm|[upkeep]
|-damage|p2a: Dragonite|39/100|[from] Sandstorm
|-heal|p1a: Amu Pinguilí|58/100 brn|[from] item: Leftovers
|-damage|p1a: Amu Pinguilí|45/100 brn|[from] brn
|upkeep
|turn|45
|
|move|p2a: Dragonite|Outrage|p1a: Amu Pinguilí
|-damage|p1a: Amu Pinguilí|0 fnt
|faint|p1a: Amu Pinguilí
|
|-weather|Sandstorm|[upkeep]
|-damage|p2a: Dragonite|32/100|[from] Sandstorm
|upkeep
|
|switch|p1a: Mafrén|Excadrill, M|100/100
|-damage|p1a: Mafrén|97/100|[from] Stealth Rock
|turn|46
|
|move|p1a: Mafrén|Rock Slide|p2a: Dragonite
|-supereffective|p2a: Dragonite
|-crit|p2a: Dragonite
|-damage|p2a: Dragonite|0 fnt
|faint|p2a: Dragonite
|
|-weather|Sandstorm|[upkeep]
|upkeep
|
|switch|p2a: Landorus|Landorus-Therian, M|83/100
|-damage|p2a: Landorus|71/100|[from] Stealth Rock
|-ability|p2a: Landorus|Intimidate|boost
|-unboost|p1a: Mafrén|atk|1
|turn|47
|
|move|p1a: Mafrén|Rock Slide|p2a: Landorus
|-damage|p2a: Landorus|52/100
|cant|p2a: Landorus|flinch
|
|-weather|Sandstorm|[upkeep]
|-heal|p2a: Landorus|58/100|[from] item: Leftovers
|upkeep
|turn|48
|inactive|STATS Xavi has 120 seconds left.
|
|switch|p1a: W¡sh & K'3D Shop|Jirachi|76/100
|-damage|p1a: W¡sh & K'3D Shop|70/100|[from] Stealth Rock
|move|p2a: Landorus|Earthquake|p1a: W¡sh & K'3D Shop
|-supereffective|p1a: W¡sh & K'3D Shop
|-damage|p1a: W¡sh & K'3D Shop|0 fnt
|faint|p1a: W¡sh & K'3D Shop
|
|-weather|Sandstorm|[upkeep]
|-heal|p2a: Landorus|64/100|[from] item: Leftovers
|upkeep
|
|switch|p1a: Mafrén|Excadrill, M|97/100
|-damage|p1a: Mafrén|94/100|[from] Stealth Rock
|turn|49
|
|move|p1a: Mafrén|Rock Slide|p2a: Landorus
|-damage|p2a: Landorus|35/100
|move|p2a: Landorus|Earthquake|p1a: Mafrén
|-supereffective|p1a: Mafrén
|-damage|p1a: Mafrén|0 fnt
|faint|p1a: Mafrén
|
|win|DLNineflo
|c|☆STATS Xavi|And I tought it would be easy
|raw|STATS Xavi's rating: 1384 &rarr; <strong>1359</strong><br />(-25 for losing)
|raw|DLNineflo's rating: 1293 &rarr; <strong>1324</strong><br />(+31 for winning)
|c|☆STATS Xavi|Maybe I understimated you
|l|☆STATS Xavi
