|uhtml|medal-msg|<div class="broadcast-blue">Curious what those medals under the avatar are? PS now has Ladder Seasons! For more information, check out the <a href="https://www.smogon.com/forums/threads/3740067/">thread on Smogon.</a></div>
|uhtml|medal-msg|<div class="broadcast-blue">Curious what those medals under the avatar are? PS now has Ladder Seasons! For more information, check out the <a href="https://www.smogon.com/forums/threads/3740067/">thread on Smogon.</a></div>
|j|☆estalos
|j|☆LittleBlueHat
|t:|1713556111
|gametype|singles
|player|p1|estalos|170|1285
|player|p2|LittleBlueHat|teacher-gen2|1396
|teamsize|p1|6
|teamsize|p2|6
|gen|5
|tier|[Gen 5] OU
|rated|
|rule|Species Clause: Limit one of each Pokémon
|rule|OHKO Clause: OHKO moves are banned
|rule|Moody Clause: Moody is banned
|rule|Evasion Items Clause: Evasion items are banned
|rule|Evasion Moves Clause: Evasion moves are banned
|rule|Endless Battle Clause: Forcing endless battles is banned
|rule|HP Percentage Mod: HP is shown in percentages
|rule|Evasion Abilities Clause: Evasion abilities are banned
|rule|Sleep Moves Clause: Sleep-inducing moves are banned
|rule|Swagger Clause: Swagger is banned
|rule|Baton Pass Stat Clause: No Baton Passer may have a way to boost its stats
|clearpoke
|poke|p1|Cloyster, F|item
|poke|p1|Skarmory, F|item
|poke|p1|Starmie|item
|poke|p1|Scizor, F|item
|poke|p1|Volcarona, F|item
|poke|p1|Landorus-Therian, M|item
|poke|p2|Blissey, F|item
|poke|p2|Hippowdon, F|item
|poke|p2|Skarmory, F|item
|poke|p2|Reuniclus, M|item
|poke|p2|Excadrill, F|item
|poke|p2|Jellicent, F|item
|teampreview
|
|t:|1713556138
|start
|switch|p1a: Skarmory|Skarmory, F|100/100
|switch|p2a: Jellicent|Jellicent, F|100/100
|turn|1
|
|t:|1713556142
|move|p1a: Skarmory|Taunt|p2a: Jellicent
|-start|p2a: Jellicent|move: Taunt
|cant|p2a: Jellicent|move: Taunt|Taunt
|
|upkeep
|turn|2
|
|t:|1713556147
|move|p1a: Skarmory|Stealth Rock|p2a: Jellicent
|-sidestart|p2: LittleBlueHat|move: Stealth Rock
|move|p2a: Jellicent|Night Shade|p1a: Skarmory
|-damage|p1a: Skarmory|64/100
|
|upkeep
|turn|3
|
|t:|1713556150
|move|p1a: Skarmory|Spikes|p2a: Jellicent
|-sidestart|p2: LittleBlueHat|Spikes
|move|p2a: Jellicent|Night Shade|p1a: Skarmory
|-damage|p1a: Skarmory|27/100
|
|-end|p2a: Jellicent|move: Taunt
|upkeep
|turn|4
|
|t:|1713556158
|switch|p2a: Skarmory|Skarmory, F|100/100
|-damage|p2a: Skarmory|88/100|[from] Stealth Rock
|move|p1a: Skarmory|Spikes|p2a: Skarmory
|-sidestart|p2: LittleBlueHat|Spikes
|
|upkeep
|turn|5
|
|t:|1713556164
|move|p1a: Skarmory|Taunt|p2a: Skarmory
|-start|p2a: Skarmory|move: Taunt
|move|p2a: Skarmory|Brave Bird|p1a: Skarmory
|-resisted|p1a: Skarmory
|-damage|p1a: Skarmory|11/100
|-damage|p2a: Skarmory|84/100|[from] Recoil
|
|upkeep
|turn|6
|-enditem|p1a: Skarmory|Custap Berry|[eat]
|-activate|p1a: Skarmory|item: Custap Berry|[consumed]
|
|t:|1713556172
|move|p1a: Skarmory|Spikes|p2a: Skarmory
|-sidestart|p2: LittleBlueHat|Spikes
|move|p2a: Skarmory|Brave Bird|p1a: Skarmory
|-resisted|p1a: Skarmory
|-damage|p1a: Skarmory|0 fnt
|faint|p1a: Skarmory
|-damage|p2a: Skarmory|81/100|[from] Recoil
|
|upkeep
|
|t:|1713556178
|switch|p1a: Cloyster|Cloyster, F|100/100
|turn|7
|
|t:|1713556184
|move|p1a: Cloyster|Shell Smash|p1a: Cloyster
|-unboost|p1a: Cloyster|def|1
|-unboost|p1a: Cloyster|spd|1
|-boost|p1a: Cloyster|atk|2
|-boost|p1a: Cloyster|spa|2
|-boost|p1a: Cloyster|spe|2
|move|p2a: Skarmory|Brave Bird|p1a: Cloyster
|-damage|p1a: Cloyster|59/100
|-damage|p2a: Skarmory|71/100|[from] Recoil
|
|-end|p2a: Skarmory|move: Taunt
|upkeep
|turn|8
|
|t:|1713556194
|move|p1a: Cloyster|Icicle Spear|p2a: Skarmory
|-damage|p2a: Skarmory|56/100
|-damage|p2a: Skarmory|41/100
|-damage|p2a: Skarmory|25/100
|-damage|p2a: Skarmory|8/100
|-damage|p2a: Skarmory|0 fnt
|faint|p2a: Skarmory
|-hitcount|p2: Skarmory|5
|
|upkeep
|
|t:|1713556203
|switch|p2a: Jellicent|Jellicent, F|100/100
|-damage|p2a: Jellicent|88/100|[from] Stealth Rock
|-damage|p2a: Jellicent|63/100|[from] Spikes
|turn|9
|
|t:|1713556206
|move|p1a: Cloyster|Rock Blast|p2a: Jellicent
|-crit|p2a: Jellicent
|-damage|p2a: Jellicent|31/100
|-damage|p2a: Jellicent|17/100
|-damage|p2a: Jellicent|3/100
|-damage|p2a: Jellicent|0 fnt
|faint|p2a: Jellicent
|-hitcount|p2: Jellicent|4
|
|upkeep
|-message|LittleBlueHat forfeited.
|
|win|estalos
|raw|estalos's rating: 1285 &rarr; <strong>1318</strong><br />(+33 for winning)
|raw|LittleBlueHat's rating: 1396 &rarr; <strong>1370</strong><br />(-26 for losing)
|l|☆LittleBlueHat
|player|p2|
