|j|‽baixiaohen
|j|‽Wifike
|t:|1744606065
|gametype|singles
|player|p1|baixiaohen|red|1317
|player|p2|Wifike|2|1474
|teamsize|p1|6
|teamsize|p2|6
|gen|5
|tier|[Gen 5] OU
|rated|
|rule|Species Clause: Limit one of each Pokémon
|rule|OHKO Clause: OHKO moves are banned
|rule|Moody Clause: Moody is banned
|rule|Evasion Items Clause: Evasion items are banned
|rule|Evasion Moves Clause: Evasion moves are banned
|rule|Endless Battle Clause: Forcing endless battles is banned
|rule|HP Percentage Mod: HP is shown in percentages
|rule|Evasion Abilities Clause: Evasion abilities are banned
|rule|Sleep Moves Clause: Sleep-inducing moves are banned
|rule|Swagger Clause: Swagger is banned
|rule|Baton Pass Stat Clause: No Baton Passer may have a way to boost its stats
|clearpoke
|poke|p1|Jirachi|item
|poke|p1|Scizor, M|item
|poke|p1|Celebi|item
|poke|p1|Gyarados, F|item
|poke|p1|Heatran, F|item
|poke|p1|Starmie|item
|poke|p2|Garchomp, F|item
|poke|p2|Terrakion|item
|poke|p2|Starmie|item
|poke|p2|Dragonite, M|item
|poke|p2|Scizor, F|item
|poke|p2|Breloom, F|item
|teampreview
|inactive|Battle timer is ON: inactive players will automatically lose when time's up. (requested by Wifike)
|inactive|baixiaohen also wants the timer to be on.
|
|t:|1744606087
|start
|switch|p1a: Jirachi|Jirachi, shiny|100/100
|switch|p2a: Terrakion|Terrakion|100/100
|turn|1
|
|t:|1744606097
|move|p1a: Jirachi|Iron Head|p2a: Terrakion
|-supereffective|p2a: Terrakion
|-damage|p2a: Terrakion|22/100
|cant|p2a: Terrakion|flinch
|
|upkeep
|turn|2
|
|t:|1744606104
|switch|p2a: Scizor|Scizor, F|100/100
|move|p1a: Jirachi|Iron Head|p2a: Scizor
|-resisted|p2a: Scizor
|-damage|p2a: Scizor|80/100
|
|upkeep
|turn|3
|
|t:|1744606116
|move|p1a: Jirachi|Iron Head|p2a: Scizor
|-resisted|p2a: Scizor
|-damage|p2a: Scizor|61/100
|cant|p2a: Scizor|flinch
|
|upkeep
|turn|4
|l|‽Wifike
|inactive|Wifike disconnected and has a minute to reconnect!
|player|p2|
|inactive|Wifike has 30 seconds to reconnect!
|j|‽Wifike
|inactive|Wifike reconnected and has 105 seconds left.
|player|p2|Wifike|2|
|n|‽Wifike|wifike
|
|t:|1744606169
|move|p1a: Jirachi|Iron Head|p2a: Scizor
|-resisted|p2a: Scizor
|-damage|p2a: Scizor|41/100
|cant|p2a: Scizor|flinch
|
|upkeep
|turn|5
|
|t:|1744606177
|move|p1a: Jirachi|Iron Head|p2a: Scizor
|-resisted|p2a: Scizor
|-damage|p2a: Scizor|20/100
|cant|p2a: Scizor|flinch
|
|upkeep
|turn|6
|
|t:|1744606193
|move|p1a: Jirachi|Iron Head|p2a: Scizor
|-resisted|p2a: Scizor
|-damage|p2a: Scizor|0 fnt
|faint|p2a: Scizor
|
|upkeep
|
|t:|1744606213
|switch|p2a: Garchomp|Garchomp, F|100/100
|turn|7
|
|t:|1744606222
|move|p1a: Jirachi|Iron Head|p2a: Garchomp
|-damage|p2a: Garchomp|63/100
|-damage|p1a: Jirachi|88/100|[from] ability: Rough Skin|[of] p2a: Garchomp
|cant|p2a: Garchomp|flinch
|
|upkeep
|turn|8
|
|t:|1744606228
|move|p1a: Jirachi|Iron Head|p2a: Garchomp
|-damage|p2a: Garchomp|25/100
|-damage|p1a: Jirachi|76/100|[from] ability: Rough Skin|[of] p2a: Garchomp
|cant|p2a: Garchomp|flinch
|
|upkeep
|turn|9
|
|t:|1744606240
|switch|p2a: Starmie|Starmie|100/100
|-item|p2a: Starmie|Air Balloon
|move|p1a: Jirachi|Iron Head|p2a: Starmie
|-resisted|p2a: Starmie
|-damage|p2a: Starmie|73/100
|-enditem|p2a: Starmie|Air Balloon
|
|upkeep
|turn|10
|
|t:|1744606249
|move|p1a: Jirachi|Iron Head|p2a: Starmie
|-resisted|p2a: Starmie
|-damage|p2a: Starmie|48/100
|move|p2a: Starmie|Hydro Pump|p1a: Jirachi
|-damage|p1a: Jirachi|3/100
|
|upkeep
|turn|11
|inactive|Wifike has 120 seconds left.
|
|t:|1744606255
|move|p1a: Jirachi|Iron Head|p2a: Starmie
|-resisted|p2a: Starmie
|-damage|p2a: Starmie|20/100
|cant|p2a: Starmie|flinch
|
|upkeep
|turn|12
|
|t:|1744606267
|move|p1a: Jirachi|Iron Head|p2a: Starmie
|-resisted|p2a: Starmie
|-damage|p2a: Starmie|0 fnt
|faint|p2a: Starmie
|
|upkeep
|
|t:|1744606279
|switch|p2a: Breloom|Breloom, F|100/100
|turn|13
|
|t:|1744606282
|switch|p1a: Celebi|Celebi|100/100
|move|p2a: Breloom|Mach Punch|p1a: Celebi
|-resisted|p1a: Celebi
|-damage|p1a: Celebi|81/100
|-damage|p2a: Breloom|91/100|[from] item: Life Orb
|
|-heal|p1a: Celebi|87/100|[from] item: Leftovers
|upkeep
|turn|14
|
|t:|1744606295
|move|p1a: Celebi|Thunder Wave|p2a: Breloom
|-status|p2a: Breloom|par
|move|p2a: Breloom|Low Sweep|p1a: Celebi
|-resisted|p1a: Celebi
|-damage|p1a: Celebi|57/100
|-unboost|p1a: Celebi|spe|1
|-damage|p2a: Breloom|81/100 par|[from] item: Life Orb
|
|-heal|p1a: Celebi|64/100|[from] item: Leftovers
|upkeep
|turn|15
|
|t:|1744606301
|move|p2a: Breloom|Mach Punch|p1a: Celebi
|-resisted|p1a: Celebi
|-damage|p1a: Celebi|45/100
|-damage|p2a: Breloom|71/100 par|[from] item: Life Orb
|move|p1a: Celebi|Psychic|p2a: Breloom
|-supereffective|p2a: Breloom
|-crit|p2a: Breloom
|-damage|p2a: Breloom|0 fnt
|faint|p2a: Breloom
|
|-heal|p1a: Celebi|51/100|[from] item: Leftovers
|upkeep
|
|t:|1744606309
|switch|p2a: Garchomp|Garchomp, F|25/100
|turn|16
|
|t:|1744606314
|move|p2a: Garchomp|Outrage|p1a: Celebi
|-damage|p1a: Celebi|0 fnt
|faint|p1a: Celebi
|
|upkeep
|
|t:|1744606326
|switch|p1a: Heatran|Heatran, F, shiny|100/100
|turn|17
|
|t:|1744606330
|move|p2a: Garchomp|Outrage|p1a: Heatran|[from] lockedmove
|-resisted|p1a: Heatran
|-damage|p1a: Heatran|70/100
|move|p1a: Heatran|Stealth Rock|p2a: Garchomp
|-sidestart|p2: Wifike|move: Stealth Rock
|
|-heal|p1a: Heatran|76/100|[from] item: Leftovers
|upkeep
|turn|18
|
|t:|1744606334
|move|p2a: Garchomp|Outrage|p1a: Heatran|[from] lockedmove
|-resisted|p1a: Heatran
|-damage|p1a: Heatran|46/100
|-start|p2a: Garchomp|confusion|[fatigue]
|move|p1a: Heatran|Earth Power|p2a: Garchomp
|-damage|p2a: Garchomp|0 fnt
|faint|p2a: Garchomp
|
|-heal|p1a: Heatran|53/100|[from] item: Leftovers
|upkeep
|
|t:|1744606339
|switch|p2a: Terrakion|Terrakion|22/100
|-damage|p2a: Terrakion|16/100|[from] Stealth Rock
|turn|19
|inactive|Wifike has 120 seconds left.
|
|t:|1744606394
|move|p2a: Terrakion|Stealth Rock|p1a: Heatran
|-sidestart|p1: baixiaohen|move: Stealth Rock
|move|p1a: Heatran|Earth Power|p2a: Terrakion
|-supereffective|p2a: Terrakion
|-damage|p2a: Terrakion|0 fnt
|faint|p2a: Terrakion
|
|-heal|p1a: Heatran|59/100|[from] item: Leftovers
|upkeep
|
|t:|1744606397
|switch|p2a: Dragonite|Dragonite, M|100/100
|-damage|p2a: Dragonite|76/100|[from] Stealth Rock
|turn|20
|
|t:|1744606405
|move|p2a: Dragonite|Dragon Dance|p2a: Dragonite
|-boost|p2a: Dragonite|atk|1
|-boost|p2a: Dragonite|spe|1
|move|p1a: Heatran|Will-O-Wisp|p2a: Dragonite
|-status|p2a: Dragonite|brn
|
|-heal|p1a: Heatran|65/100|[from] item: Leftovers
|-damage|p2a: Dragonite|63/100 brn|[from] brn
|upkeep
|turn|21
|
|t:|1744606420
|move|p2a: Dragonite|Dragon Dance|p2a: Dragonite
|-boost|p2a: Dragonite|atk|1
|-boost|p2a: Dragonite|spe|1
|move|p1a: Heatran|Fire Blast|p2a: Dragonite
|-resisted|p2a: Dragonite
|-damage|p2a: Dragonite|35/100 brn
|
|-heal|p1a: Heatran|71/100|[from] item: Leftovers
|-damage|p2a: Dragonite|23/100 brn|[from] brn
|upkeep
|turn|22
|-message|Wifike forfeited.
|
|win|baixiaohen
|raw|baixiaohen's rating: 1317 &rarr; <strong>1345</strong><br />(+28 for winning)
|raw|Wifike's rating: 1474 &rarr; <strong>1446</strong><br />(-28 for losing)
|l|‽Wifike
|player|p2|
|j|‽Wifike
|player|p2|Wifike|2|
