|j|☆SpartanRebornFRA
|j|☆rabian
|t:|1727391745
|gametype|singles
|player|p1|SpartanRebornFRA|lucas|1336
|player|p2|rabian|iris-gen5bw2|1378
|teamsize|p1|6
|teamsize|p2|6
|gen|5
|tier|[Gen 5] OU
|rated|
|rule|Species Clause: Limit one of each Pokémon
|rule|OHKO Clause: OHKO moves are banned
|rule|Moody Clause: Moody is banned
|rule|Evasion Items Clause: Evasion items are banned
|rule|Evasion Moves Clause: Evasion moves are banned
|rule|Endless Battle Clause: Forcing endless battles is banned
|rule|HP Percentage Mod: HP is shown in percentages
|rule|Evasion Abilities Clause: Evasion abilities are banned
|rule|Sleep Moves Clause: Sleep-inducing moves are banned
|rule|Swagger Clause: Swagger is banned
|rule|Baton Pass Stat Clause: No Baton Passer may have a way to boost its stats
|clearpoke
|poke|p1|Alakazam, M|item
|poke|p1|Tyranitar, M|item
|poke|p1|Landorus-Therian, M|item
|poke|p1|Rotom-Wash|item
|poke|p1|Excadrill, M|item
|poke|p1|Latios, M|item
|poke|p2|Jolteon, M|item
|poke|p2|Ferrothorn, M|item
|poke|p2|Politoed, M|item
|poke|p2|Gyarados, M|item
|poke|p2|Toxicroak, F|item
|poke|p2|Tentacruel, F|item
|teampreview
|c|☆rabian|glhf!
|
|t:|1727391782
|start
|switch|p1a: Latios|Latios, M|100/100
|switch|p2a: Squid|Tentacruel, F|100/100
|turn|1
|
|t:|1727391787
|move|p1a: Latios|Thunderbolt|p2a: Squid
|-supereffective|p2a: Squid
|-damage|p2a: Squid|31/100
|move|p2a: Squid|Toxic|p1a: Latios
|-status|p1a: Latios|tox
|
|-heal|p2a: Squid|37/100|[from] item: Black Sludge
|-damage|p1a: Latios|95/100 tox|[from] psn
|upkeep
|turn|2
|
|t:|1727391794
|switch|p1a: Landorus|Landorus-Therian, M|100/100
|-ability|p1a: Landorus|Intimidate|boost
|-unboost|p2a: Squid|atk|1
|switch|p2a: Look at this boi|Jolteon, M|100/100
|
|upkeep
|turn|3
|
|t:|1727391803
|move|p2a: Look at this boi|Hidden Power|p1a: Landorus
|-supereffective|p1a: Landorus
|-enditem|p1a: Landorus|Focus Sash
|-damage|p1a: Landorus|1/100
|move|p1a: Landorus|Stealth Rock|p2a: Look at this boi
|-sidestart|p2: rabian|move: Stealth Rock
|
|upkeep
|turn|4
|
|t:|1727391813
|switch|p2a: Weather Setter|Politoed, M|100/100
|-damage|p2a: Weather Setter|88/100|[from] Stealth Rock
|-weather|RainDance|[from] ability: Drizzle|[of] p2a: Weather Setter
|switch|p1a: Tyranitar|Tyranitar, M|100/100
|-weather|Sandstorm|[from] ability: Sand Stream|[of] p1a: Tyranitar
|
|-weather|Sandstorm|[upkeep]
|-damage|p2a: Weather Setter|82/100|[from] Sandstorm
|-heal|p2a: Weather Setter|88/100|[from] item: Leftovers
|upkeep
|turn|5
|
|t:|1727391822
|move|p1a: Tyranitar|Stone Edge|p2a: Weather Setter|[miss]
|-miss|p1a: Tyranitar|p2a: Weather Setter
|move|p2a: Weather Setter|Toxic|p1a: Tyranitar
|-status|p1a: Tyranitar|tox
|
|-weather|Sandstorm|[upkeep]
|-damage|p2a: Weather Setter|82/100|[from] Sandstorm
|-heal|p2a: Weather Setter|88/100|[from] item: Leftovers
|-damage|p1a: Tyranitar|94/100 tox|[from] psn
|upkeep
|turn|6
|
|t:|1727391831
|move|p2a: Weather Setter|Protect|p2a: Weather Setter
|-singleturn|p2a: Weather Setter|Protect
|move|p1a: Tyranitar|Stone Edge|p2a: Weather Setter
|-activate|p2a: Weather Setter|move: Protect
|
|-weather|Sandstorm|[upkeep]
|-damage|p2a: Weather Setter|82/100|[from] Sandstorm
|-heal|p2a: Weather Setter|88/100|[from] item: Leftovers
|-damage|p1a: Tyranitar|82/100 tox|[from] psn
|upkeep
|turn|7
|
|t:|1727391841
|switch|p1a: Latios|Latios, M|95/100 tox
|move|p2a: Weather Setter|Surf|p1a: Latios
|-resisted|p1a: Latios
|-damage|p1a: Latios|79/100 tox
|
|-weather|Sandstorm|[upkeep]
|-damage|p1a: Latios|73/100 tox|[from] Sandstorm
|-damage|p2a: Weather Setter|82/100|[from] Sandstorm
|-heal|p2a: Weather Setter|88/100|[from] item: Leftovers
|-damage|p1a: Latios|67/100 tox|[from] psn
|upkeep
|turn|8
|
|t:|1727391851
|move|p2a: Weather Setter|Protect|p2a: Weather Setter
|-singleturn|p2a: Weather Setter|Protect
|move|p1a: Latios|Draco Meteor|p2a: Weather Setter
|-activate|p2a: Weather Setter|move: Protect
|
|-weather|Sandstorm|[upkeep]
|-damage|p1a: Latios|61/100 tox|[from] Sandstorm
|-damage|p2a: Weather Setter|82/100|[from] Sandstorm
|-heal|p2a: Weather Setter|88/100|[from] item: Leftovers
|-damage|p1a: Latios|49/100 tox|[from] psn
|upkeep
|turn|9
|
|t:|1727391862
|switch|p2a: Wall|Ferrothorn, M|100/100
|-damage|p2a: Wall|94/100|[from] Stealth Rock
|move|p1a: Latios|Draco Meteor|p2a: Wall
|-resisted|p2a: Wall
|-damage|p2a: Wall|51/100
|-unboost|p1a: Latios|spa|2
|
|-weather|Sandstorm|[upkeep]
|-damage|p1a: Latios|43/100 tox|[from] Sandstorm
|-heal|p2a: Wall|57/100|[from] item: Leftovers
|-damage|p1a: Latios|25/100 tox|[from] psn
|upkeep
|turn|10
|
|t:|1727391872
|switch|p1a: Tyranitar|Tyranitar, M|82/100 tox
|move|p2a: Wall|Stealth Rock|p1a: Tyranitar
|-sidestart|p1: SpartanRebornFRA|move: Stealth Rock
|
|-weather|Sandstorm|[upkeep]
|-heal|p2a: Wall|63/100|[from] item: Leftovers
|-damage|p1a: Tyranitar|76/100 tox|[from] psn
|upkeep
|turn|11
|
|t:|1727391877
|switch|p2a: Weather Setter|Politoed, M|88/100
|-damage|p2a: Weather Setter|75/100|[from] Stealth Rock
|-weather|RainDance|[from] ability: Drizzle|[of] p2a: Weather Setter
|move|p1a: Tyranitar|Superpower|p2a: Weather Setter
|-damage|p2a: Weather Setter|37/100
|-unboost|p1a: Tyranitar|atk|1
|-unboost|p1a: Tyranitar|def|1
|
|-weather|RainDance|[upkeep]
|-heal|p2a: Weather Setter|43/100|[from] item: Leftovers
|-damage|p1a: Tyranitar|64/100 tox|[from] psn
|upkeep
|turn|12
|
|t:|1727391891
|switch|p1a: Excadrill|Excadrill, M|100/100
|-damage|p1a: Excadrill|97/100|[from] Stealth Rock
|-item|p1a: Excadrill|Air Balloon
|move|p2a: Weather Setter|Surf|p1a: Excadrill
|-supereffective|p1a: Excadrill
|-crit|p1a: Excadrill
|-damage|p1a: Excadrill|0 fnt
|-enditem|p1a: Excadrill|Air Balloon
|faint|p1a: Excadrill
|
|-weather|RainDance|[upkeep]
|-heal|p2a: Weather Setter|49/100|[from] item: Leftovers
|upkeep
|
|t:|1727391894
|switch|p1a: Rotom|Rotom-Wash|100/100
|-damage|p1a: Rotom|88/100|[from] Stealth Rock
|turn|13
|c|☆rabian|sorry for the crit
|
|t:|1727391907
|move|p2a: Weather Setter|Protect|p2a: Weather Setter
|-singleturn|p2a: Weather Setter|Protect
|move|p1a: Rotom|Volt Switch|p2a: Weather Setter
|-activate|p2a: Weather Setter|move: Protect
|
|-weather|RainDance|[upkeep]
|-heal|p1a: Rotom|94/100|[from] item: Leftovers
|-heal|p2a: Weather Setter|56/100|[from] item: Leftovers
|upkeep
|turn|14
|
|t:|1727391922
|switch|p2a: Wall|Ferrothorn, M|63/100
|-damage|p2a: Wall|57/100|[from] Stealth Rock
|move|p1a: Rotom|Volt Switch|p2a: Wall
|-resisted|p2a: Wall
|-damage|p2a: Wall|47/100
|
|t:|1727391930
|switch|p1a: Alakazam|Alakazam, M|100/100|[from] Volt Switch
|
|-weather|RainDance|[upkeep]
|-heal|p2a: Wall|53/100|[from] item: Leftovers
|upkeep
|turn|15
|
|t:|1727391936
|move|p1a: Alakazam|Focus Blast|p2a: Wall
|-supereffective|p2a: Wall
|-damage|p2a: Wall|0 fnt
|faint|p2a: Wall
|
|-weather|RainDance|[upkeep]
|upkeep
|
|t:|1727391943
|switch|p2a: Look at this boi|Jolteon, M|100/100
|-damage|p2a: Look at this boi|88/100|[from] Stealth Rock
|turn|16
|
|t:|1727391950
|switch|p1a: Landorus|Landorus-Therian, M|1/100
|-damage|p1a: Landorus|0 fnt|[from] Stealth Rock
|faint|p1a: Landorus
|move|p2a: Look at this boi|Volt Switch|p1: Landorus|[notarget]
|-fail|p2a: Look at this boi
|
|-weather|RainDance|[upkeep]
|upkeep
|
|t:|1727391956
|switch|p1a: Tyranitar|Tyranitar, M|64/100 tox
|-damage|p1a: Tyranitar|51/100 tox|[from] Stealth Rock
|-weather|Sandstorm|[from] ability: Sand Stream|[of] p1a: Tyranitar
|turn|17
|
|t:|1727391959
|move|p2a: Look at this boi|Volt Switch|p1a: Tyranitar
|-damage|p1a: Tyranitar|26/100 tox
|
|t:|1727391965
|switch|p2a: Squid|Tentacruel, F|37/100|[from] Volt Switch
|-damage|p2a: Squid|24/100|[from] Stealth Rock
|move|p1a: Tyranitar|Stone Edge|p2a: Squid
|-damage|p2a: Squid|0 fnt
|faint|p2a: Squid
|
|-weather|Sandstorm|[upkeep]
|-damage|p1a: Tyranitar|20/100 tox|[from] psn
|upkeep
|
|t:|1727391973
|switch|p2a: Weather Setter|Politoed, M|56/100
|-damage|p2a: Weather Setter|43/100|[from] Stealth Rock
|-weather|RainDance|[from] ability: Drizzle|[of] p2a: Weather Setter
|turn|18
|
|t:|1727391982
|move|p1a: Tyranitar|Stone Edge|p2a: Weather Setter|[miss]
|-miss|p1a: Tyranitar|p2a: Weather Setter
|move|p2a: Weather Setter|Surf|p1a: Tyranitar
|-supereffective|p1a: Tyranitar
|-damage|p1a: Tyranitar|0 fnt
|faint|p1a: Tyranitar
|
|-weather|RainDance|[upkeep]
|-heal|p2a: Weather Setter|49/100|[from] item: Leftovers
|upkeep
|
|t:|1727391986
|switch|p1a: Rotom|Rotom-Wash|94/100
|-damage|p1a: Rotom|82/100|[from] Stealth Rock
|turn|19
|c|☆rabian|i'm sorry your luck has been trash this game
|
|t:|1727391997
|move|p2a: Weather Setter|Protect|p2a: Weather Setter
|-singleturn|p2a: Weather Setter|Protect
|move|p1a: Rotom|Hydro Pump|p2a: Weather Setter
|-activate|p2a: Weather Setter|move: Protect
|
|-weather|RainDance|[upkeep]
|-heal|p1a: Rotom|88/100|[from] item: Leftovers
|-heal|p2a: Weather Setter|56/100|[from] item: Leftovers
|upkeep
|turn|20
|
|t:|1727392005
|move|p1a: Rotom|Thunderbolt|p2a: Weather Setter
|-supereffective|p2a: Weather Setter
|-damage|p2a: Weather Setter|10/100
|move|p2a: Weather Setter|Surf|p1a: Rotom
|-resisted|p1a: Rotom
|-damage|p1a: Rotom|68/100
|
|-weather|RainDance|[upkeep]
|-heal|p1a: Rotom|74/100|[from] item: Leftovers
|-heal|p2a: Weather Setter|17/100|[from] item: Leftovers
|upkeep
|turn|21
|
|t:|1727392015
|move|p2a: Weather Setter|Protect|p2a: Weather Setter
|-singleturn|p2a: Weather Setter|Protect
|move|p1a: Rotom|Hydro Pump|p2a: Weather Setter
|-activate|p2a: Weather Setter|move: Protect
|
|-weather|RainDance|[upkeep]
|-heal|p1a: Rotom|80/100|[from] item: Leftovers
|-heal|p2a: Weather Setter|23/100|[from] item: Leftovers
|upkeep
|turn|22
|
|t:|1727392031
|switch|p2a: Trans Flag|Toxicroak, F, shiny|100/100
|-damage|p2a: Trans Flag|94/100|[from] Stealth Rock
|move|p1a: Rotom|Volt Switch|p2a: Trans Flag
|-damage|p2a: Trans Flag|53/100
|
|t:|1727392037
|switch|p1a: Alakazam|Alakazam, M|100/100|[from] Volt Switch
|
|-weather|RainDance|[upkeep]
|-heal|p2a: Trans Flag|65/100|[from] ability: Dry Skin
|upkeep
|turn|23
|
|t:|1727392043
|move|p2a: Trans Flag|Sucker Punch|p1a: Alakazam
|-supereffective|p1a: Alakazam
|-enditem|p1a: Alakazam|Focus Sash
|-damage|p1a: Alakazam|1/100
|move|p1a: Alakazam|Psyshock|p2a: Trans Flag
|-supereffective|p2a: Trans Flag
|-damage|p2a: Trans Flag|0 fnt
|faint|p2a: Trans Flag
|
|-weather|RainDance|[upkeep]
|upkeep
|
|t:|1727392051
|switch|p2a: Look at this boi|Jolteon, M|88/100
|-damage|p2a: Look at this boi|75/100|[from] Stealth Rock
|turn|24
|
|t:|1727392058
|switch|p1a: Latios|Latios, M|25/100 tox
|-damage|p1a: Latios|13/100 tox|[from] Stealth Rock
|move|p2a: Look at this boi|Thunder|p1a: Latios
|-resisted|p1a: Latios
|-damage|p1a: Latios|0 fnt
|faint|p1a: Latios
|
|-weather|RainDance|[upkeep]
|upkeep
|
|t:|1727392062
|switch|p1a: Rotom|Rotom-Wash|80/100
|-damage|p1a: Rotom|68/100|[from] Stealth Rock
|turn|25
|
|t:|1727392075
|switch|p2a: Weather Setter|Politoed, M|23/100
|-damage|p2a: Weather Setter|10/100|[from] Stealth Rock
|move|p1a: Rotom|Hydro Pump|p2a: Weather Setter
|-resisted|p2a: Weather Setter
|-damage|p2a: Weather Setter|0 fnt
|faint|p2a: Weather Setter
|
|-weather|RainDance|[upkeep]
|-heal|p1a: Rotom|74/100|[from] item: Leftovers
|upkeep
|
|t:|1727392083
|switch|p2a: Look at this boi|Jolteon, M|75/100
|-damage|p2a: Look at this boi|63/100|[from] Stealth Rock
|turn|26
|
|t:|1727392086
|move|p2a: Look at this boi|Volt Switch|p1a: Rotom
|-damage|p1a: Rotom|46/100
|
|t:|1727392089
|switch|p2a: Just A Magikarp|Gyarados, M, shiny|100/100|[from] Volt Switch
|-damage|p2a: Just A Magikarp|76/100|[from] Stealth Rock
|-ability|p2a: Just A Magikarp|Intimidate|boost
|-unboost|p1a: Rotom|atk|1
|move|p1a: Rotom|Hydro Pump|p2a: Just A Magikarp
|-resisted|p2a: Just A Magikarp
|-damage|p2a: Just A Magikarp|44/100
|
|-weather|RainDance|[upkeep]
|-heal|p1a: Rotom|52/100|[from] item: Leftovers
|-heal|p2a: Just A Magikarp|50/100|[from] item: Leftovers
|upkeep
|turn|27
|c|☆rabian|huh
|c|☆rabian|you may win anyway
|
|t:|1727392108
|move|p1a: Rotom|Thunderbolt|p2a: Just A Magikarp
|-supereffective|p2a: Just A Magikarp
|-damage|p2a: Just A Magikarp|0 fnt
|faint|p2a: Just A Magikarp
|
|-weather|RainDance|[upkeep]
|-heal|p1a: Rotom|58/100|[from] item: Leftovers
|upkeep
|c|☆rabian|gg
|c|☆rabian|you won that read
|
|t:|1727392117
|switch|p2a: Look at this boi|Jolteon, M|63/100
|-damage|p2a: Look at this boi|50/100|[from] Stealth Rock
|turn|28
|
|t:|1727392119
|move|p2a: Look at this boi|Thunder|p1a: Rotom
|-damage|p1a: Rotom|6/100
|move|p1a: Rotom|Hydro Pump|p2a: Look at this boi
|-damage|p2a: Look at this boi|0 fnt
|faint|p2a: Look at this boi
|
|win|SpartanRebornFRA
|raw|SpartanRebornFRA's rating: 1356 &rarr; <strong>1377</strong><br />(+21 for winning)
|raw|rabian's rating: 1378 &rarr; <strong>1357</strong><br />(-21 for losing)
