|j|☆seanb143
|j|‽MegaStarUniverse
|t:|1726349437
|gametype|singles
|player|p1|seanb143|emmet|1396
|player|p2|MegaStarUniverse|nate|1450
|teamsize|p1|6
|teamsize|p2|6
|gen|5
|tier|[Gen 5] OU
|rated|
|rule|Species Clause: Limit one of each Pokémon
|rule|OHKO Clause: OHKO moves are banned
|rule|Moody Clause: Moody is banned
|rule|Evasion Items Clause: Evasion items are banned
|rule|Evasion Moves Clause: Evasion moves are banned
|rule|Endless Battle Clause: Forcing endless battles is banned
|rule|HP Percentage Mod: HP is shown in percentages
|rule|Evasion Abilities Clause: Evasion abilities are banned
|rule|Sleep Moves Clause: Sleep-inducing moves are banned
|rule|Swagger Clause: Swagger is banned
|rule|Baton Pass Stat Clause: No Baton Passer may have a way to boost its stats
|clearpoke
|poke|p1|Heatran, M|item
|poke|p1|Jellicent, F|item
|poke|p1|Forretress, F|item
|poke|p1|Honchkrow, M|item
|poke|p1|Magnezone|item
|poke|p1|Weavile, M|item
|poke|p2|Tyranitar, M|item
|poke|p2|Landorus-Therian, M|item
|poke|p2|Keldeo|item
|poke|p2|Latios, M|item
|poke|p2|Jirachi|item
|poke|p2|Garchomp, M|item
|teampreview
|inactive|Battle timer is ON: inactive players will automatically lose when time's up. (requested by seanb143)
|
|t:|1726349444
|start
|switch|p1a: Jellicent|Jellicent, F, shiny|100/100
|switch|p2a: Jirachi|Jirachi|100/100
|turn|1
|
|t:|1726349447
|move|p2a: Jirachi|Energy Ball|p1a: Jellicent
|-supereffective|p1a: Jellicent
|-damage|p1a: Jellicent|74/100
|move|p1a: Jellicent|Will-O-Wisp|p2a: Jirachi
|-status|p2a: Jirachi|brn
|
|-heal|p1a: Jellicent|80/100|[from] item: Leftovers
|-damage|p2a: Jirachi|88/100 brn|[from] brn
|upkeep
|turn|2
|
|t:|1726349453
|move|p2a: Jirachi|Energy Ball|p1a: Jellicent
|-supereffective|p1a: Jellicent
|-damage|p1a: Jellicent|55/100
|move|p1a: Jellicent|Will-O-Wisp|p2a: Jirachi
|-fail|p2a: Jirachi|brn
|
|-heal|p1a: Jellicent|61/100|[from] item: Leftovers
|-damage|p2a: Jirachi|76/100 brn|[from] brn
|upkeep
|turn|3
|
|t:|1726349458
|move|p2a: Jirachi|U-turn|p1a: Jellicent
|-resisted|p1a: Jellicent
|-damage|p1a: Jellicent|56/100
|
|t:|1726349460
|switch|p2a: Garchomp|Garchomp, M|100/100|[from] U-turn
|move|p1a: Jellicent|Recover|p1a: Jellicent
|-heal|p1a: Jellicent|100/100
|
|upkeep
|turn|4
|
|t:|1726349464
|move|p2a: Garchomp|Earthquake|p1a: Jellicent
|-damage|p1a: Jellicent|37/100
|-damage|p2a: Garchomp|91/100|[from] item: Life Orb
|move|p1a: Jellicent|Will-O-Wisp|p2a: Garchomp
|-status|p2a: Garchomp|brn
|
|-heal|p1a: Jellicent|43/100|[from] item: Leftovers
|-damage|p2a: Garchomp|78/100 brn|[from] brn
|upkeep
|turn|5
|
|t:|1726349471
|switch|p1a: Honchkrow|Honchkrow, M, shiny|100/100
|move|p2a: Garchomp|Draco Meteor|p1a: Honchkrow
|-damage|p1a: Honchkrow|8/100
|-unboost|p2a: Garchomp|spa|2
|-damage|p2a: Garchomp|69/100 brn|[from] item: Life Orb
|
|-heal|p1a: Honchkrow|15/100|[from] item: Leftovers
|-damage|p2a: Garchomp|56/100 brn|[from] brn
|upkeep
|turn|6
|
|t:|1726349478
|switch|p2a: Tyranitar|Tyranitar, M|100/100
|-weather|Sandstorm|[from] ability: Sand Stream|[of] p2a: Tyranitar
|switch|p1a: Heatran|Heatran, M, shiny|100/100
|
|-weather|Sandstorm|[upkeep]
|upkeep
|turn|7
|
|t:|1726349482
|move|p1a: Heatran|Stealth Rock|p2a: Tyranitar
|-sidestart|p2: MegaStarUniverse|move: Stealth Rock
|move|p2a: Tyranitar|Stealth Rock|p1a: Heatran
|-sidestart|p1: seanb143|move: Stealth Rock
|
|-weather|Sandstorm|[upkeep]
|upkeep
|turn|8
|
|t:|1726349489
|switch|p2a: Garchomp|Garchomp, M|56/100 brn
|-damage|p2a: Garchomp|50/100 brn|[from] Stealth Rock
|move|p1a: Heatran|Lava Plume|p2a: Garchomp
|-resisted|p2a: Garchomp
|-damage|p2a: Garchomp|30/100 brn
|
|-weather|Sandstorm|[upkeep]
|-damage|p2a: Garchomp|18/100 brn|[from] brn
|upkeep
|turn|9
|
|t:|1726349491
|move|p1a: Heatran|Protect|p1a: Heatran
|-singleturn|p1a: Heatran|Protect
|move|p2a: Garchomp|Earthquake|p1a: Heatran
|-activate|p1a: Heatran|move: Protect
|
|-weather|Sandstorm|[upkeep]
|-damage|p2a: Garchomp|6/100 brn|[from] brn
|upkeep
|turn|10
|
|t:|1726349496
|move|p1a: Heatran|Protect||[still]
|-fail|p1a: Heatran
|move|p2a: Garchomp|Earthquake|p1a: Heatran
|-supereffective|p1a: Heatran
|-damage|p1a: Heatran|3/100
|-damage|p2a: Garchomp|0 fnt|[from] item: Life Orb
|faint|p2a: Garchomp
|
|-weather|Sandstorm|[upkeep]
|-heal|p1a: Heatran|9/100|[from] item: Leftovers
|upkeep
|
|t:|1726349521
|switch|p2a: Landorus|Landorus-Therian, M|100/100
|-damage|p2a: Landorus|88/100|[from] Stealth Rock
|-ability|p2a: Landorus|Intimidate|boost
|-unboost|p1a: Heatran|atk|1
|turn|11
|
|t:|1726349526
|move|p1a: Heatran|Protect|p1a: Heatran
|-singleturn|p1a: Heatran|Protect
|move|p2a: Landorus|Earthquake|p1a: Heatran
|-activate|p1a: Heatran|move: Protect
|
|-weather|Sandstorm|[upkeep]
|-heal|p1a: Heatran|15/100|[from] item: Leftovers
|upkeep
|turn|12
|inactive|MegaStarUniverse has 120 seconds left.
|
|t:|1726349563
|switch|p1a: Forretress|Forretress, F, shiny|100/100
|-damage|p1a: Forretress|88/100|[from] Stealth Rock
|move|p2a: Landorus|Earthquake|p1a: Forretress
|-crit|p1a: Forretress
|-damage|p1a: Forretress|19/100
|
|-weather|Sandstorm|[upkeep]
|-heal|p1a: Forretress|25/100|[from] item: Leftovers
|upkeep
|turn|13
|-message|seanb143 forfeited.
|
|win|MegaStarUniverse
|raw|seanb143's rating: 1396 &rarr; <strong>1379</strong><br />(-17 for losing)
|raw|MegaStarUniverse's rating: 1450 &rarr; <strong>1467</strong><br />(+17 for winning)
|l|☆seanb143
|player|p1|
