|j|☆daddy_days2
|j|☆darksideofthemoo
|t:|1739567831
|gametype|singles
|player|p1|daddy_days2|hugh|1369
|player|p2|darksideofthemoo|169|1344
|teamsize|p1|6
|teamsize|p2|6
|gen|5
|tier|[Gen 5] OU
|rated|
|rule|Species Clause: Limit one of each Pokémon
|rule|OHKO Clause: OHKO moves are banned
|rule|Moody Clause: Moody is banned
|rule|Evasion Items Clause: Evasion items are banned
|rule|Evasion Moves Clause: Evasion moves are banned
|rule|Endless Battle Clause: Forcing endless battles is banned
|rule|HP Percentage Mod: HP is shown in percentages
|rule|Evasion Abilities Clause: Evasion abilities are banned
|rule|Sleep Moves Clause: Sleep-inducing moves are banned
|rule|Swagger Clause: Swagger is banned
|rule|Baton Pass Stat Clause: No Baton Passer may have a way to boost its stats
|clearpoke
|poke|p1|Kyurem-Black|item
|poke|p1|Garchomp, M|item
|poke|p1|Conkeldurr, M|item
|poke|p1|Starmie|item
|poke|p1|Bisharp, F|item
|poke|p1|Scyther, M|item
|poke|p2|Garchomp, F|item
|poke|p2|Volcarona, F|item
|poke|p2|Dragonite, M|item
|poke|p2|Breloom, M|item
|poke|p2|Starmie|item
|poke|p2|Scizor, F|item
|teampreview
|
|t:|1739567848
|start
|switch|p1a: Blade|Scyther, M|100/100
|switch|p2a: Garchomp|Garchomp, F|100/100
|turn|1
|
|t:|1739567855
|move|p1a: Blade|U-turn|p2a: Garchomp
|-damage|p2a: Garchomp|65/100
|-damage|p1a: Blade|88/100|[from] ability: Rough Skin|[of] p2a: Garchomp
|
|t:|1739567858
|switch|p1a: Painkiller|Garchomp, M|100/100|[from] U-turn
|move|p2a: Garchomp|Stealth Rock|p1a: Painkiller
|-sidestart|p1: daddy_days2|move: Stealth Rock
|
|upkeep
|turn|2
|
|t:|1739567869
|move|p2a: Garchomp|Outrage|p1a: Painkiller
|-supereffective|p1a: Painkiller
|-damage|p1a: Painkiller|22/100
|-damage|p2a: Garchomp|53/100|[from] ability: Rough Skin|[of] p1a: Painkiller
|-damage|p2a: Garchomp|36/100|[from] item: Rocky Helmet|[of] p1a: Painkiller
|move|p1a: Painkiller|Stealth Rock|p2a: Garchomp
|-sidestart|p2: darksideofthemoo|move: Stealth Rock
|
|upkeep
|turn|3
|
|t:|1739567879
|move|p1a: Painkiller|Endure|p1a: Painkiller
|-singleturn|p1a: Painkiller|move: Endure
|move|p2a: Garchomp|Outrage|p1a: Painkiller|[from] lockedmove
|-supereffective|p1a: Painkiller
|-activate|p1a: Painkiller|move: Endure
|-damage|p1a: Painkiller|1/100
|-damage|p2a: Garchomp|24/100|[from] ability: Rough Skin|[of] p1a: Painkiller
|-damage|p2a: Garchomp|8/100|[from] item: Rocky Helmet|[of] p1a: Painkiller
|-start|p2a: Garchomp|confusion|[fatigue]
|
|upkeep
|turn|4
|
|t:|1739567890
|-activate|p2a: Garchomp|confusion
|-damage|p2a: Garchomp|0 fnt|[from] confusion
|faint|p2a: Garchomp
|move|p1a: Painkiller|Dragon Tail|p2: Garchomp|[notarget]
|-fail|p1a: Painkiller
|
|upkeep
|
|t:|1739567898
|switch|p2a: Starmie|Starmie|100/100
|-damage|p2a: Starmie|88/100|[from] Stealth Rock
|-item|p2a: Starmie|Air Balloon
|turn|5
|
|t:|1739567907
|switch|p1a: Adolf|Bisharp, F|100/100
|-damage|p1a: Adolf|94/100|[from] Stealth Rock
|-item|p1a: Adolf|Air Balloon
|move|p2a: Starmie|Rapid Spin|p1a: Adolf
|-resisted|p1a: Adolf
|-damage|p1a: Adolf|92/100
|-enditem|p1a: Adolf|Air Balloon
|-sideend|p2: darksideofthemoo|Stealth Rock|[from] move: Rapid Spin|[of] p2a: Starmie
|
|upkeep
|turn|6
|
|t:|1739567917
|move|p2a: Starmie|Hydro Pump|p1a: Adolf
|-damage|p1a: Adolf|23/100
|move|p1a: Adolf|Pursuit|p2a: Starmie
|-supereffective|p2a: Starmie
|-damage|p2a: Starmie|23/100
|-enditem|p2a: Starmie|Air Balloon
|
|upkeep
|turn|7
|
|t:|1739567928
|move|p2a: Starmie|Thunderbolt|p1a: Adolf
|-damage|p1a: Adolf|0 fnt
|faint|p1a: Adolf
|
|upkeep
|
|t:|1739567935
|switch|p1a: Starlight|Starmie|100/100
|-damage|p1a: Starlight|88/100|[from] Stealth Rock
|turn|8
|
|t:|1739567942
|move|p2a: Starmie|Thunderbolt|p1a: Starlight
|-supereffective|p1a: Starlight
|-damage|p1a: Starlight|19/100
|move|p1a: Starlight|Rapid Spin|p2a: Starmie
|-damage|p2a: Starmie|19/100
|-sideend|p1: daddy_days2|Stealth Rock|[from] move: Rapid Spin|[of] p1a: Starlight
|
|-heal|p1a: Starlight|26/100|[from] item: Leftovers
|upkeep
|turn|9
|
|t:|1739567952
|move|p1a: Starlight|Psyshock|p2a: Starmie
|-resisted|p2a: Starmie
|-damage|p2a: Starmie|0 fnt
|faint|p2a: Starmie
|
|-heal|p1a: Starlight|32/100|[from] item: Leftovers
|upkeep
|
|t:|1739567961
|switch|p2a: Scizor|Scizor, F|100/100
|turn|10
|
|t:|1739567969
|-activate|p1a: Starlight|move: Pursuit
|move|p2a: Scizor|Pursuit|p1a: Starlight|[from] Pursuit
|-supereffective|p1a: Starlight
|-crit|p1a: Starlight
|-damage|p1a: Starlight|0 fnt
|faint|p1a: Starlight
|-damage|p2a: Scizor|91/100|[from] item: Life Orb
|-hint|A Pokemon can't switch between when it runs out of HP and when it faints
|
|upkeep
|j| CertamenMeum
|
|t:|1739567982
|switch|p1a: Shrekster|Conkeldurr, M|100/100
|turn|11
|
|t:|1739567993
|move|p2a: Scizor|Swords Dance|p2a: Scizor
|-boost|p2a: Scizor|atk|2
|move|p1a: Shrekster|Drain Punch|p2a: Scizor
|-damage|p2a: Scizor|25/100
|
|upkeep
|turn|12
|
|t:|1739568000
|switch|p1a: Painkiller|Garchomp, M|1/100
|move|p2a: Scizor|Bullet Punch|p1a: Painkiller
|-damage|p1a: Painkiller|0 fnt
|-damage|p2a: Scizor|12/100|[from] ability: Rough Skin|[of] p1a: Painkiller
|-damage|p2a: Scizor|0 fnt|[from] item: Rocky Helmet|[of] p1a: Painkiller
|faint|p2a: Scizor
|faint|p1a: Painkiller
|
|upkeep
|
|t:|1739568014
|switch|p1a: Insane Dwayne|Kyurem-Black|100/100
|switch|p2a: Dragonite|Dragonite, M|100/100
|-ability|p1a: Insane Dwayne|Teravolt
|turn|13
|
|t:|1739568024
|move|p1a: Insane Dwayne|Dragon Claw|p2a: Dragonite
|-supereffective|p2a: Dragonite
|-damage|p2a: Dragonite|0 fnt
|faint|p2a: Dragonite
|
|upkeep
|
|t:|1739568033
|switch|p2a: Breloom|Breloom, M|100/100
|turn|14
|
|t:|1739568038
|switch|p1a: Blade|Scyther, M|88/100
|move|p2a: Breloom|Mach Punch|p1a: Blade
|-resisted|p1a: Blade
|-damage|p1a: Blade|71/100
|-damage|p2a: Breloom|91/100|[from] item: Life Orb
|
|upkeep
|turn|15
|
|t:|1739568047
|move|p1a: Blade|Aerial Ace|p2a: Breloom
|-supereffective|p2a: Breloom
|-damage|p2a: Breloom|0 fnt
|faint|p2a: Breloom
|
|upkeep
|
|t:|1739568051
|switch|p2a: Volcarona|Volcarona, F|100/100
|turn|16
|
|t:|1739568055
|move|p1a: Blade|Aerial Ace|p2a: Volcarona
|-supereffective|p2a: Volcarona
|-crit|p2a: Volcarona
|-damage|p2a: Volcarona|0 fnt
|faint|p2a: Volcarona
|
|win|daddy_days2
|raw|daddy_days2's rating: 1369 &rarr; <strong>1388</strong><br />(+19 for winning)
|raw|darksideofthemoo's rating: 1344 &rarr; <strong>1325</strong><br />(-19 for losing)
|l|☆darksideofthemoo
|player|p2|
