|join|StrengthOfHeart
|join|Doudrasand
|player|p1|StrengthOfHeart|238
|player|p2|Doudrasand|102
|gametype|singles
|gen|5
|tier|[Gen 5] OU
|rated
|rule|Evasion Abilities Clause: Evasion abilities are banned
|clearpoke
|poke|p1|Mamoswine, F
|poke|p1|Chansey, F
|poke|p1|Forretress, F
|poke|p1|Jellicent, F
|poke|p1|Dragonite, F
|poke|p1|Garchomp, M, shiny
|poke|p2|Tyranitar, F
|poke|p2|Latias, F
|poke|p2|Gliscor, F
|poke|p2|Skarmory, F
|poke|p2|Heatran, F
|poke|p2|Jellicent, F, shiny
|rule|Sleep Clause Mod: Limit one foe put to sleep
|rule|Species Clause: Limit one of each Pokémon
|rule|OHKO Clause: OHKO moves are banned
|rule|Moody Clause: Moody is banned
|rule|Evasion Moves Clause: Evasion moves are banned
|rule|Endless Battle Clause: Forcing endless battles is banned
|rule|HP Percentage Mod: HP is shown in percentages
|teampreview
|
|start
|switch|p1a: PigSnuffy|Mamoswine, F|361/361
|switch|p2a: Tyranitar|Tyranitar, F|341/341
|-weather|Sandstorm|[from] ability: Sand Stream|[of] p2a: Tyranitar
|turn|1
|
|move|p2a: Tyranitar|Stealth Rock|p1a: PigSnuffy
|-sidestart|p1: StrengthOfHeart|move: Stealth Rock
|move|p1a: PigSnuffy|Stealth Rock|p2a: Tyranitar
|-sidestart|p2: Doudrasand|move: Stealth Rock
|
|-weather|Sandstorm|[upkeep]
|turn|2
|
|switch|p2a: Skarmory|Skarmory, F|334/334
|-damage|p2a: Skarmory|293/334|[from] Stealth Rock
|move|p1a: PigSnuffy|Icicle Crash|p2a: Skarmory
|-damage|p2a: Skarmory|163/334
|-damage|p1a: PigSnuffy|325/361|[from] item: Life Orb
|
|-weather|Sandstorm|[upkeep]
|-heal|p2a: Skarmory|183/334|[from] item: Leftovers
|turn|3
|
|move|p1a: PigSnuffy|Icicle Crash|p2a: Skarmory
|-damage|p2a: Skarmory|66/334
|-damage|p1a: PigSnuffy|289/361|[from] item: Life Orb
|move|p2a: Skarmory|Roost|p2a: Skarmory
|-heal|p2a: Skarmory|233/334
|
|-weather|Sandstorm|[upkeep]
|-heal|p2a: Skarmory|253/334|[from] item: Leftovers
|turn|4
|
|switch|p1a: MightyForr|Forretress, F|354/354
|-damage|p1a: MightyForr|310/354|[from] Stealth Rock
|move|p2a: Skarmory|Roost|p2a: Skarmory
|-heal|p2a: Skarmory|334/334
|
|-weather|Sandstorm|[upkeep]
|-heal|p1a: MightyForr|332/354|[from] item: Leftovers
|turn|5
|
|switch|p2a: Jellicent|Jellicent, F, shiny|404/404
|-damage|p2a: Jellicent|354/404|[from] Stealth Rock
|move|p1a: MightyForr|Spikes|p2a: Jellicent
|-sidestart|p2: Doudrasand|Spikes
|
|-weather|Sandstorm|[upkeep]
|-damage|p2a: Jellicent|329/404|[from] sandstorm
|-heal|p2a: Jellicent|354/404|[from] item: Leftovers
|-heal|p1a: MightyForr|354/354|[from] item: Leftovers
|turn|6
|
|move|p2a: Jellicent|Scald|p1a: MightyForr
|-damage|p1a: MightyForr|219/354
|move|p1a: MightyForr|Volt Switch|p2a: Jellicent
|-supereffective|p2a: Jellicent
|-damage|p2a: Jellicent|296/404
|
|switch|p1a: QueenJelly|Jellicent, F|403/403
|-damage|p1a: QueenJelly|353/403|[from] Stealth Rock
|
|-weather|Sandstorm|[upkeep]
|-damage|p2a: Jellicent|271/404|[from] sandstorm
|-damage|p1a: QueenJelly|328/403|[from] sandstorm
|-heal|p2a: Jellicent|296/404|[from] item: Leftovers
|-heal|p1a: QueenJelly|353/403|[from] item: Leftovers
|turn|7
|
|switch|p2a: Heatran|Heatran, F|385/385
|-damage|p2a: Heatran|337/385|[from] Spikes
|-damage|p2a: Heatran|289/385|[from] Stealth Rock
|move|p1a: QueenJelly|Taunt|p2a: Heatran
|-start|p2a: Heatran|move: Taunt
|
|-weather|Sandstorm|[upkeep]
|-damage|p1a: QueenJelly|328/403|[from] sandstorm
|-heal|p2a: Heatran|313/385|[from] item: Leftovers
|-heal|p1a: QueenJelly|353/403|[from] item: Leftovers
|turn|8
|
|switch|p2a: Jellicent|Jellicent, F, shiny|296/404
|-damage|p2a: Jellicent|246/404|[from] Spikes
|-damage|p2a: Jellicent|196/404|[from] Stealth Rock
|move|p1a: QueenJelly|Night Shade|p2a: Jellicent
|-damage|p2a: Jellicent|96/404
|
|-weather|Sandstorm|[upkeep]
|-damage|p2a: Jellicent|71/404|[from] sandstorm
|-damage|p1a: QueenJelly|328/403|[from] sandstorm
|-heal|p2a: Jellicent|96/404|[from] item: Leftovers
|-heal|p1a: QueenJelly|353/403|[from] item: Leftovers
|turn|9
|
|move|p2a: Jellicent|Recover|p2a: Jellicent
|-heal|p2a: Jellicent|298/404
|move|p1a: QueenJelly|Taunt|p2a: Jellicent
|-start|p2a: Jellicent|move: Taunt
|
|-weather|Sandstorm|[upkeep]
|-damage|p2a: Jellicent|273/404|[from] sandstorm
|-damage|p1a: QueenJelly|328/403|[from] sandstorm
|-heal|p2a: Jellicent|298/404|[from] item: Leftovers
|-heal|p1a: QueenJelly|353/403|[from] item: Leftovers
|turn|10
|
|switch|p2a: Gliscor|Gliscor, F|354/354
|-damage|p2a: Gliscor|310/354|[from] Stealth Rock
|move|p1a: QueenJelly|Will-O-Wisp|p2a: Gliscor
|-status|p2a: Gliscor|brn
|
|-weather|Sandstorm|[upkeep]
|-damage|p1a: QueenJelly|328/403|[from] sandstorm
|-heal|p1a: QueenJelly|353/403|[from] item: Leftovers
|-damage|p2a: Gliscor|266/354 brn|[from] brn
|turn|11
|
|move|p2a: Gliscor|Toxic|p1a: QueenJelly|[miss]
|-miss|p2a: Gliscor|p1a: QueenJelly
|move|p1a: QueenJelly|Night Shade|p2a: Gliscor
|-damage|p2a: Gliscor|166/354 brn
|
|-weather|Sandstorm|[upkeep]
|-damage|p1a: QueenJelly|328/403|[from] sandstorm
|-heal|p1a: QueenJelly|353/403|[from] item: Leftovers
|-damage|p2a: Gliscor|122/354 brn|[from] brn
|turn|12
|
|switch|p2a: Heatran|Heatran, F|313/385
|-damage|p2a: Heatran|265/385|[from] Spikes
|-damage|p2a: Heatran|217/385|[from] Stealth Rock
|move|p1a: QueenJelly|Night Shade|p2a: Heatran
|-damage|p2a: Heatran|117/385
|
|-weather|Sandstorm|[upkeep]
|-damage|p1a: QueenJelly|328/403|[from] sandstorm
|-heal|p2a: Heatran|141/385|[from] item: Leftovers
|-heal|p1a: QueenJelly|353/403|[from] item: Leftovers
|turn|13
|
|move|p2a: Heatran|Torment|p1a: QueenJelly
|-start|p1a: QueenJelly|Torment
|move|p1a: QueenJelly|Taunt|p2a: Heatran
|-start|p2a: Heatran|move: Taunt
|
|-weather|Sandstorm|[upkeep]
|-damage|p1a: QueenJelly|328/403|[from] sandstorm
|-heal|p2a: Heatran|165/385|[from] item: Leftovers
|-heal|p1a: QueenJelly|353/403|[from] item: Leftovers
|turn|14
|
|switch|p2a: Skarmory|Skarmory, F|334/334
|-damage|p2a: Skarmory|293/334|[from] Stealth Rock
|move|p1a: QueenJelly|Night Shade|p2a: Skarmory
|-damage|p2a: Skarmory|193/334
|
|-weather|Sandstorm|[upkeep]
|-damage|p1a: QueenJelly|328/403|[from] sandstorm
|-heal|p2a: Skarmory|213/334|[from] item: Leftovers
|-heal|p1a: QueenJelly|353/403|[from] item: Leftovers
|turn|15
|
|move|p2a: Skarmory|Spikes|p1a: QueenJelly
|-sidestart|p1: StrengthOfHeart|Spikes
|move|p1a: QueenJelly|Taunt|p2a: Skarmory
|-start|p2a: Skarmory|move: Taunt
|
|-weather|Sandstorm|[upkeep]
|-damage|p1a: QueenJelly|328/403|[from] sandstorm
|-heal|p2a: Skarmory|233/334|[from] item: Leftovers
|-heal|p1a: QueenJelly|353/403|[from] item: Leftovers
|turn|16
|
|switch|p2a: Heatran|Heatran, F|165/385
|-damage|p2a: Heatran|117/385|[from] Stealth Rock
|-damage|p2a: Heatran|69/385|[from] Spikes
|move|p1a: QueenJelly|Night Shade|p2a: Heatran
|-damage|p2a: Heatran|0 fnt
|faint|p2a: Heatran
|
|-weather|Sandstorm|[upkeep]
|-damage|p1a: QueenJelly|328/403|[from] sandstorm
|-heal|p1a: QueenJelly|353/403|[from] item: Leftovers
|
|switch|p2a: Skarmory|Skarmory, F|233/334
|-damage|p2a: Skarmory|192/334|[from] Stealth Rock
|turn|17
|c|★Doudrasand|'
|
|move|p2a: Skarmory|Spikes|p1a: QueenJelly
|-sidestart|p1: StrengthOfHeart|Spikes
|move|p1a: QueenJelly|Will-O-Wisp|p2a: Skarmory
|-status|p2a: Skarmory|brn
|
|-weather|Sandstorm|[upkeep]
|-damage|p1a: QueenJelly|328/403|[from] sandstorm
|-heal|p2a: Skarmory|212/334 brn|[from] item: Leftovers
|-heal|p1a: QueenJelly|353/403|[from] item: Leftovers
|-damage|p2a: Skarmory|171/334 brn|[from] brn
|turn|18
|
|switch|p1a: MightyForr|Forretress, F|219/354
|-damage|p1a: MightyForr|175/354|[from] Stealth Rock
|-damage|p1a: MightyForr|116/354|[from] Spikes
|move|p2a: Skarmory|Roost|p2a: Skarmory
|-heal|p2a: Skarmory|334/334 brn
|
|-weather|Sandstorm|[upkeep]
|-heal|p1a: MightyForr|138/354|[from] item: Leftovers
|-damage|p2a: Skarmory|293/334 brn|[from] brn
|turn|19
|
|switch|p2a: Jellicent|Jellicent, F, shiny|298/404
|-damage|p2a: Jellicent|248/404|[from] Spikes
|-damage|p2a: Jellicent|198/404|[from] Stealth Rock
|move|p1a: MightyForr|Volt Switch|p2a: Jellicent
|-supereffective|p2a: Jellicent
|-damage|p2a: Jellicent|140/404
|
|switch|p1a: Puff|Dragonite, F|386/386
|-damage|p1a: Puff|290/386|[from] Stealth Rock
|
|-weather|Sandstorm|[upkeep]
|-damage|p1a: Puff|266/386|[from] sandstorm
|-damage|p2a: Jellicent|115/404|[from] sandstorm
|-heal|p2a: Jellicent|140/404|[from] item: Leftovers
|turn|20
|
|switch|p2a: Gliscor|Gliscor, F|122/354 brn
|-damage|p2a: Gliscor|78/354 brn|[from] Stealth Rock
|move|p1a: Puff|Draco Meteor|p2a: Gliscor
|-damage|p2a: Gliscor|0 fnt
|-unboost|p1a: Puff|spa|2
|-damage|p1a: Puff|228/386|[from] item: Life Orb
|faint|p2a: Gliscor
|
|-weather|Sandstorm|[upkeep]
|-damage|p1a: Puff|204/386|[from] sandstorm
|
|switch|p2a: Latias|Latias, F|364/364
|-damage|p2a: Latias|319/364|[from] Stealth Rock
|turn|21
|
|switch|p1a: SunnySide|Chansey, F|704/704
|-damage|p1a: SunnySide|616/704|[from] Stealth Rock
|-damage|p1a: SunnySide|499/704|[from] Spikes
|move|p2a: Latias|Calm Mind|p2a: Latias
|-boost|p2a: Latias|spa|1
|-boost|p2a: Latias|spd|1
|
|-weather|Sandstorm|[upkeep]
|-damage|p2a: Latias|297/364|[from] sandstorm
|-damage|p1a: SunnySide|455/704|[from] sandstorm
|-heal|p2a: Latias|319/364|[from] item: Leftovers
|turn|22
|
|move|p2a: Latias|Calm Mind|p2a: Latias
|-boost|p2a: Latias|spa|1
|-boost|p2a: Latias|spd|1
|move|p1a: SunnySide|Toxic|p2a: Latias
|-status|p2a: Latias|tox
|
|-weather|Sandstorm|[upkeep]
|-damage|p2a: Latias|297/364 tox|[from] sandstorm
|-damage|p1a: SunnySide|411/704|[from] sandstorm
|-heal|p2a: Latias|319/364 tox|[from] item: Leftovers
|-damage|p2a: Latias|297/364 tox|[from] psn
|turn|23
|
|move|p2a: Latias|Calm Mind|p2a: Latias
|-boost|p2a: Latias|spa|1
|-boost|p2a: Latias|spd|1
|move|p1a: SunnySide|Soft-Boiled|p1a: SunnySide
|-heal|p1a: SunnySide|704/704
|
|-weather|Sandstorm|[upkeep]
|-damage|p2a: Latias|275/364 tox|[from] sandstorm
|-damage|p1a: SunnySide|660/704|[from] sandstorm
|-heal|p2a: Latias|297/364 tox|[from] item: Leftovers
|-damage|p2a: Latias|253/364 tox|[from] psn
|turn|24
|
|move|p2a: Latias|Dragon Pulse|p1a: SunnySide
|-crit|p1a: SunnySide
|-damage|p1a: SunnySide|212/704
|move|p1a: SunnySide|Seismic Toss|p2a: Latias
|-damage|p2a: Latias|153/364 tox
|
|-weather|Sandstorm|[upkeep]
|-damage|p2a: Latias|131/364 tox|[from] sandstorm
|-damage|p1a: SunnySide|168/704|[from] sandstorm
|-heal|p2a: Latias|153/364 tox|[from] item: Leftovers
|-damage|p2a: Latias|87/364 tox|[from] psn
|turn|25
|
|move|p2a: Latias|Dragon Pulse|p1a: SunnySide
|-damage|p1a: SunnySide|0 fnt
|faint|p1a: SunnySide
|
|-weather|Sandstorm|[upkeep]
|-damage|p2a: Latias|65/364 tox|[from] sandstorm
|-heal|p2a: Latias|87/364 tox|[from] item: Leftovers
|-damage|p2a: Latias|0 fnt|[from] psn
|faint|p2a: Latias
|
|switch|p2a: Tyranitar|Tyranitar, F|341/341
|-damage|p2a: Tyranitar|299/341|[from] Spikes
|-damage|p2a: Tyranitar|257/341|[from] Stealth Rock
|switch|p1a: Puff|Dragonite, F|204/386
|-damage|p1a: Puff|108/386|[from] Stealth Rock
|turn|26
|c|★Doudrasand|'
|
|move|p2a: Tyranitar|Stone Edge|p1a: Puff
|-supereffective|p1a: Puff
|-damage|p1a: Puff|0 fnt
|faint|p1a: Puff
|
|-weather|Sandstorm|[upkeep]
|
|switch|p1a: Delta|Garchomp, M, shiny|358/358
|-damage|p1a: Delta|299/358|[from] Spikes
|-damage|p1a: Delta|277/358|[from] Stealth Rock
|turn|27
|
|switch|p2a: Skarmory|Skarmory, F|293/334 brn
|-damage|p2a: Skarmory|252/334 brn|[from] Stealth Rock
|move|p1a: Delta|Aqua Tail|p2a: Skarmory
|-damage|p2a: Skarmory|162/334 brn
|
|-weather|Sandstorm|[upkeep]
|-heal|p2a: Skarmory|182/334 brn|[from] item: Leftovers
|-damage|p2a: Skarmory|141/334 brn|[from] brn
|turn|28
|
|switch|p1a: QueenJelly|Jellicent, F|353/403
|-damage|p1a: QueenJelly|303/403|[from] Stealth Rock
|-damage|p1a: QueenJelly|236/403|[from] Spikes
|move|p2a: Skarmory|Roost|p2a: Skarmory
|-heal|p2a: Skarmory|308/334 brn
|
|-weather|Sandstorm|[upkeep]
|-damage|p1a: QueenJelly|211/403|[from] sandstorm
|-heal|p2a: Skarmory|328/334 brn|[from] item: Leftovers
|-heal|p1a: QueenJelly|236/403|[from] item: Leftovers
|-damage|p2a: Skarmory|287/334 brn|[from] brn
|turn|29
|
|move|p2a: Skarmory|Spikes|p1a: QueenJelly
|-sidestart|p1: StrengthOfHeart|Spikes
|move|p1a: QueenJelly|Recover|p1a: QueenJelly
|-heal|p1a: QueenJelly|403/403
|
|-weather|Sandstorm|[upkeep]
|-damage|p1a: QueenJelly|378/403|[from] sandstorm
|-heal|p2a: Skarmory|307/334 brn|[from] item: Leftovers
|-heal|p1a: QueenJelly|403/403|[from] item: Leftovers
|-damage|p2a: Skarmory|266/334 brn|[from] brn
|turn|30
|
|switch|p2a: Tyranitar|Tyranitar, F|257/341
|-damage|p2a: Tyranitar|215/341|[from] Stealth Rock
|-damage|p2a: Tyranitar|173/341|[from] Spikes
|move|p1a: QueenJelly|Taunt|p2a: Tyranitar
|-start|p2a: Tyranitar|move: Taunt
|
|-weather|Sandstorm|[upkeep]
|-damage|p1a: QueenJelly|378/403|[from] sandstorm
|-heal|p1a: QueenJelly|403/403|[from] item: Leftovers
|turn|31
|
|switch|p1a: MightyForr|Forretress, F|138/354
|-damage|p1a: MightyForr|50/354|[from] Spikes
|-damage|p1a: MightyForr|6/354|[from] Stealth Rock
|move|p2a: Tyranitar|Stone Edge|p1a: MightyForr|[miss]
|-miss|p2a: Tyranitar|p1a: MightyForr
|
|-weather|Sandstorm|[upkeep]
|-heal|p1a: MightyForr|28/354|[from] item: Leftovers
|turn|32
|
|move|p2a: Tyranitar|Stone Edge|p1a: MightyForr
|-crit|p1a: MightyForr
|-damage|p1a: MightyForr|0 fnt
|faint|p1a: MightyForr
|
|-weather|Sandstorm|[upkeep]
|
|switch|p1a: PigSnuffy|Mamoswine, F|289/361
|-damage|p1a: PigSnuffy|199/361|[from] Spikes
|-damage|p1a: PigSnuffy|154/361|[from] Stealth Rock
|turn|33
|
|move|p2a: Tyranitar|Stone Edge|p1a: PigSnuffy
|-damage|p1a: PigSnuffy|0 fnt
|faint|p1a: PigSnuffy
|
|-weather|Sandstorm|[upkeep]
|-end|p2a: Tyranitar|move: Taunt
|
|switch|p1a: QueenJelly|Jellicent, F|403/403
|-damage|p1a: QueenJelly|353/403|[from] Stealth Rock
|-damage|p1a: QueenJelly|253/403|[from] Spikes
|turn|34
|
|move|p2a: Tyranitar|Stone Edge|p1a: QueenJelly
|-damage|p1a: QueenJelly|82/403
|move|p1a: QueenJelly|Will-O-Wisp|p2a: Tyranitar
|-status|p2a: Tyranitar|brn
|
|-weather|Sandstorm|[upkeep]
|-damage|p1a: QueenJelly|57/403|[from] sandstorm
|-heal|p1a: QueenJelly|82/403|[from] item: Leftovers
|-damage|p2a: Tyranitar|131/341 brn|[from] brn
|turn|35
|
|move|p2a: Tyranitar|Stone Edge|p1a: QueenJelly
|-crit|p1a: QueenJelly
|-damage|p1a: QueenJelly|0 fnt
|faint|p1a: QueenJelly
|
|-weather|Sandstorm|[upkeep]
|-damage|p2a: Tyranitar|89/341 brn|[from] brn
|
|switch|p1a: Delta|Garchomp, M, shiny|277/358
|-damage|p1a: Delta|188/358|[from] Spikes
|-damage|p1a: Delta|166/358|[from] Stealth Rock
|turn|36
|
|switch|p2a: Jellicent|Jellicent, F, shiny|140/404
|-damage|p2a: Jellicent|90/404|[from] Spikes
|-damage|p2a: Jellicent|40/404|[from] Stealth Rock
|move|p1a: Delta|Outrage|p2a: Jellicent
|-damage|p2a: Jellicent|0 fnt
|faint|p2a: Jellicent
|
|-weather|Sandstorm|[upkeep]
|
|switch|p2a: Skarmory|Skarmory, F|266/334 brn
|-damage|p2a: Skarmory|225/334 brn|[from] Stealth Rock
|turn|37
|
|move|p1a: Delta|Outrage|p2a: Skarmory
|-crit|p2a: Skarmory
|-resisted|p2a: Skarmory
|-damage|p2a: Skarmory|47/334 brn
|move|p2a: Skarmory|Roost|p2a: Skarmory
|-heal|p2a: Skarmory|214/334 brn
|
|-end|p1a: Delta|rampage
|-start|p1a: Delta|confusion
|-weather|Sandstorm|[upkeep]
|-heal|p2a: Skarmory|234/334 brn|[from] item: Leftovers
|-damage|p2a: Skarmory|193/334 brn|[from] brn
|turn|38
|
|-activate|p1a: Delta|confusion
|-damage|p1a: Delta|97/358|[from] confusion
|move|p2a: Skarmory|Roost|p2a: Skarmory
|-heal|p2a: Skarmory|334/334 brn
|
|-weather|Sandstorm|[upkeep]
|-damage|p2a: Skarmory|293/334 brn|[from] brn
|turn|39
|
|-activate|p1a: Delta|confusion
|move|p1a: Delta|Outrage|p2a: Skarmory
|-resisted|p2a: Skarmory
|-damage|p2a: Skarmory|200/334 brn
|move|p2a: Skarmory|Brave Bird|p1a: Delta
|-damage|p1a: Delta|34/358
|-damage|p2a: Skarmory|159/334 brn|[from] ability: Rough Skin|[of] p1a: Delta
|-damage|p2a: Skarmory|138/334 brn|[from] recoil|[of] p1a: Delta
|
|-weather|Sandstorm|[upkeep]
|-heal|p2a: Skarmory|158/334 brn|[from] item: Leftovers
|-damage|p2a: Skarmory|117/334 brn|[from] brn
|turn|40
|
|-activate|p1a: Delta|confusion
|-damage|p1a: Delta|0 fnt|[from] confusion
|faint|p1a: Delta
|
|win|Doudrasand
|raw|Ladder updating...
|raw|StrengthOfHeart's rating: 1389 &rarr; <strong>1370</strong><br />(-19 for losing)
|raw|Doudrasand's rating: 1411 &rarr; <strong>1429</strong><br />(+18 for winning)
|leave|StrengthOfHeart
|player|p1