|j|☆daddy_days2
|j|☆hnefl
|t:|1742063079
|gametype|singles
|player|p1|daddy_days2|benga|1462
|player|p2|hnefl|265|1389
|teamsize|p1|6
|teamsize|p2|6
|gen|5
|tier|[Gen 5] OU
|rated|
|rule|Species Clause: Limit one of each Pokémon
|rule|OHKO Clause: OHKO moves are banned
|rule|Moody Clause: Moody is banned
|rule|Evasion Items Clause: Evasion items are banned
|rule|Evasion Moves Clause: Evasion moves are banned
|rule|Endless Battle Clause: Forcing endless battles is banned
|rule|HP Percentage Mod: HP is shown in percentages
|rule|Evasion Abilities Clause: Evasion abilities are banned
|rule|Sleep Moves Clause: Sleep-inducing moves are banned
|rule|Swagger Clause: Swagger is banned
|rule|Baton Pass Stat Clause: No Baton Passer may have a way to boost its stats
|clearpoke
|poke|p1|Kyurem-Black|item
|poke|p1|Garchomp, M|item
|poke|p1|Conkeldurr, F|item
|poke|p1|Starmie|item
|poke|p1|Bisharp, M|item
|poke|p1|Scyther, M|item
|poke|p2|Latios, M|item
|poke|p2|Skarmory, M|item
|poke|p2|Excadrill, F|item
|poke|p2|Tyranitar, M|item
|poke|p2|Keldeo|item
|poke|p2|Terrakion|item
|teampreview
|
|t:|1742063086
|start
|switch|p1a: Insane Dwayne|Kyurem-Black|100/100
|switch|p2a: Skarmory|Skarmory, M|100/100
|-ability|p1a: Insane Dwayne|Teravolt
|turn|1
|
|t:|1742063094
|switch|p2a: Excadrill|Excadrill, F|100/100
|move|p1a: Insane Dwayne|Fusion Bolt|p2a: Excadrill
|-immune|p2a: Excadrill
|
|upkeep
|turn|2
|
|t:|1742063102
|switch|p1a: Painkiller|Garchomp, M|100/100
|move|p2a: Excadrill|Iron Head|p1a: Painkiller
|-damage|p1a: Painkiller|73/100
|-damage|p2a: Excadrill|88/100|[from] ability: Rough Skin|[of] p1a: Painkiller
|-damage|p2a: Excadrill|71/100|[from] item: Rocky Helmet|[of] p1a: Painkiller
|
|-heal|p2a: Excadrill|78/100|[from] item: Leftovers
|upkeep
|turn|3
|
|t:|1742063124
|switch|p2a: Skarmory|Skarmory, M|100/100
|move|p1a: Painkiller|Stealth Rock|p2a: Skarmory
|-sidestart|p2: hnefl|move: Stealth Rock
|
|upkeep
|turn|4
|inactive|Battle timer is ON: inactive players will automatically lose when time's up. (requested by daddy_days2)
|
|t:|1742063184
|switch|p1a: Starlight|Starmie|100/100
|move|p2a: Skarmory|Stealth Rock|p1a: Starlight
|-sidestart|p1: daddy_days2|move: Stealth Rock
|
|upkeep
|turn|5
|
|t:|1742063194
|switch|p2a: Tyranitar|Tyranitar, M|100/100
|-damage|p2a: Tyranitar|88/100|[from] Stealth Rock
|-weather|Sandstorm|[from] ability: Sand Stream|[of] p2a: Tyranitar
|move|p1a: Starlight|Thunder Wave|p2a: Tyranitar
|-status|p2a: Tyranitar|par
|
|-weather|Sandstorm|[upkeep]
|-damage|p1a: Starlight|94/100|[from] Sandstorm
|-heal|p1a: Starlight|100/100|[from] item: Leftovers
|upkeep
|turn|6
|
|t:|1742063207
|move|p1a: Starlight|Rapid Spin|p2a: Tyranitar
|-resisted|p2a: Tyranitar
|-damage|p2a: Tyranitar|87/100 par
|-sideend|p1: daddy_days2|Stealth Rock|[from] move: Rapid Spin|[of] p1a: Starlight
|cant|p2a: Tyranitar|par
|
|-weather|Sandstorm|[upkeep]
|-damage|p1a: Starlight|94/100|[from] Sandstorm
|-heal|p1a: Starlight|100/100|[from] item: Leftovers
|upkeep
|turn|7
|
|t:|1742063217
|move|p1a: Starlight|Hydro Pump|p2a: Tyranitar
|-supereffective|p2a: Tyranitar
|-damage|p2a: Tyranitar|50/100 par
|move|p2a: Tyranitar|Pursuit|p1a: Starlight
|-supereffective|p1a: Starlight
|-damage|p1a: Starlight|53/100
|
|-weather|Sandstorm|[upkeep]
|-damage|p1a: Starlight|47/100|[from] Sandstorm
|-heal|p1a: Starlight|53/100|[from] item: Leftovers
|upkeep
|turn|8
|
|t:|1742063228
|move|p1a: Starlight|Hydro Pump|p2a: Tyranitar
|-supereffective|p2a: Tyranitar
|-damage|p2a: Tyranitar|10/100 par
|move|p2a: Tyranitar|Crunch|p1a: Starlight
|-supereffective|p1a: Starlight
|-damage|p1a: Starlight|0 fnt
|faint|p1a: Starlight
|
|-weather|Sandstorm|[upkeep]
|upkeep
|
|t:|1742063245
|switch|p1a: Shrekster|Conkeldurr, F|100/100
|turn|9
|
|t:|1742063254
|move|p1a: Shrekster|Mach Punch|p2a: Tyranitar
|-supereffective|p2a: Tyranitar
|-crit|p2a: Tyranitar
|-enditem|p2a: Tyranitar|Chople Berry|[eat]
|-enditem|p2a: Tyranitar|Chople Berry|[weaken]
|-damage|p2a: Tyranitar|0 fnt
|faint|p2a: Tyranitar
|
|-weather|Sandstorm|[upkeep]
|-damage|p1a: Shrekster|94/100|[from] Sandstorm
|-heal|p1a: Shrekster|100/100|[from] item: Leftovers
|upkeep
|
|t:|1742063258
|switch|p2a: Latios|Latios, M|100/100
|-damage|p2a: Latios|88/100|[from] Stealth Rock
|turn|10
|
|t:|1742063267
|switch|p2a: Excadrill|Excadrill, F|78/100
|-damage|p2a: Excadrill|74/100|[from] Stealth Rock
|switch|p1a: Adolf|Bisharp, M|100/100
|-item|p1a: Adolf|Air Balloon
|
|-weather|Sandstorm|[upkeep]
|-heal|p2a: Excadrill|81/100|[from] item: Leftovers
|upkeep
|turn|11
|
|t:|1742063290
|switch|p1a: Painkiller|Garchomp, M|73/100
|move|p2a: Excadrill|Rapid Spin|p1a: Painkiller
|-damage|p1a: Painkiller|68/100
|-damage|p2a: Excadrill|68/100|[from] ability: Rough Skin|[of] p1a: Painkiller
|-damage|p2a: Excadrill|51/100|[from] item: Rocky Helmet|[of] p1a: Painkiller
|-sideend|p2: hnefl|Stealth Rock|[from] move: Rapid Spin|[of] p2a: Excadrill
|
|-weather|Sandstorm|[upkeep]
|-heal|p2a: Excadrill|58/100|[from] item: Leftovers
|upkeep
|turn|12
|
|t:|1742063302
|move|p2a: Excadrill|Earthquake|p1a: Painkiller
|-damage|p1a: Painkiller|22/100
|move|p1a: Painkiller|Stealth Rock|p2a: Excadrill
|-sidestart|p2: hnefl|move: Stealth Rock
|
|-weather|Sandstorm|[upkeep]
|-heal|p2a: Excadrill|64/100|[from] item: Leftovers
|upkeep
|turn|13
|
|t:|1742063310
|move|p2a: Excadrill|Iron Head|p1a: Painkiller
|-damage|p1a: Painkiller|0 fnt
|-damage|p2a: Excadrill|51/100|[from] ability: Rough Skin|[of] p1a: Painkiller
|-damage|p2a: Excadrill|35/100|[from] item: Rocky Helmet|[of] p1a: Painkiller
|faint|p1a: Painkiller
|
|-weather|Sandstorm|[upkeep]
|-heal|p2a: Excadrill|41/100|[from] item: Leftovers
|upkeep
|
|t:|1742063322
|switch|p1a: Shrekster|Conkeldurr, F|100/100
|turn|14
|
|t:|1742063328
|move|p2a: Excadrill|Protect|p2a: Excadrill
|-singleturn|p2a: Excadrill|Protect
|move|p1a: Shrekster|Drain Punch|p2a: Excadrill
|-activate|p2a: Excadrill|move: Protect
|
|-weather|Sandstorm|[upkeep]
|-damage|p1a: Shrekster|94/100|[from] Sandstorm
|-heal|p2a: Excadrill|47/100|[from] item: Leftovers
|-heal|p1a: Shrekster|100/100|[from] item: Leftovers
|upkeep
|turn|15
|
|t:|1742063340
|move|p2a: Excadrill|Rapid Spin|p1a: Shrekster
|-damage|p1a: Shrekster|94/100
|-sideend|p2: hnefl|Stealth Rock|[from] move: Rapid Spin|[of] p2a: Excadrill
|move|p1a: Shrekster|Ice Punch|p2a: Excadrill
|-damage|p2a: Excadrill|0 fnt
|faint|p2a: Excadrill
|
|-weather|Sandstorm|[upkeep]
|-damage|p1a: Shrekster|87/100|[from] Sandstorm
|-heal|p1a: Shrekster|94/100|[from] item: Leftovers
|upkeep
|
|t:|1742063347
|switch|p2a: Skarmory|Skarmory, M|100/100
|turn|16
|
|t:|1742063356
|move|p2a: Skarmory|Stealth Rock|p1a: Shrekster
|-sidestart|p1: daddy_days2|move: Stealth Rock
|move|p1a: Shrekster|Thunder Punch|p2a: Skarmory
|-supereffective|p2a: Skarmory
|-damage|p2a: Skarmory|30/100
|
|-weather|Sandstorm|[upkeep]
|-damage|p1a: Shrekster|87/100|[from] Sandstorm
|-heal|p1a: Shrekster|94/100|[from] item: Leftovers
|upkeep
|turn|17
|
|t:|1742063367
|move|p2a: Skarmory|Brave Bird|p1a: Shrekster
|-supereffective|p1a: Shrekster
|-damage|p1a: Shrekster|24/100
|-damage|p2a: Skarmory|0 fnt|[from] Recoil
|faint|p2a: Skarmory
|move|p1a: Shrekster|Drain Punch|p2: Skarmory|[notarget]
|-fail|p1a: Shrekster
|
|-weather|Sandstorm|[upkeep]
|-damage|p1a: Shrekster|18/100|[from] Sandstorm
|-heal|p1a: Shrekster|24/100|[from] item: Leftovers
|upkeep
|
|t:|1742063375
|switch|p2a: Latios|Latios, M|88/100
|turn|18
|
|t:|1742063382
|move|p1a: Shrekster|Mach Punch|p2a: Latios
|-resisted|p2a: Latios
|-damage|p2a: Latios|70/100
|move|p2a: Latios|Dragon Pulse|p1a: Shrekster
|-damage|p1a: Shrekster|0 fnt
|faint|p1a: Shrekster
|
|-weather|Sandstorm|[upkeep]
|-damage|p2a: Latios|64/100|[from] Sandstorm
|upkeep
|
|t:|1742063392
|switch|p1a: Adolf|Bisharp, M|100/100
|-damage|p1a: Adolf|94/100|[from] Stealth Rock
|-item|p1a: Adolf|Air Balloon
|turn|19
|
|t:|1742063398
|-activate|p2a: Latios|move: Pursuit
|move|p1a: Adolf|Pursuit|p2a: Latios|[from] Pursuit
|-supereffective|p2a: Latios
|-crit|p2a: Latios
|-damage|p2a: Latios|0 fnt
|faint|p2a: Latios
|-hint|A Pokemon can't switch between when it runs out of HP and when it faints
|
|-weather|Sandstorm|[upkeep]
|upkeep
|
|t:|1742063401
|switch|p2a: Keldeo|Keldeo|100/100
|turn|20
|
|t:|1742063411
|move|p1a: Adolf|Sucker Punch|p2a: Keldeo
|-resisted|p2a: Keldeo
|-damage|p2a: Keldeo|74/100
|-ability|p2a: Keldeo|Justified|boost
|-boost|p2a: Keldeo|atk|1
|move|p2a: Keldeo|Secret Sword|p1a: Adolf
|-supereffective|p1a: Adolf
|-damage|p1a: Adolf|0 fnt
|-enditem|p1a: Adolf|Air Balloon
|faint|p1a: Adolf
|
|-weather|Sandstorm|[upkeep]
|-damage|p2a: Keldeo|67/100|[from] Sandstorm
|-heal|p2a: Keldeo|74/100|[from] item: Leftovers
|upkeep
|
|t:|1742063426
|switch|p1a: Blade|Scyther, M|100/100
|-damage|p1a: Blade|51/100|[from] Stealth Rock
|turn|21
|
|t:|1742063430
|move|p1a: Blade|Aerial Ace|p2a: Keldeo
|-supereffective|p2a: Keldeo
|-damage|p2a: Keldeo|0 fnt
|faint|p2a: Keldeo
|
|-weather|Sandstorm|[upkeep]
|-damage|p1a: Blade|45/100|[from] Sandstorm
|upkeep
|
|t:|1742063433
|switch|p2a: Terrakion|Terrakion|100/100
|turn|22
|
|t:|1742063440
|move|p2a: Terrakion|Rock Slide|p1a: Blade
|-supereffective|p1a: Blade
|-damage|p1a: Blade|0 fnt
|faint|p1a: Blade
|
|-weather|Sandstorm|[upkeep]
|upkeep
|
|t:|1742063447
|switch|p1a: Insane Dwayne|Kyurem-Black|100/100
|-damage|p1a: Insane Dwayne|76/100|[from] Stealth Rock
|-ability|p1a: Insane Dwayne|Teravolt
|turn|23
|
|t:|1742063453
|move|p2a: Terrakion|Rock Slide|p1a: Insane Dwayne
|-supereffective|p1a: Insane Dwayne
|-crit|p1a: Insane Dwayne
|-damage|p1a: Insane Dwayne|0 fnt
|faint|p1a: Insane Dwayne
|
|win|hnefl
|raw|daddy_days2's rating: 1462 &rarr; <strong>1438</strong><br />(-24 for losing)
|raw|hnefl's rating: 1389 &rarr; <strong>1413</strong><br />(+24 for winning)
|l|☆daddy_days2
|player|p1|
