|j|☆Salutethewolf
|j|☆xingqiba
|t:|1747572713
|gametype|singles
|player|p1|Salutethewolf|hugh|1356
|player|p2|xingqiba|265|1405
|teamsize|p1|6
|teamsize|p2|6
|gen|5
|tier|[Gen 5] OU
|rated|
|rule|Species Clause: Limit one of each Pokémon
|rule|OHKO Clause: OHKO moves are banned
|rule|Moody Clause: Moody is banned
|rule|Evasion Items Clause: Evasion items are banned
|rule|Evasion Moves Clause: Evasion moves are banned
|rule|Endless Battle Clause: Forcing endless battles is banned
|rule|HP Percentage Mod: HP is shown in percentages
|rule|Evasion Abilities Clause: Evasion abilities are banned
|rule|Sleep Moves Clause: Sleep-inducing moves are banned
|rule|Swagger Clause: Swagger is banned
|rule|Baton Pass Stat Clause: No Baton Passer may have a way to boost its stats
|clearpoke
|poke|p1|Garchomp, F|item
|poke|p1|Dragonite, M|item
|poke|p1|Latios, M|item
|poke|p1|Starmie|item
|poke|p1|Metagross|item
|poke|p1|Scizor, M|item
|poke|p2|Yanmega, M|item
|poke|p2|Forretress, F|item
|poke|p2|Ninetales, M|item
|poke|p2|Infernape, F|item
|poke|p2|Latios, M|item
|poke|p2|Espeon, F|item
|teampreview
|inactive|Battle timer is ON: inactive players will automatically lose when time's up. (requested by xingqiba)
|
|t:|1747572730
|start
|switch|p1a: Metagross|Metagross, shiny|100/100
|switch|p2a: Infernape|Infernape, F|100/100
|turn|1
|
|t:|1747572758
|switch|p1a: Dragonite|Dragonite, M, shiny|100/100
|move|p2a: Infernape|U-turn|p1a: Dragonite
|-resisted|p1a: Dragonite
|-damage|p1a: Dragonite|94/100
|
|t:|1747572769
|switch|p2a: Yanmega|Yanmega, M|100/100|[from] U-turn
|
|upkeep
|turn|2
|inactive|Salutethewolf has 120 seconds left.
|
|t:|1747572786
|switch|p1a: Metagross|Metagross, shiny|100/100
|move|p2a: Yanmega|Hidden Power|p1a: Metagross
|-resisted|p1a: Metagross
|-damage|p1a: Metagross|86/100
|-damage|p2a: Yanmega|91/100|[from] item: Life Orb
|
|-ability|p2a: Yanmega|Speed Boost|boost
|-boost|p2a: Yanmega|spe|1
|upkeep
|turn|3
|inactive|Salutethewolf has 120 seconds left.
|
|t:|1747572796
|switch|p2a: Espeon|Espeon, F|100/100
|move|p1a: Metagross|Stealth Rock|p2a: Espeon
|move|p2a: Espeon|Stealth Rock|p1a: Metagross|[from] ability: Magic Bounce
|-sidestart|p1: Salutethewolf|move: Stealth Rock
|
|upkeep
|turn|4
|inactive|Salutethewolf has 120 seconds left.
|
|t:|1747572807
|move|p2a: Espeon|Future Sight|p1a: Metagross
|-start|p2a: Espeon|move: Future Sight
|move|p1a: Metagross|Psychic|p2a: Espeon
|-resisted|p2a: Espeon
|-damage|p2a: Espeon|78/100
|
|-heal|p2a: Espeon|84/100|[from] item: Leftovers
|upkeep
|turn|5
|
|t:|1747572817
|move|p2a: Espeon|Wish|p2a: Espeon
|move|p1a: Metagross|Psychic|p2a: Espeon
|-resisted|p2a: Espeon
|-damage|p2a: Espeon|62/100
|
|-heal|p2a: Espeon|68/100|[from] item: Leftovers
|upkeep
|turn|6
|
|t:|1747572830
|move|p2a: Espeon|Protect|p2a: Espeon
|-singleturn|p2a: Espeon|Protect
|move|p1a: Metagross|Hidden Power|p2a: Espeon
|-activate|p2a: Espeon|move: Protect
|
|-end|p1a: Metagross|move: Future Sight
|-resisted|p1a: Metagross
|-damage|p1a: Metagross|75/100
|-heal|p2a: Espeon|100/100|[from] move: Wish|[wisher] Espeon
|upkeep
|turn|7
|
|t:|1747572842
|switch|p1a: Scizor|Scizor, M, shiny|100/100
|-damage|p1a: Scizor|88/100|[from] Stealth Rock
|move|p2a: Espeon|Future Sight|p1a: Scizor
|-start|p2a: Espeon|move: Future Sight
|
|upkeep
|turn|8
|
|t:|1747572849
|move|p2a: Espeon|Baton Pass|p2a: Espeon
|
|t:|1747572855
|switch|p2a: Infernape|Infernape, F|100/100|[from] Baton Pass
|move|p1a: Scizor|U-turn|p2a: Infernape
|-resisted|p2a: Infernape
|-damage|p2a: Infernape|77/100
|inactive|Salutethewolf has 120 seconds left.
|
|t:|1747572866
|switch|p1a: Metagross|Metagross, shiny|75/100|[from] U-turn
|-damage|p1a: Metagross|69/100|[from] Stealth Rock
|
|upkeep
|turn|9
|
|t:|1747572874
|move|p2a: Infernape|Flare Blitz|p1a: Metagross
|-supereffective|p1a: Metagross
|-damage|p1a: Metagross|0 fnt
|faint|p1a: Metagross
|-damage|p2a: Infernape|49/100|[from] Recoil
|
|-hint|Future Sight did not hit because the target is fainted.
|upkeep
|inactive|Salutethewolf has 120 seconds left.
|
|t:|1747572883
|switch|p1a: Garchomp|Garchomp, F, shiny|100/100
|-damage|p1a: Garchomp|94/100|[from] Stealth Rock
|turn|10
|inactive|Salutethewolf has 120 seconds left.
|
|t:|1747572895
|switch|p2a: Espeon|Espeon, F|100/100
|move|p1a: Garchomp|Flamethrower|p2a: Espeon
|-damage|p2a: Espeon|64/100
|-damage|p1a: Garchomp|85/100|[from] item: Life Orb
|
|-heal|p2a: Espeon|70/100|[from] item: Leftovers
|upkeep
|turn|11
|
|t:|1747572905
|move|p1a: Garchomp|Draco Meteor|p2a: Espeon
|-damage|p2a: Espeon|0 fnt
|-unboost|p1a: Garchomp|spa|2
|faint|p2a: Espeon
|-damage|p1a: Garchomp|75/100|[from] item: Life Orb
|
|upkeep
|
|t:|1747572916
|switch|p2a: Latios|Latios, M|100/100
|turn|12
|
|t:|1747572922
|switch|p1a: Dragonite|Dragonite, M, shiny|94/100
|-damage|p1a: Dragonite|69/100|[from] Stealth Rock
|move|p2a: Latios|Draco Meteor|p1a: Dragonite
|-supereffective|p1a: Dragonite
|-crit|p1a: Dragonite
|-damage|p1a: Dragonite|0 fnt
|-unboost|p2a: Latios|spa|2
|faint|p1a: Dragonite
|
|upkeep
|inactive|Salutethewolf has 120 seconds left.
|
|t:|1747572933
|switch|p1a: Scizor|Scizor, M, shiny|88/100
|-damage|p1a: Scizor|76/100|[from] Stealth Rock
|turn|13
|
|t:|1747572938
|-activate|p2a: Latios|move: Pursuit
|move|p1a: Scizor|Pursuit|p2a: Latios|[from] Pursuit
|-supereffective|p2a: Latios
|-damage|p2a: Latios|0 fnt
|faint|p2a: Latios
|-hint|A Pokemon can't switch between when it runs out of HP and when it faints
|
|upkeep
|
|t:|1747572954
|switch|p2a: Ninetales|Ninetales, M|100/100
|-weather|SunnyDay|[from] ability: Drought|[of] p2a: Ninetales
|turn|14
|
|t:|1747572963
|switch|p1a: Garchomp|Garchomp, F, shiny|75/100
|-damage|p1a: Garchomp|69/100|[from] Stealth Rock
|move|p2a: Ninetales|Will-O-Wisp|p1a: Garchomp
|-status|p1a: Garchomp|brn
|
|-weather|SunnyDay|[upkeep]
|-damage|p1a: Garchomp|56/100 brn|[from] brn
|upkeep
|turn|15
|
|t:|1747572974
|move|p2a: Ninetales|Protect|p2a: Ninetales
|-singleturn|p2a: Ninetales|Protect
|move|p1a: Garchomp|Stealth Rock|p2a: Ninetales
|-sidestart|p2: xingqiba|move: Stealth Rock
|
|-weather|SunnyDay|[upkeep]
|-damage|p1a: Garchomp|44/100 brn|[from] brn
|upkeep
|turn|16
|
|t:|1747572983
|switch|p2a: Forretress|Forretress, F|100/100
|-damage|p2a: Forretress|88/100|[from] Stealth Rock
|move|p1a: Garchomp|Draco Meteor|p2a: Forretress
|-resisted|p2a: Forretress
|-damage|p2a: Forretress|38/100
|-unboost|p1a: Garchomp|spa|2
|-damage|p1a: Garchomp|34/100 brn|[from] item: Life Orb
|
|-weather|SunnyDay|[upkeep]
|-damage|p1a: Garchomp|22/100 brn|[from] brn
|upkeep
|turn|17
|
|t:|1747573001
|move|p1a: Garchomp|Draco Meteor|p2a: Forretress
|-resisted|p2a: Forretress
|-damage|p2a: Forretress|13/100
|-unboost|p1a: Garchomp|spa|2
|-damage|p1a: Garchomp|12/100 brn|[from] item: Life Orb
|move|p2a: Forretress|Rapid Spin|p1a: Garchomp
|-damage|p1a: Garchomp|9/100 brn
|-damage|p2a: Forretress|0 fnt|[from] ability: Rough Skin|[of] p1a: Garchomp
|faint|p2a: Forretress
|
|-weather|SunnyDay|[upkeep]
|-damage|p1a: Garchomp|0 fnt|[from] brn
|faint|p1a: Garchomp
|upkeep
|inactive|xingqiba has 120 seconds left.
|
|t:|1747573021
|switch|p1a: Latios|Latios, M, shiny|100/100
|switch|p2a: Infernape|Infernape, F|49/100
|-damage|p1a: Latios|88/100|[from] Stealth Rock
|-damage|p2a: Infernape|37/100|[from] Stealth Rock
|turn|18
|
|t:|1747573029
|move|p1a: Latios|Psyshock|p2a: Infernape
|-supereffective|p2a: Infernape
|-damage|p2a: Infernape|0 fnt
|faint|p2a: Infernape
|
|-weather|SunnyDay|[upkeep]
|upkeep
|inactive|xingqiba has 120 seconds left.
|
|t:|1747573038
|switch|p2a: Yanmega|Yanmega, M|91/100
|-damage|p2a: Yanmega|41/100|[from] Stealth Rock
|turn|19
|
|t:|1747573050
|switch|p1a: Scizor|Scizor, M, shiny|76/100
|-damage|p1a: Scizor|63/100|[from] Stealth Rock
|move|p2a: Yanmega|Protect||[still]
|-fail|p2a: Yanmega
|
|-weather|SunnyDay|[upkeep]
|-ability|p2a: Yanmega|Speed Boost|boost
|-boost|p2a: Yanmega|spe|1
|upkeep
|turn|20
|
|t:|1747573059
|move|p1a: Scizor|Bullet Punch|p2a: Yanmega
|-damage|p2a: Yanmega|0 fnt
|faint|p2a: Yanmega
|
|-weather|SunnyDay|[upkeep]
|upkeep
|-message|xingqiba forfeited.
|
|win|Salutethewolf
|raw|Salutethewolf's rating: 1356 &rarr; <strong>1379</strong><br />(+23 for winning)
|raw|xingqiba's rating: 1405 &rarr; <strong>1382</strong><br />(-23 for losing)
|l|☆xingqiba
|player|p2|
