|html|<div class="broadcast-blue"><strong>[Gen 5] OU is currently suspecting Volcarona & Cloyster! For information on how to participate check out the <a href="https://www.smogon.com/forums/threads/re-cloyster-volcarona-in-bw-ou-survey-post-29.3731863/page-2#post-9904362">suspect thread</a>.</strong></div>
|j|☆leoperi99
|j|☆Rkll
|t:|1704025501
|gametype|singles
|player|p1|leoperi99|gentleman-lgpe|1548
|player|p2|Rkll|266|1398
|teamsize|p1|6
|teamsize|p2|6
|gen|5
|tier|[Gen 5] OU
|rated|
|rule|Species Clause: Limit one of each Pokémon
|rule|OHKO Clause: OHKO moves are banned
|rule|Moody Clause: Moody is banned
|rule|Evasion Items Clause: Evasion items are banned
|rule|Evasion Moves Clause: Evasion moves are banned
|rule|Endless Battle Clause: Forcing endless battles is banned
|rule|HP Percentage Mod: HP is shown in percentages
|rule|Evasion Abilities Clause: Evasion abilities are banned
|rule|Sleep Moves Clause: Sleep-inducing moves are banned
|rule|Swagger Clause: Swagger is banned
|rule|Baton Pass Stat Clause: No Baton Passer may have a way to boost its stats
|clearpoke
|poke|p1|Abomasnow, F|item
|poke|p1|Donphan, F|item
|poke|p1|Kyurem|item
|poke|p1|Slowking, F|item
|poke|p1|Skarmory, M|item
|poke|p1|Latios, M|item
|poke|p2|Camerupt, M|item
|poke|p2|Celebi|item
|poke|p2|Blissey, F|item
|poke|p2|Hitmontop, M|item
|poke|p2|Mienshao, F|item
|poke|p2|Alomomola, F|item
|teampreview
|
|t:|1704025508
|start
|switch|p1a: Abomasnow|Abomasnow, F|100/100
|switch|p2a: Camerupt|Camerupt, M|100/100
|-weather|Hail|[from] ability: Snow Warning|[of] p1a: Abomasnow
|turn|1
|j| KeshBa45
|l| KeshBa45
|
|t:|1704025518
|move|p1a: Abomasnow|Protect|p1a: Abomasnow
|-singleturn|p1a: Abomasnow|Protect
|move|p2a: Camerupt|Stealth Rock|p1a: Abomasnow
|-sidestart|p1: leoperi99|move: Stealth Rock
|
|-weather|Hail|[upkeep]
|-damage|p2a: Camerupt|94/100|[from] Hail
|-heal|p2a: Camerupt|100/100|[from] item: Leftovers
|upkeep
|turn|2
|
|t:|1704025528
|switch|p1a: Slowking|Slowking, F, shiny|100/100
|-damage|p1a: Slowking|88/100|[from] Stealth Rock
|move|p2a: Camerupt|Lava Plume|p1a: Slowking
|-resisted|p1a: Slowking
|-crit|p1a: Slowking
|-damage|p1a: Slowking|71/100
|
|-weather|Hail|[upkeep]
|-damage|p2a: Camerupt|94/100|[from] Hail
|-damage|p1a: Slowking|65/100|[from] Hail
|-heal|p2a: Camerupt|100/100|[from] item: Leftovers
|-heal|p1a: Slowking|71/100|[from] item: Leftovers
|upkeep
|turn|3
|
|t:|1704025541
|switch|p2a: Blissey|Blissey, F|100/100
|move|p1a: Slowking|Scald|p2a: Blissey
|-damage|p2a: Blissey|91/100
|
|-weather|Hail|[upkeep]
|-damage|p2a: Blissey|85/100|[from] Hail
|-damage|p1a: Slowking|65/100|[from] Hail
|-heal|p2a: Blissey|91/100|[from] item: Leftovers
|-heal|p1a: Slowking|71/100|[from] item: Leftovers
|upkeep
|turn|4
|l|☆Rkll
|player|p2|
|j|☆Rkll
|player|p2|Rkll|266
|
|t:|1704025574
|switch|p1a: Donphan|Donphan, F, shiny|100/100
|-damage|p1a: Donphan|94/100|[from] Stealth Rock
|move|p2a: Blissey|Thunder Wave|p1a: Donphan
|-immune|p1a: Donphan
|
|-weather|Hail|[upkeep]
|-damage|p1a: Donphan|88/100|[from] Hail
|-damage|p2a: Blissey|85/100|[from] Hail
|-heal|p1a: Donphan|94/100|[from] item: Leftovers
|-heal|p2a: Blissey|91/100|[from] item: Leftovers
|upkeep
|turn|5
|l|☆Rkll
|player|p2|
|inactive|Battle timer is ON: inactive players will automatically lose when time's up. (requested by leoperi99)
|j|☆Rkll
|inactive|Rkll reconnected and has 135 seconds left.
|player|p2|Rkll|266
|
|t:|1704025619
|switch|p2a: Celebi|Celebi|100/100
|move|p1a: Donphan|Rapid Spin|p2a: Celebi
|-damage|p2a: Celebi|95/100
|-sideend|p1: leoperi99|Stealth Rock|[from] move: Rapid Spin|[of] p1a: Donphan
|
|-weather|Hail|[upkeep]
|-damage|p2a: Celebi|89/100|[from] Hail
|-damage|p1a: Donphan|88/100|[from] Hail
|-heal|p2a: Celebi|95/100|[from] item: Leftovers
|-heal|p1a: Donphan|94/100|[from] item: Leftovers
|upkeep
|turn|6
|
|t:|1704025631
|switch|p1a: Latios but cooler|Kyurem|100/100
|-ability|p1a: Latios but cooler|Pressure
|move|p2a: Celebi|U-turn|p1a: Latios but cooler
|-damage|p1a: Latios but cooler|86/100
|
|t:|1704025637
|switch|p2a: Mienshao|Mienshao, F|100/100|[from] U-turn
|
|-weather|Hail|[upkeep]
|-damage|p2a: Mienshao|95/100|[from] Hail
|upkeep
|turn|7
|
|t:|1704025646
|switch|p1a: Skarmory|Skarmory, M|100/100
|move|p2a: Mienshao|U-turn|p1a: Skarmory
|-resisted|p1a: Skarmory
|-damage|p1a: Skarmory|96/100
|-damage|p2a: Mienshao|85/100|[from] item: Life Orb
|
|t:|1704025652
|switch|p2a: Camerupt|Camerupt, M|100/100|[from] U-turn
|
|-weather|Hail|[upkeep]
|-damage|p1a: Skarmory|90/100|[from] Hail
|-damage|p2a: Camerupt|94/100|[from] Hail
|-heal|p1a: Skarmory|96/100|[from] item: Leftovers
|-heal|p2a: Camerupt|100/100|[from] item: Leftovers
|upkeep
|turn|8
|
|t:|1704025661
|switch|p1a: Donphan|Donphan, F, shiny|94/100
|move|p2a: Camerupt|Stealth Rock|p1a: Donphan
|-sidestart|p1: leoperi99|move: Stealth Rock
|
|-weather|Hail|[upkeep]
|-damage|p1a: Donphan|88/100|[from] Hail
|-damage|p2a: Camerupt|94/100|[from] Hail
|-heal|p1a: Donphan|94/100|[from] item: Leftovers
|-heal|p2a: Camerupt|100/100|[from] item: Leftovers
|upkeep
|turn|9
|
|t:|1704025682
|switch|p2a: Celebi|Celebi|95/100
|move|p1a: Donphan|Stealth Rock|p2a: Celebi
|-sidestart|p2: Rkll|move: Stealth Rock
|
|-weather|Hail|[upkeep]
|-damage|p2a: Celebi|89/100|[from] Hail
|-damage|p1a: Donphan|88/100|[from] Hail
|-heal|p2a: Celebi|95/100|[from] item: Leftovers
|-heal|p1a: Donphan|94/100|[from] item: Leftovers
|upkeep
|turn|10
|
|t:|1704025693
|move|p2a: Celebi|Psychic|p1a: Donphan
|-damage|p1a: Donphan|33/100
|-unboost|p1a: Donphan|spd|1
|move|p1a: Donphan|Rapid Spin|p2a: Celebi
|-damage|p2a: Celebi|89/100
|-sideend|p1: leoperi99|Stealth Rock|[from] move: Rapid Spin|[of] p1a: Donphan
|
|-weather|Hail|[upkeep]
|-damage|p2a: Celebi|83/100|[from] Hail
|-damage|p1a: Donphan|27/100|[from] Hail
|-heal|p2a: Celebi|89/100|[from] item: Leftovers
|-heal|p1a: Donphan|33/100|[from] item: Leftovers
|upkeep
|turn|11
|
|t:|1704025706
|switch|p1a: Latios but cooler|Kyurem|86/100
|-ability|p1a: Latios but cooler|Pressure
|move|p2a: Celebi|U-turn|p1a: Latios but cooler
|-damage|p1a: Latios but cooler|72/100
|
|t:|1704025713
|switch|p2a: Mienshao|Mienshao, F|100/100|[from] U-turn
|-damage|p2a: Mienshao|95/100|[from] Stealth Rock
|
|-weather|Hail|[upkeep]
|-damage|p2a: Mienshao|89/100|[from] Hail
|upkeep
|turn|12
|c|☆leoperi99|u turn u turn turn
|
|t:|1704025720
|switch|p1a: Slowking|Slowking, F, shiny|100/100
|move|p2a: Mienshao|High Jump Kick|p1a: Slowking|[miss]
|-miss|p2a: Mienshao|p1a: Slowking
|-damage|p2a: Mienshao|39/100|[from] highjumpkick
|
|-weather|Hail|[upkeep]
|-damage|p2a: Mienshao|33/100|[from] Hail
|-damage|p1a: Slowking|94/100|[from] Hail
|-heal|p1a: Slowking|100/100|[from] item: Leftovers
|upkeep
|turn|13
|
|t:|1704025731
|move|p2a: Mienshao|U-turn|p1a: Slowking
|-supereffective|p1a: Slowking
|-damage|p1a: Slowking|46/100
|-damage|p2a: Mienshao|23/100|[from] item: Life Orb
|
|t:|1704025736
|switch|p2a: Blissey|Blissey, F|91/100|[from] U-turn
|-damage|p2a: Blissey|79/100|[from] Stealth Rock
|move|p1a: Slowking|Thunder Wave|p2a: Blissey
|-status|p2a: Blissey|par
|
|-weather|Hail|[upkeep]
|-damage|p1a: Slowking|40/100|[from] Hail
|-damage|p2a: Blissey|72/100 par|[from] Hail
|-heal|p1a: Slowking|46/100|[from] item: Leftovers
|-heal|p2a: Blissey|79/100 par|[from] item: Leftovers
|upkeep
|turn|14
|
|t:|1704025749
|switch|p1a: Abomasnow|Abomasnow, F|100/100
|move|p2a: Blissey|Wish|p2a: Blissey
|
|-weather|Hail|[upkeep]
|-damage|p2a: Blissey|72/100 par|[from] Hail
|-heal|p2a: Blissey|79/100 par|[from] item: Leftovers
|upkeep
|turn|15
|
|t:|1704025757
|move|p1a: Abomasnow|Blizzard|p2a: Blissey
|-damage|p2a: Blissey|61/100 par
|move|p2a: Blissey|Thunder Wave|p1a: Abomasnow
|-status|p1a: Abomasnow|par
|
|-weather|Hail|[upkeep]
|-damage|p2a: Blissey|55/100 par|[from] Hail
|-heal|p2a: Blissey|100/100 par|[from] move: Wish|[wisher] Blissey
|upkeep
|turn|16
|
|t:|1704025768
|move|p1a: Abomasnow|Leech Seed|p2a: Blissey
|-start|p2a: Blissey|move: Leech Seed
|cant|p2a: Blissey|par
|
|-weather|Hail|[upkeep]
|-damage|p2a: Blissey|94/100 par|[from] Hail
|-heal|p2a: Blissey|100/100 par|[from] item: Leftovers
|-damage|p2a: Blissey|88/100 par|[from] Leech Seed|[of] p1a: Abomasnow
|upkeep
|turn|17
|
|t:|1704025778
|switch|p1a: Donphan|Donphan, F, shiny|33/100
|move|p2a: Blissey|Wish|p2a: Blissey
|
|-weather|Hail|[upkeep]
|-damage|p1a: Donphan|27/100|[from] Hail
|-damage|p2a: Blissey|82/100 par|[from] Hail
|-heal|p1a: Donphan|33/100|[from] item: Leftovers
|-heal|p2a: Blissey|88/100 par|[from] item: Leftovers
|-damage|p2a: Blissey|76/100 par|[from] Leech Seed|[of] p1a: Donphan
|-heal|p1a: Donphan|56/100|[silent]
|upkeep
|turn|18
|
|t:|1704025792
|-curestatus|p2a: Blissey|par|[from] ability: Natural Cure
|switch|p2a: Celebi|Celebi|89/100
|-damage|p2a: Celebi|77/100|[from] Stealth Rock
|move|p1a: Donphan|Ice Shard|p2a: Celebi
|-supereffective|p2a: Celebi
|-damage|p2a: Celebi|54/100
|
|-weather|Hail|[upkeep]
|-damage|p2a: Celebi|48/100|[from] Hail
|-damage|p1a: Donphan|50/100|[from] Hail
|-heal|p2a: Celebi|100/100|[from] move: Wish|[wisher] Blissey
|-heal|p1a: Donphan|56/100|[from] item: Leftovers
|upkeep
|turn|19
|
|t:|1704025807
|switch|p1a: Slowking|Slowking, F, shiny|79/100
|move|p2a: Celebi|Psychic|p1a: Slowking
|-resisted|p1a: Slowking
|-damage|p1a: Slowking|65/100
|
|-weather|Hail|[upkeep]
|-damage|p2a: Celebi|94/100|[from] Hail
|-damage|p1a: Slowking|59/100|[from] Hail
|-heal|p2a: Celebi|100/100|[from] item: Leftovers
|-heal|p1a: Slowking|65/100|[from] item: Leftovers
|upkeep
|turn|20
|
|t:|1704025818
|move|p2a: Celebi|Giga Drain|p1a: Slowking
|-supereffective|p1a: Slowking
|-damage|p1a: Slowking|17/100
|move|p1a: Slowking|Thunder Wave|p2a: Celebi
|-status|p2a: Celebi|par
|
|-weather|Hail|[upkeep]
|-damage|p1a: Slowking|11/100|[from] Hail
|-damage|p2a: Celebi|94/100 par|[from] Hail
|-heal|p1a: Slowking|17/100|[from] item: Leftovers
|-heal|p2a: Celebi|100/100 par|[from] item: Leftovers
|upkeep
|turn|21
|
|t:|1704025830
|move|p1a: Slowking|Slack Off|p1a: Slowking
|-heal|p1a: Slowking|67/100
|move|p2a: Celebi|U-turn|p1a: Slowking
|-supereffective|p1a: Slowking
|-damage|p1a: Slowking|40/100
|
|t:|1704025840
|-curestatus|p2a: Celebi|par|[from] ability: Natural Cure
|switch|p2a: Mienshao|Mienshao, F|56/100|[from] U-turn
|-damage|p2a: Mienshao|50/100|[from] Stealth Rock
|
|-weather|Hail|[upkeep]
|-damage|p2a: Mienshao|44/100|[from] Hail
|-damage|p1a: Slowking|34/100|[from] Hail
|-heal|p1a: Slowking|40/100|[from] item: Leftovers
|upkeep
|turn|22
|
|t:|1704025851
|switch|p1a: Skarmory|Skarmory, M|96/100
|move|p2a: Mienshao|High Jump Kick|p1a: Skarmory
|-damage|p1a: Skarmory|43/100
|-damage|p2a: Mienshao|34/100|[from] item: Life Orb
|
|-weather|Hail|[upkeep]
|-damage|p2a: Mienshao|29/100|[from] Hail
|-damage|p1a: Skarmory|37/100|[from] Hail
|-heal|p1a: Skarmory|43/100|[from] item: Leftovers
|upkeep
|turn|23
|
|t:|1704025862
|move|p2a: Mienshao|High Jump Kick|p1a: Skarmory
|-damage|p1a: Skarmory|0 fnt
|faint|p1a: Skarmory
|-damage|p2a: Mienshao|19/100|[from] item: Life Orb
|
|-weather|Hail|[upkeep]
|-damage|p2a: Mienshao|13/100|[from] Hail
|upkeep
|
|t:|1704025867
|switch|p1a: Donphan|Donphan, F, shiny|56/100
|turn|24
|
|t:|1704025873
|switch|p2a: Hitmontop|Hitmontop, M|100/100
|-damage|p2a: Hitmontop|94/100|[from] Stealth Rock
|-ability|p2a: Hitmontop|Intimidate|boost
|-unboost|p1a: Donphan|atk|1
|move|p1a: Donphan|Ice Shard|p2a: Hitmontop
|-damage|p2a: Hitmontop|84/100
|
|-weather|Hail|[upkeep]
|-damage|p2a: Hitmontop|78/100|[from] Hail
|-damage|p1a: Donphan|50/100|[from] Hail
|-heal|p2a: Hitmontop|84/100|[from] item: Leftovers
|-heal|p1a: Donphan|56/100|[from] item: Leftovers
|upkeep
|turn|25
|
|t:|1704025886
|switch|p1a: Latios|Latios, M|100/100
|move|p2a: Hitmontop|Rapid Spin|p1a: Latios
|-damage|p1a: Latios|93/100
|-sideend|p2: Rkll|Stealth Rock|[from] move: Rapid Spin|[of] p2a: Hitmontop
|
|-weather|Hail|[upkeep]
|-damage|p1a: Latios|87/100|[from] Hail
|-damage|p2a: Hitmontop|78/100|[from] Hail
|-heal|p2a: Hitmontop|84/100|[from] item: Leftovers
|upkeep
|turn|26
|
|t:|1704025896
|move|p2a: Hitmontop|Sucker Punch||[still]
|-fail|p2a: Hitmontop
|move|p1a: Latios|Trick|p2a: Hitmontop
|-activate|p1a: Latios|move: Trick|[of] p2a: Hitmontop
|-item|p2a: Hitmontop|Choice Scarf|[from] move: Trick
|-item|p1a: Latios|Leftovers|[from] move: Trick
|
|-weather|Hail|[upkeep]
|-damage|p1a: Latios|81/100|[from] Hail
|-damage|p2a: Hitmontop|78/100|[from] Hail
|-heal|p1a: Latios|87/100|[from] item: Leftovers
|upkeep
|turn|27
|
|t:|1704025907
|switch|p1a: Donphan|Donphan, F, shiny|56/100
|move|p2a: Hitmontop|Toxic|p1a: Donphan
|-status|p1a: Donphan|tox
|
|-weather|Hail|[upkeep]
|-damage|p2a: Hitmontop|72/100|[from] Hail
|-damage|p1a: Donphan|50/100 tox|[from] Hail
|-heal|p1a: Donphan|56/100 tox|[from] item: Leftovers
|-damage|p1a: Donphan|50/100 tox|[from] psn
|upkeep
|turn|28
|
|t:|1704025918
|switch|p2a: Mienshao|Mienshao, F|46/100
|move|p1a: Donphan|Stealth Rock|p2a: Mienshao
|-sidestart|p2: Rkll|move: Stealth Rock
|
|-weather|Hail|[upkeep]
|-damage|p2a: Mienshao|40/100|[from] Hail
|-damage|p1a: Donphan|44/100 tox|[from] Hail
|-heal|p1a: Donphan|50/100 tox|[from] item: Leftovers
|-damage|p1a: Donphan|38/100 tox|[from] psn
|upkeep
|turn|29
|
|t:|1704025928
|switch|p2a: Hitmontop|Hitmontop, M|72/100
|-damage|p2a: Hitmontop|65/100|[from] Stealth Rock
|-ability|p2a: Hitmontop|Intimidate|boost
|-unboost|p1a: Donphan|atk|1
|move|p1a: Donphan|Ice Shard|p2a: Hitmontop
|-damage|p2a: Hitmontop|55/100
|
|-weather|Hail|[upkeep]
|-damage|p2a: Hitmontop|49/100|[from] Hail
|-damage|p1a: Donphan|31/100 tox|[from] Hail
|-heal|p1a: Donphan|38/100 tox|[from] item: Leftovers
|-damage|p1a: Donphan|19/100 tox|[from] psn
|upkeep
|turn|30
|j| since fu
|
|t:|1704025941
|move|p2a: Hitmontop|Rapid Spin|p1a: Donphan
|-damage|p1a: Donphan|15/100 tox
|-sideend|p2: Rkll|Stealth Rock|[from] move: Rapid Spin|[of] p2a: Hitmontop
|move|p1a: Donphan|Stealth Rock|p2a: Hitmontop
|-sidestart|p2: Rkll|move: Stealth Rock
|
|-weather|Hail|[upkeep]
|-damage|p2a: Hitmontop|43/100|[from] Hail
|-damage|p1a: Donphan|9/100 tox|[from] Hail
|-heal|p1a: Donphan|15/100 tox|[from] item: Leftovers
|-damage|p1a: Donphan|0 fnt|[from] psn
|faint|p1a: Donphan
|upkeep
|
|t:|1704025950
|switch|p1a: Latios but cooler|Kyurem|72/100
|-ability|p1a: Latios but cooler|Pressure
|turn|31
|
|t:|1704025956
|move|p1a: Latios but cooler|Blizzard|p2a: Hitmontop
|-damage|p2a: Hitmontop|0 fnt
|faint|p2a: Hitmontop
|
|-weather|Hail|[upkeep]
|upkeep
|
|t:|1704025966
|switch|p2a: Mienshao|Mienshao, F|73/100
|-damage|p2a: Mienshao|67/100|[from] Stealth Rock
|turn|32
|
|t:|1704025972
|switch|p1a: Slowking|Slowking, F, shiny|73/100
|move|p2a: Mienshao|High Jump Kick|p1a: Slowking
|-resisted|p1a: Slowking
|-damage|p1a: Slowking|31/100
|-damage|p2a: Mienshao|57/100|[from] item: Life Orb
|
|-weather|Hail|[upkeep]
|-damage|p2a: Mienshao|51/100|[from] Hail
|-damage|p1a: Slowking|25/100|[from] Hail
|-heal|p1a: Slowking|31/100|[from] item: Leftovers
|upkeep
|turn|33
|l| since fu
|
|t:|1704025984
|move|p2a: Mienshao|U-turn|p1a: Slowking
|-supereffective|p1a: Slowking
|-damage|p1a: Slowking|0 fnt
|faint|p1a: Slowking
|-damage|p2a: Mienshao|41/100|[from] item: Life Orb
|
|t:|1704025999
|switch|p2a: Camerupt|Camerupt, M|100/100|[from] U-turn
|-damage|p2a: Camerupt|88/100|[from] Stealth Rock
|
|-weather|Hail|[upkeep]
|-damage|p2a: Camerupt|82/100|[from] Hail
|-heal|p2a: Camerupt|88/100|[from] item: Leftovers
|upkeep
|
|t:|1704026004
|switch|p1a: Latios but cooler|Kyurem|72/100
|-ability|p1a: Latios but cooler|Pressure
|turn|34
|j| since fu
|inactive|leoperi99 has 120 seconds left.
|
|t:|1704026044
|move|p1a: Latios but cooler|Draco Meteor|p2a: Camerupt
|-damage|p2a: Camerupt|0 fnt
|-unboost|p1a: Latios but cooler|spa|2
|faint|p2a: Camerupt
|
|-weather|Hail|[upkeep]
|upkeep
|
|t:|1704026056
|switch|p2a: Mienshao|Mienshao, F|75/100
|-damage|p2a: Mienshao|69/100|[from] Stealth Rock
|turn|35
|inactive|leoperi99 has 120 seconds left.
|
|t:|1704026067
|switch|p1a: Latios|Latios, M|87/100
|move|p2a: Mienshao|U-turn|p1a: Latios
|-supereffective|p1a: Latios
|-damage|p1a: Latios|0 fnt
|faint|p1a: Latios
|-damage|p2a: Mienshao|59/100|[from] item: Life Orb
|
|t:|1704026076
|switch|p2a: Blissey|Blissey, F|76/100|[from] U-turn
|-damage|p2a: Blissey|63/100|[from] Stealth Rock
|
|-weather|Hail|[upkeep]
|-damage|p2a: Blissey|57/100|[from] Hail
|-heal|p2a: Blissey|63/100|[from] item: Leftovers
|upkeep
|
|t:|1704026079
|switch|p1a: Abomasnow|Abomasnow, F|100/100 par
|turn|36
|
|t:|1704026086
|move|p2a: Blissey|Wish|p2a: Blissey
|cant|p1a: Abomasnow|par
|
|-weather|Hail|[upkeep]
|-damage|p2a: Blissey|57/100|[from] Hail
|-heal|p2a: Blissey|63/100|[from] item: Leftovers
|upkeep
|turn|37
|
|t:|1704026097
|switch|p2a: Celebi|Celebi|100/100
|-damage|p2a: Celebi|88/100|[from] Stealth Rock
|move|p1a: Abomasnow|Blizzard|p2a: Celebi
|-supereffective|p2a: Celebi
|-damage|p2a: Celebi|12/100
|
|-weather|Hail|[upkeep]
|-damage|p2a: Celebi|6/100|[from] Hail
|-heal|p2a: Celebi|96/100|[from] move: Wish|[wisher] Blissey
|-heal|p2a: Celebi|100/100|[from] item: Leftovers
|upkeep
|turn|38
|
|t:|1704026110
|move|p2a: Celebi|U-turn|p1a: Abomasnow
|-supereffective|p1a: Abomasnow
|-damage|p1a: Abomasnow|69/100 par
|
|t:|1704026115
|switch|p2a: Blissey|Blissey, F|63/100|[from] U-turn
|-damage|p2a: Blissey|51/100|[from] Stealth Rock
|move|p1a: Abomasnow|Blizzard|p2a: Blissey
|-damage|p2a: Blissey|32/100
|
|-weather|Hail|[upkeep]
|-damage|p2a: Blissey|26/100|[from] Hail
|-heal|p2a: Blissey|32/100|[from] item: Leftovers
|-heal|p1a: Abomasnow|75/100 par|[from] item: Leftovers
|upkeep
|turn|39
|
|t:|1704026128
|move|p2a: Blissey|Seismic Toss|p1a: Abomasnow
|-damage|p1a: Abomasnow|48/100 par
|move|p1a: Abomasnow|Leech Seed|p2a: Blissey
|-start|p2a: Blissey|move: Leech Seed
|
|-weather|Hail|[upkeep]
|-damage|p2a: Blissey|26/100|[from] Hail
|-heal|p2a: Blissey|32/100|[from] item: Leftovers
|-heal|p1a: Abomasnow|55/100 par|[from] item: Leftovers
|-damage|p2a: Blissey|20/100|[from] Leech Seed|[of] p1a: Abomasnow
|-heal|p1a: Abomasnow|78/100 par|[silent]
|upkeep
|turn|40
|
|t:|1704026140
|move|p2a: Blissey|Wish|p2a: Blissey
|move|p1a: Abomasnow|Giga Drain|p2a: Blissey
|-damage|p2a: Blissey|9/100
|-heal|p1a: Abomasnow|88/100 par|[from] drain|[of] p2a: Blissey
|
|-weather|Hail|[upkeep]
|-damage|p2a: Blissey|3/100|[from] Hail
|-heal|p2a: Blissey|9/100|[from] item: Leftovers
|-heal|p1a: Abomasnow|95/100 par|[from] item: Leftovers
|-damage|p2a: Blissey|0 fnt|[from] Leech Seed|[of] p1a: Abomasnow
|-heal|p1a: Abomasnow|100/100 par|[silent]
|faint|p2a: Blissey
|upkeep
|
|t:|1704026152
|switch|p2a: Mienshao|Mienshao, F|92/100
|-damage|p2a: Mienshao|86/100|[from] Stealth Rock
|turn|41
|
|t:|1704026159
|move|p1a: Abomasnow|Protect|p1a: Abomasnow
|-singleturn|p1a: Abomasnow|Protect
|move|p2a: Mienshao|High Jump Kick|p1a: Abomasnow
|-activate|p1a: Abomasnow|move: Protect
|-damage|p2a: Mienshao|36/100|[from] highjumpkick
|
|-weather|Hail|[upkeep]
|-damage|p2a: Mienshao|30/100|[from] Hail
|-heal|p2a: Mienshao|100/100|[from] move: Wish|[wisher] Blissey
|upkeep
|turn|42
|
|t:|1704026170
|move|p1a: Abomasnow|Protect||[still]
|-fail|p1a: Abomasnow
|move|p2a: Mienshao|High Jump Kick|p1a: Abomasnow
|-supereffective|p1a: Abomasnow
|-damage|p1a: Abomasnow|0 fnt
|faint|p1a: Abomasnow
|-damage|p2a: Mienshao|91/100|[from] item: Life Orb
|
|-weather|Hail|[upkeep]
|-damage|p2a: Mienshao|85/100|[from] Hail
|upkeep
|
|t:|1704026173
|switch|p1a: Latios but cooler|Kyurem|72/100
|-ability|p1a: Latios but cooler|Pressure
|turn|43
|
|t:|1704026185
|move|p2a: Mienshao|High Jump Kick|p1a: Latios but cooler|[miss]
|-miss|p2a: Mienshao|p1a: Latios but cooler
|-damage|p2a: Mienshao|35/100|[from] highjumpkick
|move|p1a: Latios but cooler|Blizzard|p2a: Mienshao
|-damage|p2a: Mienshao|0 fnt
|faint|p2a: Mienshao
|
|-weather|Hail|[upkeep]
|upkeep
|
|t:|1704026194
|switch|p2a: Alomomola|Alomomola, F|100/100
|-damage|p2a: Alomomola|88/100|[from] Stealth Rock
|turn|44
|
|t:|1704026199
|move|p1a: Latios but cooler|Blizzard|p2a: Alomomola
|-resisted|p2a: Alomomola
|-damage|p2a: Alomomola|35/100
|move|p2a: Alomomola|Scald|p1a: Latios but cooler
|-resisted|p1a: Latios but cooler
|-damage|p1a: Latios but cooler|66/100
|
|-weather|Hail|[upkeep]
|-damage|p2a: Alomomola|29/100|[from] Hail
|-heal|p2a: Alomomola|35/100|[from] item: Leftovers
|upkeep
|turn|45
|-message|Rkll forfeited.
|
|win|leoperi99
|raw|leoperi99's rating: 1548 &rarr; <strong>1560</strong><br />(+12 for winning)
|raw|Rkll's rating: 1398 &rarr; <strong>1386</strong><br />(-12 for losing)
|l|☆Rkll
