|j|☆Razorglass
|j|☆Crimsonbacon38
|t:|1722637882
|gametype|singles
|player|p1|Razorglass|preschooler|1339
|player|p2|Crimsonbacon38|barry|1392
|teamsize|p1|6
|teamsize|p2|6
|gen|5
|tier|[Gen 5] OU
|rated|
|rule|Species Clause: Limit one of each Pokémon
|rule|OHKO Clause: OHKO moves are banned
|rule|Moody Clause: Moody is banned
|rule|Evasion Items Clause: Evasion items are banned
|rule|Evasion Moves Clause: Evasion moves are banned
|rule|Endless Battle Clause: Forcing endless battles is banned
|rule|HP Percentage Mod: HP is shown in percentages
|rule|Evasion Abilities Clause: Evasion abilities are banned
|rule|Sleep Moves Clause: Sleep-inducing moves are banned
|rule|Swagger Clause: Swagger is banned
|rule|Baton Pass Stat Clause: No Baton Passer may have a way to boost its stats
|clearpoke
|poke|p1|Terrakion|item
|poke|p1|Jirachi|item
|poke|p1|Kyurem-Black|item
|poke|p1|Magnezone|item
|poke|p1|Salamence, M|item
|poke|p1|Garchomp, F|item
|poke|p2|Tyranitar, F|item
|poke|p2|Excadrill, M|item
|poke|p2|Garchomp, F|item
|poke|p2|Scizor, M|item
|poke|p2|Jirachi|item
|poke|p2|Latios, M|item
|teampreview
|c|☆Crimsonbacon38|Glhf
|
|t:|1722637900
|start
|switch|p1a: Jirachi|Jirachi|100/100
|switch|p2a: Jirachi|Jirachi|100/100
|turn|1
|
|t:|1722637904
|move|p2a: Jirachi|Stealth Rock|p1a: Jirachi
|-sidestart|p1: Razorglass|move: Stealth Rock
|move|p1a: Jirachi|Stealth Rock|p2a: Jirachi
|-sidestart|p2: Crimsonbacon38|move: Stealth Rock
|
|upkeep
|turn|2
|
|t:|1722637917
|move|p2a: Jirachi|U-turn|p1a: Jirachi
|-damage|p1a: Jirachi|87/100
|
|t:|1722637922
|switch|p2a: Scizor|Scizor, M|100/100|[from] U-turn
|-damage|p2a: Scizor|88/100|[from] Stealth Rock
|move|p1a: Jirachi|U-turn|p2a: Scizor
|-resisted|p2a: Scizor
|-damage|p2a: Scizor|79/100
|inactive|Battle timer is ON: inactive players will automatically lose when time's up. (requested by Crimsonbacon38)
|inactive|Razorglass has 120 seconds left.
|inactive|Razorglass has 90 seconds left.
|
|t:|1722638031
|switch|p1a: Kyurem|Kyurem-Black|100/100|[from] U-turn
|-damage|p1a: Kyurem|76/100|[from] Stealth Rock
|-ability|p1a: Kyurem|Teravolt
|
|upkeep
|turn|3
|inactive|Crimsonbacon38 has 120 seconds left.
|
|t:|1722638073
|move|p2a: Scizor|Bullet Punch|p1a: Kyurem
|-supereffective|p1a: Kyurem
|-damage|p1a: Kyurem|0 fnt
|faint|p1a: Kyurem
|
|upkeep
|
|t:|1722638084
|switch|p1a: Magnezone|Magnezone|100/100
|-damage|p1a: Magnezone|94/100|[from] Stealth Rock
|-item|p1a: Magnezone|Air Balloon
|turn|4
|inactive|Crimsonbacon38 has 120 seconds left.
|
|t:|1722638090
|move|p2a: Scizor|Bullet Punch|p1a: Magnezone
|-resisted|p1a: Magnezone
|-damage|p1a: Magnezone|84/100
|-enditem|p1a: Magnezone|Air Balloon
|move|p1a: Magnezone|Hidden Power|p2a: Scizor
|-supereffective|p2a: Scizor
|-damage|p2a: Scizor|0 fnt
|faint|p2a: Scizor
|
|upkeep
|inactive|Crimsonbacon38 has 120 seconds left.
|inactive|Crimsonbacon38 has 90 seconds left.
|j| Bornil3635
|
|t:|1722638150
|switch|p2a: Garchomp|Garchomp, F|100/100
|-damage|p2a: Garchomp|94/100|[from] Stealth Rock
|turn|5
|
|t:|1722638172
|switch|p2a: Tyranitar|Tyranitar, F|100/100
|-damage|p2a: Tyranitar|88/100|[from] Stealth Rock
|-weather|Sandstorm|[from] ability: Sand Stream|[of] p2a: Tyranitar
|switch|p1a: Salamence|Salamence, M|100/100
|-damage|p1a: Salamence|76/100|[from] Stealth Rock
|
|-weather|Sandstorm|[upkeep]
|-damage|p1a: Salamence|70/100|[from] Sandstorm
|upkeep
|turn|6
|l| Bornil3635
|
|t:|1722638179
|move|p1a: Salamence|Earthquake|p2a: Tyranitar
|-supereffective|p2a: Tyranitar
|-damage|p2a: Tyranitar|19/100
|move|p2a: Tyranitar|Ice Beam|p1a: Salamence
|-supereffective|p1a: Salamence
|-damage|p1a: Salamence|0 fnt
|faint|p1a: Salamence
|
|-weather|Sandstorm|[upkeep]
|upkeep
|
|t:|1722638189
|switch|p1a: Terrakion|Terrakion|100/100
|-damage|p1a: Terrakion|94/100|[from] Stealth Rock
|turn|7
|inactive|Crimsonbacon38 has 90 seconds left.
|inactive|Crimsonbacon38 has 60 seconds left.
|
|t:|1722638228
|move|p2a: Tyranitar|Ice Beam|p1a: Terrakion
|-damage|p1a: Terrakion|79/100
|move|p1a: Terrakion|Close Combat|p2a: Tyranitar
|-supereffective|p2a: Tyranitar
|-damage|p2a: Tyranitar|0 fnt
|-unboost|p1a: Terrakion|def|1
|-unboost|p1a: Terrakion|spd|1
|faint|p2a: Tyranitar
|
|-weather|Sandstorm|[upkeep]
|upkeep
|inactive|Crimsonbacon38 has 60 seconds left.
|
|t:|1722638245
|switch|p2a: Latios|Latios, M|100/100
|-damage|p2a: Latios|88/100|[from] Stealth Rock
|turn|8
|
|t:|1722638254
|switch|p1a: Magnezone|Magnezone|84/100
|-damage|p1a: Magnezone|78/100|[from] Stealth Rock
|move|p2a: Latios|Surf|p1a: Magnezone
|-damage|p1a: Magnezone|43/100
|
|-weather|Sandstorm|[upkeep]
|-damage|p2a: Latios|82/100|[from] Sandstorm
|upkeep
|turn|9
|inactive|Crimsonbacon38 has 60 seconds left.
|
|t:|1722638265
|move|p2a: Latios|Hidden Power|p1a: Magnezone
|-supereffective|p1a: Magnezone
|-damage|p1a: Magnezone|0 fnt
|faint|p1a: Magnezone
|
|-weather|Sandstorm|[upkeep]
|-damage|p2a: Latios|76/100|[from] Sandstorm
|upkeep
|
|t:|1722638273
|switch|p1a: Jirachi|Jirachi|87/100
|-damage|p1a: Jirachi|80/100|[from] Stealth Rock
|turn|10
|
|t:|1722638281
|move|p2a: Latios|Hidden Power|p1a: Jirachi
|-supereffective|p1a: Jirachi
|-damage|p1a: Jirachi|52/100
|move|p1a: Jirachi|Icy Wind|p2a: Latios
|-supereffective|p2a: Latios
|-damage|p2a: Latios|48/100
|-unboost|p2a: Latios|spe|1
|-enditem|p2a: Latios|White Herb
|-clearnegativeboost|p2a: Latios|[silent]
|
|-weather|Sandstorm|[upkeep]
|-damage|p2a: Latios|42/100|[from] Sandstorm
|-heal|p1a: Jirachi|58/100|[from] item: Leftovers
|upkeep
|turn|11
|
|t:|1722638289
|switch|p2a: Jirachi|Jirachi|100/100
|-damage|p2a: Jirachi|94/100|[from] Stealth Rock
|move|p1a: Jirachi|Icy Wind|p2a: Jirachi
|-resisted|p2a: Jirachi
|-damage|p2a: Jirachi|91/100
|-unboost|p2a: Jirachi|spe|1
|
|-weather|Sandstorm|[upkeep]
|-heal|p1a: Jirachi|64/100|[from] item: Leftovers
|-heal|p2a: Jirachi|97/100|[from] item: Leftovers
|upkeep
|turn|12
|
|t:|1722638294
|move|p1a: Jirachi|U-turn|p2a: Jirachi
|-damage|p2a: Jirachi|83/100
|
|t:|1722638296
|switch|p1a: Terrakion|Terrakion|79/100|[from] U-turn
|-damage|p1a: Terrakion|73/100|[from] Stealth Rock
|move|p2a: Jirachi|Thunder Wave|p1a: Terrakion
|-status|p1a: Terrakion|par
|
|-weather|Sandstorm|[upkeep]
|-heal|p2a: Jirachi|89/100|[from] item: Leftovers
|upkeep
|turn|13
|inactive|Crimsonbacon38 has 90 seconds left.
|
|t:|1722638303
|move|p2a: Jirachi|Iron Head|p1a: Terrakion
|-supereffective|p1a: Terrakion
|-damage|p1a: Terrakion|6/100 par
|cant|p1a: Terrakion|flinch
|
|-weather|Sandstorm|[upkeep]
|-heal|p2a: Jirachi|96/100|[from] item: Leftovers
|upkeep
|turn|14
|
|t:|1722638309
|move|p2a: Jirachi|U-turn|p1a: Terrakion
|-resisted|p1a: Terrakion
|-damage|p1a: Terrakion|0 fnt
|faint|p1a: Terrakion
|inactive|Crimsonbacon38 has 90 seconds left.
|
|t:|1722638319
|switch|p2a: Excadrill|Excadrill, M|100/100|[from] U-turn
|-damage|p2a: Excadrill|97/100|[from] Stealth Rock
|
|-weather|Sandstorm|[upkeep]
|-heal|p2a: Excadrill|100/100|[from] item: Leftovers
|upkeep
|
|t:|1722638322
|switch|p1a: Garchomp|Garchomp, F|100/100
|-damage|p1a: Garchomp|94/100|[from] Stealth Rock
|turn|15
|
|t:|1722638326
|switch|p2a: Latios|Latios, M|42/100
|-damage|p2a: Latios|29/100|[from] Stealth Rock
|move|p1a: Garchomp|Swords Dance|p1a: Garchomp
|-boost|p1a: Garchomp|atk|2
|
|-weather|Sandstorm|[upkeep]
|-damage|p2a: Latios|23/100|[from] Sandstorm
|upkeep
|turn|16
|
|t:|1722638340
|move|p2a: Latios|Draco Meteor|p1a: Garchomp
|-supereffective|p1a: Garchomp
|-damage|p1a: Garchomp|0 fnt
|-unboost|p2a: Latios|spa|2
|faint|p1a: Garchomp
|
|-weather|Sandstorm|[upkeep]
|-damage|p2a: Latios|17/100|[from] Sandstorm
|upkeep
|
|t:|1722638344
|switch|p1a: Jirachi|Jirachi|64/100
|-damage|p1a: Jirachi|58/100|[from] Stealth Rock
|turn|17
|
|t:|1722638350
|move|p2a: Latios|Hidden Power|p1a: Jirachi
|-supereffective|p1a: Jirachi
|-damage|p1a: Jirachi|42/100
|move|p1a: Jirachi|Icy Wind|p2a: Latios
|-supereffective|p2a: Latios
|-crit|p2a: Latios
|-damage|p2a: Latios|0 fnt
|faint|p2a: Latios
|
|-weather|Sandstorm|[upkeep]
|-heal|p1a: Jirachi|48/100|[from] item: Leftovers
|upkeep
|
|t:|1722638353
|switch|p2a: Garchomp|Garchomp, F|94/100
|-damage|p2a: Garchomp|88/100|[from] Stealth Rock
|turn|18
|
|t:|1722638355
|move|p2a: Garchomp|Earthquake|p1a: Jirachi
|-supereffective|p1a: Jirachi
|-damage|p1a: Jirachi|0 fnt
|faint|p1a: Jirachi
|
|win|Crimsonbacon38
|raw|Razorglass's rating: 1339 &rarr; <strong>1322</strong><br />(-17 for losing)
|raw|Crimsonbacon38's rating: 1392 &rarr; <strong>1409</strong><br />(+17 for winning)
|c|☆Razorglass|gg
