|j|☆Pilif
|j|☆A Naughty Boy
|player|p1|Pilif|101
|player|p2|A Naughty Boy|209
|teamsize|p1|6
|teamsize|p2|6
|gametype|singles
|gen|5
|tier|[Gen 5] OU
|rated|
|rule|Sleep Clause Mod: Limit one foe put to sleep
|rule|Species Clause: Limit one of each Pokémon
|rule|OHKO Clause: OHKO moves are banned
|rule|Moody Clause: Moody is banned
|rule|Evasion Moves Clause: Evasion moves are banned
|rule|Endless Battle Clause: Forcing endless battles is banned
|rule|HP Percentage Mod: HP is shown in percentages
|rule|Evasion Abilities Clause: Evasion abilities are banned
|rule|Baton Pass Clause: Limit one Baton Passer, can't pass Spe and other stats simultaneously
|rule|Swagger Clause: Swagger is banned
|clearpoke
|poke|p1|Hippowdon, F|item
|poke|p1|Umbreon, M|item
|poke|p1|Forretress, M|item
|poke|p1|Toxicroak, M|item
|poke|p1|Infernape, M|item
|poke|p1|Hydreigon, M|item
|poke|p2|Aerodactyl, M|item
|poke|p2|Magnezone|item
|poke|p2|Gyarados, M|item
|poke|p2|Salamence, M|item
|poke|p2|Latios, M|item
|poke|p2|Garchomp, F|item
|teampreview
|c|☆A Naughty Boy|Glhf
|
|start
|switch|p1a: Forretress|Forretress, M|100/100
|switch|p2a: Aerodactyl|Aerodactyl, M|100/100
|-ability|p2a: Aerodactyl|Pressure
|turn|1
|inactive|Battle timer is ON: inactive players will automatically lose when time's up. (requested by Pilif)
|
|move|p2a: Aerodactyl|Taunt|p1a: Forretress
|-start|p1a: Forretress|move: Taunt
|move|p1a: Forretress|Gyro Ball|p2a: Aerodactyl
|-supereffective|p2a: Aerodactyl
|-enditem|p2a: Aerodactyl|Focus Sash
|-damage|p2a: Aerodactyl|1/100
|
|upkeep
|turn|2
|
|move|p2a: Aerodactyl|Stealth Rock|p1a: Forretress
|-sidestart|p1: Pilif|move: Stealth Rock
|move|p1a: Forretress|Volt Switch|p2a: Aerodactyl
|-supereffective|p2a: Aerodactyl
|-damage|p2a: Aerodactyl|0
|faint|p2a: Aerodactyl
|inactive|Pilif has 135 seconds left.
|
|switch|p1a: Infernape|Infernape, M|100/100
|-damage|p1a: Infernape|88/100|[from] Stealth Rock
|
|upkeep
|
|switch|p2a: Latios|Latios, M|100/100
|turn|3
|
|switch|p1a: Umbreon|Umbreon, M|100/100
|-damage|p1a: Umbreon|88/100|[from] Stealth Rock
|move|p2a: Latios|Trick|p1a: Umbreon
|-activate|p2a: Latios|move: Trick|[of] p1a: Umbreon
|-item|p1a: Umbreon|Choice Scarf|[from] move: Trick
|-item|p2a: Latios|Leftovers|[from] move: Trick
|
|upkeep
|turn|4
|inactive|A Naughty Boy has 135 seconds left.
|
|switch|p2a: Magnezone|Magnezone|100/100
|move|p1a: Umbreon|Wish|p1a: Umbreon
|
|upkeep
|turn|5
|
|switch|p1a: Hippowdon|Hippowdon, F|100/100
|-damage|p1a: Hippowdon|94/100|[from] Stealth Rock
|-weather|Sandstorm|[from] ability: Sand Stream|[of] p1a: Hippowdon
|move|p2a: Magnezone|Substitute|p2a: Magnezone
|-start|p2a: Magnezone|Substitute
|-damage|p2a: Magnezone|76/100
|
|-weather|Sandstorm|[upkeep]
|-heal|p1a: Hippowdon|100/100|[from] move: Wish|[wisher] Umbreon
|-heal|p2a: Magnezone|82/100|[from] item: Leftovers
|upkeep
|turn|6
|
|move|p2a: Magnezone|Flash Cannon|p1a: Hippowdon
|-damage|p1a: Hippowdon|67/100
|move|p1a: Hippowdon|Stealth Rock|p2a: Magnezone
|-sidestart|p2: A Naughty Boy|move: Stealth Rock
|
|-weather|Sandstorm|[upkeep]
|-heal|p2a: Magnezone|88/100|[from] item: Leftovers
|-heal|p1a: Hippowdon|73/100|[from] item: Leftovers
|upkeep
|turn|7
|
|move|p2a: Magnezone|Flash Cannon|p1a: Hippowdon
|-damage|p1a: Hippowdon|39/100
|move|p1a: Hippowdon|Slack Off|p1a: Hippowdon
|-heal|p1a: Hippowdon|89/100
|
|-weather|Sandstorm|[upkeep]
|-heal|p2a: Magnezone|94/100|[from] item: Leftovers
|-heal|p1a: Hippowdon|95/100|[from] item: Leftovers
|upkeep
|turn|8
|
|move|p2a: Magnezone|Flash Cannon|p1a: Hippowdon
|-damage|p1a: Hippowdon|55/100
|move|p1a: Hippowdon|Roar|p2a: Magnezone
|drag|p2a: Salamence|Salamence, M|100/100
|-damage|p2a: Salamence|76/100|[from] Stealth Rock
|
|-weather|Sandstorm|[upkeep]
|-damage|p2a: Salamence|70/100|[from] Sandstorm
|-heal|p1a: Hippowdon|61/100|[from] item: Leftovers
|upkeep
|turn|9
|inactive|Pilif has 135 seconds left.
|
|move|p2a: Salamence|Outrage|p1a: Hippowdon
|-damage|p1a: Hippowdon|25/100
|move|p1a: Hippowdon|Slack Off|p1a: Hippowdon
|-heal|p1a: Hippowdon|75/100
|
|-weather|Sandstorm|[upkeep]
|-damage|p2a: Salamence|64/100|[from] Sandstorm
|-heal|p1a: Hippowdon|82/100|[from] item: Leftovers
|upkeep
|turn|10
|
|move|p2a: Salamence|Outrage|p1a: Hippowdon|[from]lockedmove
|-damage|p1a: Hippowdon|47/100
|-start|p2a: Salamence|confusion|[fatigue]
|move|p1a: Hippowdon|Slack Off|p1a: Hippowdon
|-heal|p1a: Hippowdon|97/100
|
|-weather|Sandstorm|[upkeep]
|-damage|p2a: Salamence|58/100|[from] Sandstorm
|-heal|p1a: Hippowdon|100/100|[from] item: Leftovers
|upkeep
|turn|11
|c|☆A Naughty Boy|!dt hippowdown
No Pokémon, item, move, ability or nature named 'hippowdown' was found in Gen 5. Showing the data of 'Hippowdon' instead.
|raw|<div class="message"><ul class="utilichart"><li class="result"><span class="col numcol">OU</span> <span class="col iconcol"><psicon pokemon="hippowdon"/></span> <span class="col pokemonnamecol" style="white-space:nowrap"><a href="https://pokemonshowdown.com/dex/pokemon/hippowdon" target="_blank">Hippowdon</a></span> <span class="col typecol"><img src="https://play.pokemonshowdown.com/sprites/types/Ground.png" alt="Ground" height="14" width="32"></span> <span style="float:left;min-height:26px"><span class="col abilitycol">Sand Stream</span><span class="col abilitycol"><em>Sand Force</em></span></span><span style="float:left;min-height:26px"><span class="col statcol"><em>HP</em><br />108</span> <span class="col statcol"><em>Atk</em><br />112</span> <span class="col statcol"><em>Def</em><br />118</span> <span class="col statcol"><em>SpA</em><br />68</span> <span class="col statcol"><em>SpD</em><br />72</span> <span class="col statcol"><em>Spe</em><br />47</span> <span class="col bstcol"><em>BST<br />525</em></span> </span></li><li style="clear:both"></li></ul></div>
|raw|<font size="1"><font color="#686868">Dex#:</font> 450&nbsp;|&ThickSpace;<font color="#686868">Gen:</font> 4&nbsp;|&ThickSpace;<font color="#686868">Height:</font> 2 m&nbsp;|&ThickSpace;<font color="#686868">Weight:</font> 300 kg <em>(120 BP)</em>&nbsp;|&ThickSpace;<font color="#686868">Dex Colour:</font> Brown&nbsp;|&ThickSpace;<font color="#686868">Egg Group(s):</font> Field&nbsp;|&ThickSpace;<font color="#686868">Does Not Evolve</font></font>

|inactive|A Naughty Boy has 135 seconds left.
|
|switch|p2a: Latios|Latios, M|100/100
|-damage|p2a: Latios|88/100|[from] Stealth Rock
|move|p1a: Hippowdon|Roar|p2a: Latios
|drag|p2a: Salamence|Salamence, M|58/100
|-damage|p2a: Salamence|33/100|[from] Stealth Rock
|
|-weather|Sandstorm|[upkeep]
|-damage|p2a: Salamence|27/100|[from] Sandstorm
|upkeep
|turn|12
|
|switch|p2a: Latios|Latios, M|88/100
|-damage|p2a: Latios|76/100|[from] Stealth Rock
|move|p1a: Hippowdon|Slack Off|p1a: Hippowdon
|-fail|p1a: Hippowdon
|
|-weather|Sandstorm|[upkeep]
|-damage|p2a: Latios|70/100|[from] Sandstorm
|-heal|p2a: Latios|76/100|[from] item: Leftovers
|upkeep
|turn|13
|inactive|Pilif has 135 seconds left.
|inactive|A Naughty Boy has 135 seconds left.
|
|switch|p1a: Umbreon|Umbreon, M|88/100
|-damage|p1a: Umbreon|76/100|[from] Stealth Rock
|move|p2a: Latios|Ice Beam|p1a: Umbreon
|-damage|p1a: Umbreon|58/100
|
|-weather|Sandstorm|[upkeep]
|-damage|p2a: Latios|70/100|[from] Sandstorm
|-damage|p1a: Umbreon|52/100|[from] Sandstorm
|-heal|p2a: Latios|76/100|[from] item: Leftovers
|upkeep
|turn|14
|
|switch|p2a: Salamence|Salamence, M|27/100
|-damage|p2a: Salamence|2/100|[from] Stealth Rock
|move|p1a: Umbreon|Toxic|p2a: Salamence
|-status|p2a: Salamence|tox
|
|-weather|Sandstorm|[upkeep]
|-damage|p2a: Salamence|0 tox|[from] Sandstorm
|-damage|p1a: Umbreon|46/100|[from] Sandstorm
|upkeep
|faint|p2a: Salamence
|inactive|A Naughty Boy has 135 seconds left.
|
|switch|p2a: Magnezone|Magnezone|94/100
|-damage|p2a: Magnezone|88/100|[from] Stealth Rock
|turn|15
|j| latios1756
|inactive|Pilif has 135 seconds left.
|
|switch|p1a: Hippowdon|Hippowdon, F|100/100
|-damage|p1a: Hippowdon|94/100|[from] Stealth Rock
|move|p2a: Magnezone|Substitute|p2a: Magnezone
|-start|p2a: Magnezone|Substitute
|-damage|p2a: Magnezone|63/100
|
|-weather|Sandstorm|[upkeep]
|-heal|p2a: Magnezone|69/100|[from] item: Leftovers
|-heal|p1a: Hippowdon|100/100|[from] item: Leftovers
|upkeep
|turn|16
|l| latios1756
|inactive|Pilif has 135 seconds left.
|
|move|p2a: Magnezone|Flash Cannon|p1a: Hippowdon
|-damage|p1a: Hippowdon|65/100
|move|p1a: Hippowdon|Earthquake|p2a: Magnezone
|-supereffective|p2a: Magnezone
|-end|p2a: Magnezone|Substitute
|
|-weather|Sandstorm|[upkeep]
|-heal|p2a: Magnezone|75/100|[from] item: Leftovers
|-heal|p1a: Hippowdon|72/100|[from] item: Leftovers
|upkeep
|turn|17
|
|switch|p2a: Latios|Latios, M|76/100
|-damage|p2a: Latios|64/100|[from] Stealth Rock
|move|p1a: Hippowdon|Roar|p2a: Latios
|drag|p2a: Gyarados|Gyarados, M|100/100
|-damage|p2a: Gyarados|76/100|[from] Stealth Rock
|
|-weather|Sandstorm|[upkeep]
|-damage|p2a: Gyarados|70/100|[from] Sandstorm
|-heal|p1a: Hippowdon|78/100|[from] item: Leftovers
|upkeep
|turn|18
|inactive|Pilif has 135 seconds left.
|inactive|Pilif has 120 seconds left.
|
|switch|p1a: Hydreigon|Hydreigon, M|100/100
|-damage|p1a: Hydreigon|88/100|[from] Stealth Rock
|move|p2a: Gyarados|Waterfall|p1a: Hydreigon
|-resisted|p1a: Hydreigon
|-crit|p1a: Hydreigon
|-damage|p1a: Hydreigon|39/100
|
|-weather|Sandstorm|[upkeep]
|-damage|p1a: Hydreigon|33/100|[from] Sandstorm
|-damage|p2a: Gyarados|64/100|[from] Sandstorm
|upkeep
|turn|19
|
|switch|p2a: Magnezone|Magnezone|75/100
|-damage|p2a: Magnezone|69/100|[from] Stealth Rock
|move|p1a: Hydreigon|Draco Meteor|p2a: Magnezone
|-resisted|p2a: Magnezone
|-damage|p2a: Magnezone|31/100
|-unboost|p1a: Hydreigon|spa|2
|
|-weather|Sandstorm|[upkeep]
|-damage|p1a: Hydreigon|27/100|[from] Sandstorm
|-heal|p2a: Magnezone|37/100|[from] item: Leftovers
|upkeep
|turn|20
|
|switch|p1a: Umbreon|Umbreon, M|46/100
|-damage|p1a: Umbreon|33/100|[from] Stealth Rock
|move|p2a: Magnezone|Flash Cannon|p1a: Umbreon
|-damage|p1a: Umbreon|16/100
|
|-weather|Sandstorm|[upkeep]
|-damage|p1a: Umbreon|10/100|[from] Sandstorm
|-heal|p2a: Magnezone|43/100|[from] item: Leftovers
|upkeep
|turn|21
|
|move|p1a: Umbreon|Wish|p1a: Umbreon
|move|p2a: Magnezone|Flash Cannon|p1a: Umbreon
|-damage|p1a: Umbreon|0
|faint|p1a: Umbreon
|
|-weather|Sandstorm|[upkeep]
|-heal|p2a: Magnezone|49/100|[from] item: Leftovers
|upkeep
|
|switch|p1a: Hydreigon|Hydreigon, M|27/100
|-damage|p1a: Hydreigon|15/100|[from] Stealth Rock
|turn|22
|
|move|p1a: Hydreigon|Fire Blast|p2a: Magnezone
|-supereffective|p2a: Magnezone
|-damage|p2a: Magnezone|0
|faint|p2a: Magnezone
|
|-weather|Sandstorm|[upkeep]
|-damage|p1a: Hydreigon|8/100|[from] Sandstorm
|-heal|p1a: Hydreigon|69/100|[from] move: Wish|[wisher] Umbreon
|upkeep
|
|switch|p2a: Gyarados|Gyarados, M|64/100
|-damage|p2a: Gyarados|39/100|[from] Stealth Rock
|turn|23
|
|switch|p1a: Forretress|Forretress, M|100/100
|-damage|p1a: Forretress|88/100|[from] Stealth Rock
|move|p2a: Gyarados|Dragon Dance|p2a: Gyarados
|-boost|p2a: Gyarados|atk|1
|-boost|p2a: Gyarados|spe|1
|
|-weather|Sandstorm|[upkeep]
|-damage|p2a: Gyarados|33/100|[from] Sandstorm
|-heal|p1a: Forretress|94/100|[from] item: Leftovers
|upkeep
|turn|24
|
|switch|p2a: Garchomp|Garchomp, F|100/100
|-damage|p2a: Garchomp|94/100|[from] Stealth Rock
|move|p1a: Forretress|Volt Switch|p2a: Garchomp
|-immune|p2a: Garchomp|[msg]
|
|-weather|Sandstorm|[upkeep]
|-heal|p1a: Forretress|100/100|[from] item: Leftovers
|upkeep
|turn|25
|inactive|Pilif has 135 seconds left.
|inactive|A Naughty Boy has 135 seconds left.
|inactive|A Naughty Boy has 120 seconds left.
|
|move|p2a: Garchomp|Outrage|p1a: Forretress
|-resisted|p1a: Forretress
|-damage|p1a: Forretress|83/100
|move|p1a: Forretress|Rapid Spin|p2a: Garchomp
|-damage|p2a: Garchomp|90/100
|-damage|p1a: Forretress|71/100|[from] ability: Rough Skin|[of] p2a: Garchomp
|-sideend|p1: Pilif|Stealth Rock|[from] move: Rapid Spin|[of] p1a: Forretress
|
|-weather|Sandstorm|[upkeep]
|-heal|p1a: Forretress|77/100|[from] item: Leftovers
|upkeep
|turn|26
|inactive|Pilif has 135 seconds left.
|
|move|p2a: Garchomp|Outrage|p1a: Forretress|[from]lockedmove
|-resisted|p1a: Forretress
|-damage|p1a: Forretress|60/100
|-start|p2a: Garchomp|confusion|[fatigue]
|move|p1a: Forretress|Gyro Ball|p2a: Garchomp
|-damage|p2a: Garchomp|46/100
|-damage|p1a: Forretress|47/100|[from] ability: Rough Skin|[of] p2a: Garchomp
|
|-weather|Sandstorm|[upkeep]
|-heal|p1a: Forretress|53/100|[from] item: Leftovers
|upkeep
|turn|27
|inactive|Pilif has 135 seconds left.
|inactive|A Naughty Boy has 135 seconds left.
|c|☆A Naughty Boy|Gg
|-message|A Naughty Boy forfeited.
|
|win|Pilif
|l|☆A Naughty Boy
|c|☆Pilif|gg
|raw|Pilif's rating: 1309 &rarr; <strong>1335</strong><br />(+26 for winning)
|raw|A Naughty Boy's rating: 1416 &rarr; <strong>1390</strong><br />(-26 for losing)
