|j|☆JeffBees
|j|☆affksl
|t:|1716556461
|gametype|singles
|player|p1|JeffBees|102|1315
|player|p2|affksl|pokemaniac-gen3rs|1490
|teamsize|p1|6
|teamsize|p2|6
|gen|5
|tier|[Gen 5] OU
|rated|
|rule|Species Clause: Limit one of each Pokémon
|rule|OHKO Clause: OHKO moves are banned
|rule|Moody Clause: Moody is banned
|rule|Evasion Items Clause: Evasion items are banned
|rule|Evasion Moves Clause: Evasion moves are banned
|rule|Endless Battle Clause: Forcing endless battles is banned
|rule|HP Percentage Mod: HP is shown in percentages
|rule|Evasion Abilities Clause: Evasion abilities are banned
|rule|Sleep Moves Clause: Sleep-inducing moves are banned
|rule|Swagger Clause: Swagger is banned
|rule|Baton Pass Stat Clause: No Baton Passer may have a way to boost its stats
|clearpoke
|poke|p1|Ninetales, M|item
|poke|p1|Heatran, F|item
|poke|p1|Jellicent, F|item
|poke|p1|Ferrothorn, F|item
|poke|p1|Excadrill, F|item
|poke|p1|Volcarona, F|item
|poke|p2|Omastar, M|item
|poke|p2|Latios, M|item
|poke|p2|Jirachi|item
|poke|p2|Dugtrio, F|item
|poke|p2|Gyarados, M|item
|poke|p2|Conkeldurr, M|item
|teampreview
|inactive|Battle timer is ON: inactive players will automatically lose when time's up. (requested by affksl)
|inactive|JeffBees also wants the timer to be on.
|
|t:|1716556468
|start
|switch|p1a: Ninetales|Ninetales, M|100/100
|switch|p2a: Dugtrio|Dugtrio, F|100/100
|-weather|SunnyDay|[from] ability: Drought|[of] p1a: Ninetales
|turn|1
|
|t:|1716556475
|switch|p1a: Jellicent|Jellicent, F|100/100
|move|p2a: Dugtrio|Stealth Rock|p1a: Jellicent
|-sidestart|p1: JeffBees|move: Stealth Rock
|
|-weather|SunnyDay|[upkeep]
|upkeep
|turn|2
|
|t:|1716556485
|switch|p2a: Jirachi|Jirachi|100/100
|move|p1a: Jellicent|Will-O-Wisp|p2a: Jirachi
|-status|p2a: Jirachi|brn
|
|-weather|SunnyDay|[upkeep]
|-damage|p2a: Jirachi|88/100 brn|[from] brn
|upkeep
|turn|3
|
|t:|1716556496
|switch|p1a: Excadrill|Excadrill, F|100/100
|-damage|p1a: Excadrill|97/100|[from] Stealth Rock
|-ability|p1a: Excadrill|Mold Breaker
|move|p2a: Jirachi|U-turn|p1a: Excadrill
|-resisted|p1a: Excadrill
|-damage|p1a: Excadrill|92/100
|
|t:|1716556514
|switch|p2a: Conkeldurr|Conkeldurr, M|100/100|[from] U-turn
|
|-weather|SunnyDay|[upkeep]
|-heal|p1a: Excadrill|98/100|[from] item: Leftovers
|upkeep
|turn|4
|
|t:|1716556522
|switch|p1a: Ferrothorn|Ferrothorn, F|100/100
|-damage|p1a: Ferrothorn|95/100|[from] Stealth Rock
|move|p2a: Conkeldurr|Bulk Up|p2a: Conkeldurr
|-boost|p2a: Conkeldurr|atk|1
|-boost|p2a: Conkeldurr|def|1
|
|-weather|SunnyDay|[upkeep]
|upkeep
|turn|5
|
|t:|1716556534
|move|p2a: Conkeldurr|Bulk Up|p2a: Conkeldurr
|-boost|p2a: Conkeldurr|atk|1
|-boost|p2a: Conkeldurr|def|1
|move|p1a: Ferrothorn|Leech Seed|p2a: Conkeldurr
|-start|p2a: Conkeldurr|move: Leech Seed
|
|-weather|SunnyDay|[upkeep]
|-damage|p2a: Conkeldurr|88/100|[from] Leech Seed|[of] p1a: Ferrothorn
|-heal|p1a: Ferrothorn|100/100|[silent]
|upkeep
|turn|6
|
|t:|1716556542
|move|p2a: Conkeldurr|Bulk Up|p2a: Conkeldurr
|-boost|p2a: Conkeldurr|atk|1
|-boost|p2a: Conkeldurr|def|1
|move|p1a: Ferrothorn|Spikes|p2a: Conkeldurr
|-sidestart|p2: affksl|Spikes
|
|-weather|SunnyDay|[upkeep]
|-heal|p2a: Conkeldurr|94/100|[from] item: Leftovers
|-damage|p2a: Conkeldurr|82/100|[from] Leech Seed|[of] p1a: Ferrothorn
|upkeep
|turn|7
|
|t:|1716556551
|move|p2a: Conkeldurr|Bulk Up|p2a: Conkeldurr
|-boost|p2a: Conkeldurr|atk|1
|-boost|p2a: Conkeldurr|def|1
|move|p1a: Ferrothorn|Power Whip|p2a: Conkeldurr
|-damage|p2a: Conkeldurr|71/100
|
|-weather|SunnyDay|[upkeep]
|-heal|p2a: Conkeldurr|77/100|[from] item: Leftovers
|-damage|p2a: Conkeldurr|65/100|[from] Leech Seed|[of] p1a: Ferrothorn
|upkeep
|turn|8
|
|t:|1716556560
|move|p2a: Conkeldurr|Drain Punch|p1a: Ferrothorn
|-supereffective|p1a: Ferrothorn
|-damage|p1a: Ferrothorn|0 fnt
|-heal|p2a: Conkeldurr|100/100|[from] drain|[of] p1a: Ferrothorn
|-damage|p2a: Conkeldurr|88/100|[from] ability: Iron Barbs|[of] p1a: Ferrothorn
|-damage|p2a: Conkeldurr|72/100|[from] item: Rocky Helmet|[of] p1a: Ferrothorn
|faint|p1a: Ferrothorn
|
|-weather|SunnyDay|[upkeep]
|-heal|p2a: Conkeldurr|78/100|[from] item: Leftovers
|upkeep
|
|t:|1716556577
|switch|p1a: Heatran|Heatran, F|100/100
|-damage|p1a: Heatran|88/100|[from] Stealth Rock
|turn|9
|
|t:|1716556581
|move|p1a: Heatran|Flamethrower|p2a: Conkeldurr
|-damage|p2a: Conkeldurr|10/100
|move|p2a: Conkeldurr|Drain Punch|p1a: Heatran
|-supereffective|p1a: Heatran
|-damage|p1a: Heatran|0 fnt
|-heal|p2a: Conkeldurr|51/100|[from] drain|[of] p1a: Heatran
|faint|p1a: Heatran
|
|-weather|SunnyDay|[upkeep]
|-heal|p2a: Conkeldurr|57/100|[from] item: Leftovers
|upkeep
|
|t:|1716556590
|switch|p1a: Ninetales|Ninetales, M|100/100
|-damage|p1a: Ninetales|76/100|[from] Stealth Rock
|turn|10
|
|t:|1716556600
|move|p1a: Ninetales|Overheat|p2a: Conkeldurr|[miss]
|-miss|p1a: Ninetales|p2a: Conkeldurr
|move|p2a: Conkeldurr|Drain Punch|p1a: Ninetales
|-damage|p1a: Ninetales|0 fnt
|-heal|p2a: Conkeldurr|83/100|[from] drain|[of] p1a: Ninetales
|faint|p1a: Ninetales
|
|-weather|SunnyDay|[upkeep]
|-heal|p2a: Conkeldurr|89/100|[from] item: Leftovers
|upkeep
|-message|JeffBees forfeited.
|
|win|affksl
|raw|JeffBees's rating: 1315 &rarr; <strong>1304</strong><br />(-11 for losing)
|raw|affksl's rating: 1490 &rarr; <strong>1501</strong><br />(+11 for winning)
|l|☆JeffBees
|player|p1|
