|j|☆LadderGod1
|j|☆PreUnPo
|t:|1726487372
|gametype|singles
|player|p1|LadderGod1|101|1254
|player|p2|PreUnPo|iono|1433
|teamsize|p1|6
|teamsize|p2|6
|gen|5
|tier|[Gen 5] OU
|rated|
|rule|Species Clause: Limit one of each Pokémon
|rule|OHKO Clause: OHKO moves are banned
|rule|Moody Clause: Moody is banned
|rule|Evasion Items Clause: Evasion items are banned
|rule|Evasion Moves Clause: Evasion moves are banned
|rule|Endless Battle Clause: Forcing endless battles is banned
|rule|HP Percentage Mod: HP is shown in percentages
|rule|Evasion Abilities Clause: Evasion abilities are banned
|rule|Sleep Moves Clause: Sleep-inducing moves are banned
|rule|Swagger Clause: Swagger is banned
|rule|Baton Pass Stat Clause: No Baton Passer may have a way to boost its stats
|clearpoke
|poke|p1|Ferrothorn, M|item
|poke|p1|Politoed, F|item
|poke|p1|Heatran, M|item
|poke|p1|Salamence, F|item
|poke|p1|Gliscor, M|item
|poke|p1|Hydreigon, M|item
|poke|p2|Garchomp, F|item
|poke|p2|Volcarona, F|item
|poke|p2|Dragonite, M|item
|poke|p2|Breloom, F|item
|poke|p2|Starmie|item
|poke|p2|Scizor, F|item
|teampreview
|inactive|Battle timer is ON: inactive players will automatically lose when time's up. (requested by PreUnPo)
|
|t:|1726487391
|start
|switch|p1a: Ferrothorn|Ferrothorn, M|100/100
|switch|p2a: Garchomp|Garchomp, F|100/100
|turn|1
|
|t:|1726487401
|move|p2a: Garchomp|Stealth Rock|p1a: Ferrothorn
|-sidestart|p1: LadderGod1|move: Stealth Rock
|move|p1a: Ferrothorn|Stealth Rock|p2a: Garchomp
|-sidestart|p2: PreUnPo|move: Stealth Rock
|
|upkeep
|turn|2
|
|t:|1726487408
|move|p2a: Garchomp|Swords Dance|p2a: Garchomp
|-boost|p2a: Garchomp|atk|2
|move|p1a: Ferrothorn|Leech Seed|p2a: Garchomp
|-start|p2a: Garchomp|move: Leech Seed
|
|-damage|p2a: Garchomp|88/100|[from] Leech Seed|[of] p1a: Ferrothorn
|upkeep
|turn|3
|
|t:|1726487414
|move|p2a: Garchomp|Earthquake|p1a: Ferrothorn
|-damage|p1a: Ferrothorn|39/100
|move|p1a: Ferrothorn|Gyro Ball|p2a: Garchomp
|-damage|p2a: Garchomp|43/100
|-damage|p1a: Ferrothorn|26/100|[from] ability: Rough Skin|[of] p2a: Garchomp
|
|-heal|p1a: Ferrothorn|33/100|[from] item: Leftovers
|-damage|p2a: Garchomp|31/100|[from] Leech Seed|[of] p1a: Ferrothorn
|-heal|p1a: Ferrothorn|45/100|[silent]
|upkeep
|turn|4
|
|t:|1726487424
|switch|p1a: Hydreigon|Hydreigon, M|100/100
|-damage|p1a: Hydreigon|88/100|[from] Stealth Rock
|move|p2a: Garchomp|Earthquake|p1a: Hydreigon
|-immune|p1a: Hydreigon|[from] ability: Levitate
|
|-damage|p2a: Garchomp|19/100|[from] Leech Seed|[of] p1a: Hydreigon
|-heal|p1a: Hydreigon|100/100|[silent]
|upkeep
|turn|5
|
|t:|1726487434
|move|p1a: Hydreigon|Draco Meteor|p2a: Garchomp
|-supereffective|p2a: Garchomp
|-damage|p2a: Garchomp|0 fnt
|-unboost|p1a: Hydreigon|spa|2
|faint|p2a: Garchomp
|
|upkeep
|
|t:|1726487438
|switch|p2a: Starmie|Starmie|100/100
|-damage|p2a: Starmie|88/100|[from] Stealth Rock
|-item|p2a: Starmie|Air Balloon
|turn|6
|
|t:|1726487442
|switch|p1a: Ferrothorn|Ferrothorn, M|45/100
|-damage|p1a: Ferrothorn|39/100|[from] Stealth Rock
|move|p2a: Starmie|Rapid Spin|p1a: Ferrothorn
|-resisted|p1a: Ferrothorn
|-damage|p1a: Ferrothorn|37/100
|-damage|p2a: Starmie|76/100|[from] ability: Iron Barbs|[of] p1a: Ferrothorn
|-sideend|p2: PreUnPo|Stealth Rock|[from] move: Rapid Spin|[of] p2a: Starmie
|
|-heal|p1a: Ferrothorn|44/100|[from] item: Leftovers
|upkeep
|turn|7
|
|t:|1726487453
|move|p2a: Starmie|Ice Beam|p1a: Ferrothorn
|-damage|p1a: Ferrothorn|20/100
|move|p1a: Ferrothorn|Stealth Rock|p2a: Starmie
|-sidestart|p2: PreUnPo|move: Stealth Rock
|
|-heal|p1a: Ferrothorn|26/100|[from] item: Leftovers
|upkeep
|turn|8
|
|t:|1726487459
|move|p2a: Starmie|Ice Beam|p1a: Ferrothorn
|-damage|p1a: Ferrothorn|4/100
|move|p1a: Ferrothorn|Power Whip|p2a: Starmie
|-supereffective|p2a: Starmie
|-damage|p2a: Starmie|0 fnt
|-enditem|p2a: Starmie|Air Balloon
|faint|p2a: Starmie
|
|-heal|p1a: Ferrothorn|10/100|[from] item: Leftovers
|upkeep
|
|t:|1726487464
|switch|p2a: Breloom|Breloom, F|100/100
|-damage|p2a: Breloom|94/100|[from] Stealth Rock
|turn|9
|
|t:|1726487474
|switch|p1a: Salamence|Salamence, F|100/100
|-damage|p1a: Salamence|76/100|[from] Stealth Rock
|move|p2a: Breloom|Low Sweep|p1a: Salamence
|-resisted|p1a: Salamence
|-damage|p1a: Salamence|37/100
|-unboost|p1a: Salamence|spe|1
|-damage|p2a: Breloom|84/100|[from] item: Life Orb
|
|upkeep
|turn|10
|
|t:|1726487497
|switch|p1a: Ferrothorn|Ferrothorn, M|10/100
|-damage|p1a: Ferrothorn|4/100|[from] Stealth Rock
|move|p2a: Breloom|Low Sweep|p1a: Ferrothorn
|-supereffective|p1a: Ferrothorn
|-damage|p1a: Ferrothorn|0 fnt
|-damage|p2a: Breloom|72/100|[from] ability: Iron Barbs|[of] p1a: Ferrothorn
|faint|p1a: Ferrothorn
|-damage|p2a: Breloom|62/100|[from] item: Life Orb
|
|upkeep
|
|t:|1726487508
|switch|p1a: Gliscor|Gliscor, M|100/100
|-damage|p1a: Gliscor|88/100|[from] Stealth Rock
|turn|11
|
|t:|1726487511
|switch|p2a: Scizor|Scizor, F|100/100
|-damage|p2a: Scizor|88/100|[from] Stealth Rock
|move|p1a: Gliscor|Toxic|p2a: Scizor
|-immune|p2a: Scizor
|
|-status|p1a: Gliscor|tox|[from] item: Toxic Orb
|upkeep
|turn|12
|
|t:|1726487515
|move|p1a: Gliscor|Substitute|p1a: Gliscor
|-start|p1a: Gliscor|Substitute
|-damage|p1a: Gliscor|63/100 tox
|move|p2a: Scizor|Swords Dance|p2a: Scizor
|-boost|p2a: Scizor|atk|2
|
|-heal|p1a: Gliscor|76/100 tox|[from] ability: Poison Heal
|upkeep
|turn|13
|
|t:|1726487519
|move|p2a: Scizor|Bullet Punch|p1a: Gliscor
|-end|p1a: Gliscor|Substitute
|-damage|p2a: Scizor|78/100|[from] item: Life Orb
|move|p1a: Gliscor|Earthquake|p2a: Scizor
|-damage|p2a: Scizor|40/100
|
|-heal|p1a: Gliscor|88/100 tox|[from] ability: Poison Heal
|upkeep
|turn|14
|
|t:|1726487534
|move|p1a: Gliscor|Protect|p1a: Gliscor
|-singleturn|p1a: Gliscor|Protect
|move|p2a: Scizor|Bullet Punch|p1a: Gliscor
|-activate|p1a: Gliscor|move: Protect
|
|-heal|p1a: Gliscor|100/100 tox|[from] ability: Poison Heal
|upkeep
|turn|15
|
|t:|1726487542
|move|p2a: Scizor|Bullet Punch|p1a: Gliscor
|-damage|p1a: Gliscor|47/100 tox
|-damage|p2a: Scizor|30/100|[from] item: Life Orb
|move|p1a: Gliscor|Earthquake|p2a: Scizor
|-damage|p2a: Scizor|0 fnt
|faint|p2a: Scizor
|
|-heal|p1a: Gliscor|60/100 tox|[from] ability: Poison Heal
|upkeep
|
|t:|1726487545
|switch|p2a: Volcarona|Volcarona, F|100/100
|-damage|p2a: Volcarona|51/100|[from] Stealth Rock
|turn|16
|
|t:|1726487550
|move|p2a: Volcarona|Quiver Dance|p2a: Volcarona
|-boost|p2a: Volcarona|spa|1
|-boost|p2a: Volcarona|spd|1
|-boost|p2a: Volcarona|spe|1
|move|p1a: Gliscor|Toxic|p2a: Volcarona
|-status|p2a: Volcarona|tox
|
|-damage|p2a: Volcarona|45/100 tox|[from] psn
|-heal|p1a: Gliscor|72/100 tox|[from] ability: Poison Heal
|upkeep
|turn|17
|
|t:|1726487558
|move|p1a: Gliscor|Protect|p1a: Gliscor
|-singleturn|p1a: Gliscor|Protect
|move|p2a: Volcarona|Psychic|p1a: Gliscor
|-activate|p1a: Gliscor|move: Protect
|
|-damage|p2a: Volcarona|32/100 tox|[from] psn
|-heal|p1a: Gliscor|85/100 tox|[from] ability: Poison Heal
|upkeep
|turn|18
|
|t:|1726487562
|switch|p1a: Heatran|Heatran, M|100/100
|-damage|p1a: Heatran|88/100|[from] Stealth Rock
|-item|p1a: Heatran|Air Balloon
|move|p2a: Volcarona|Psychic|p1a: Heatran
|-resisted|p1a: Heatran
|-damage|p1a: Heatran|70/100
|-enditem|p1a: Heatran|Air Balloon
|
|-damage|p2a: Volcarona|14/100 tox|[from] psn
|upkeep
|turn|19
|
|t:|1726487570
|move|p2a: Volcarona|Psychic|p1a: Heatran
|-resisted|p1a: Heatran
|-damage|p1a: Heatran|49/100
|move|p1a: Heatran|Magma Storm|p2a: Volcarona
|-damage|p2a: Volcarona|0 fnt
|faint|p2a: Volcarona
|
|upkeep
|
|t:|1726487574
|switch|p2a: Breloom|Breloom, F|62/100
|-damage|p2a: Breloom|56/100|[from] Stealth Rock
|turn|20
|
|t:|1726487577
|move|p2a: Breloom|Mach Punch|p1a: Heatran
|-supereffective|p1a: Heatran
|-damage|p1a: Heatran|0 fnt
|faint|p1a: Heatran
|-damage|p2a: Breloom|46/100|[from] item: Life Orb
|
|upkeep
|
|t:|1726487580
|switch|p1a: Gliscor|Gliscor, M|85/100 tox
|-damage|p1a: Gliscor|72/100 tox|[from] Stealth Rock
|turn|21
|
|t:|1726487584
|move|p1a: Gliscor|Toxic|p2a: Breloom
|-status|p2a: Breloom|tox
|move|p2a: Breloom|Bullet Seed|p1a: Gliscor
|-damage|p1a: Gliscor|55/100 tox
|-damage|p1a: Gliscor|38/100 tox
|-hitcount|p1a: Gliscor|2
|-damage|p2a: Breloom|36/100 tox|[from] item: Life Orb
|
|-heal|p1a: Gliscor|50/100 tox|[from] ability: Poison Heal
|-damage|p2a: Breloom|30/100 tox|[from] psn
|upkeep
|turn|22
|
|t:|1726487591
|move|p1a: Gliscor|Protect|p1a: Gliscor
|-singleturn|p1a: Gliscor|Protect
|move|p2a: Breloom|Bullet Seed|p1a: Gliscor
|-activate|p1a: Gliscor|move: Protect
|
|-heal|p1a: Gliscor|63/100 tox|[from] ability: Poison Heal
|-damage|p2a: Breloom|18/100 tox|[from] psn
|upkeep
|turn|23
|
|t:|1726487601
|switch|p1a: Salamence|Salamence, F|37/100
|-damage|p1a: Salamence|13/100|[from] Stealth Rock
|move|p2a: Breloom|Bullet Seed|p1a: Salamence
|-resisted|p1a: Salamence
|-damage|p1a: Salamence|4/100
|-resisted|p1a: Salamence
|-damage|p1a: Salamence|0 fnt
|faint|p1a: Salamence
|-hitcount|p1: Salamence|2
|-damage|p2a: Breloom|8/100 tox|[from] item: Life Orb
|
|-damage|p2a: Breloom|0 fnt|[from] psn
|faint|p2a: Breloom
|upkeep
|
|t:|1726487614
|switch|p1a: Politoed|Politoed, F|100/100
|switch|p2a: Dragonite|Dragonite, M|100/100
|-damage|p2a: Dragonite|76/100|[from] Stealth Rock
|-damage|p1a: Politoed|88/100|[from] Stealth Rock
|turn|24
|
|t:|1726487619
|move|p2a: Dragonite|Dragon Dance|p2a: Dragonite
|-boost|p2a: Dragonite|atk|1
|-boost|p2a: Dragonite|spe|1
|move|p1a: Politoed|Ice Beam|p2a: Dragonite
|-supereffective|p2a: Dragonite
|-damage|p2a: Dragonite|0 fnt
|faint|p2a: Dragonite
|
|win|LadderGod1
|raw|LadderGod1's rating: 1254 &rarr; <strong>1291</strong><br />(+37 for winning)
|raw|PreUnPo's rating: 1433 &rarr; <strong>1404</strong><br />(-29 for losing)
|l|☆PreUnPo
|player|p2|
