|j|☆jzjaws
|j|☆Hoppipmus Papam
|t:|1745951599
|gametype|singles
|player|p1|jzjaws|2|1315
|player|p2|Hoppipmus Papam|petrel|1333
|teamsize|p1|6
|teamsize|p2|6
|gen|5
|tier|[Gen 5] OU
|rated|
|rule|Species Clause: Limit one of each Pokémon
|rule|OHKO Clause: OHKO moves are banned
|rule|Moody Clause: Moody is banned
|rule|Evasion Items Clause: Evasion items are banned
|rule|Evasion Moves Clause: Evasion moves are banned
|rule|Endless Battle Clause: Forcing endless battles is banned
|rule|HP Percentage Mod: HP is shown in percentages
|rule|Evasion Abilities Clause: Evasion abilities are banned
|rule|Sleep Moves Clause: Sleep-inducing moves are banned
|rule|Swagger Clause: Swagger is banned
|rule|Baton Pass Stat Clause: No Baton Passer may have a way to boost its stats
|clearpoke
|poke|p1|Reuniclus, M|item
|poke|p1|Latios, M|item
|poke|p1|Blissey, F|item
|poke|p1|Forretress, M|item
|poke|p1|Gliscor, F|item
|poke|p1|Abomasnow, F|item
|poke|p2|Politoed, M|item
|poke|p2|Ferrothorn, F|item
|poke|p2|Tentacruel, M|item
|poke|p2|Jirachi|item
|poke|p2|Thundurus-Therian, M|item
|poke|p2|Latios, M|item
|teampreview
|inactive|Battle timer is ON: inactive players will automatically lose when time's up. (requested by jzjaws)
|
|t:|1745951634
|start
|switch|p1a: Abomasnow|Abomasnow, F|100/100
|switch|p2a: Latios|Latios, M|100/100
|-weather|Hail|[from] ability: Snow Warning|[of] p1a: Abomasnow
|turn|1
|
|t:|1745951651
|switch|p2a: Politoed|Politoed, M|100/100
|-weather|RainDance|[from] ability: Drizzle|[of] p2a: Politoed
|move|p1a: Abomasnow|Protect||[still]
|-fail|p1a: Abomasnow
|
|-weather|RainDance|[upkeep]
|upkeep
|turn|2
|
|t:|1745951664
|switch|p2a: Ferrothorn|Ferrothorn, F|100/100
|switch|p1a: Blissey|Blissey, F|100/100
|
|-weather|RainDance|[upkeep]
|upkeep
|turn|3
|
|t:|1745951667
|switch|p1a: Forretress|Forretress, M|100/100
|move|p2a: Ferrothorn|Stealth Rock|p1a: Forretress
|-sidestart|p1: jzjaws|move: Stealth Rock
|
|-weather|RainDance|[upkeep]
|upkeep
|turn|4
|
|t:|1745951674
|switch|p2a: Thundurus|Thundurus-Therian, M|100/100
|move|p1a: Forretress|Spikes|p2a: Thundurus
|-sidestart|p2: Hoppipmus Papam|Spikes
|
|-weather|RainDance|[upkeep]
|upkeep
|turn|5
|
|t:|1745951679
|switch|p1a: Blissey|Blissey, F|100/100
|-damage|p1a: Blissey|88/100|[from] Stealth Rock
|move|p2a: Thundurus|Thunder|p1a: Blissey
|-damage|p1a: Blissey|62/100
|-status|p1a: Blissey|par
|
|-weather|RainDance|[upkeep]
|-heal|p1a: Blissey|69/100 par|[from] item: Leftovers
|upkeep
|turn|6
|
|t:|1745951684
|move|p2a: Thundurus|Focus Blast|p1a: Blissey
|-supereffective|p1a: Blissey
|-damage|p1a: Blissey|30/100 par
|cant|p1a: Blissey|par
|
|-weather|RainDance|[upkeep]
|-heal|p1a: Blissey|36/100 par|[from] item: Leftovers
|upkeep
|turn|7
|
|t:|1745951696
|-curestatus|p1a: Blissey|par|[from] ability: Natural Cure
|switch|p1a: Latios|Latios, M|100/100
|-damage|p1a: Latios|88/100|[from] Stealth Rock
|move|p2a: Thundurus|Focus Blast|p1a: Latios
|-resisted|p1a: Latios
|-damage|p1a: Latios|63/100
|
|-weather|RainDance|[upkeep]
|upkeep
|turn|8
|
|t:|1745951704
|switch|p2a: Ferrothorn|Ferrothorn, F|100/100
|-damage|p2a: Ferrothorn|88/100|[from] Spikes
|move|p1a: Latios|Draco Meteor|p2a: Ferrothorn
|-resisted|p2a: Ferrothorn
|-damage|p2a: Ferrothorn|55/100
|-unboost|p1a: Latios|spa|2
|
|-weather|RainDance|[upkeep]
|upkeep
|turn|9
|
|t:|1745951709
|switch|p1a: Forretress|Forretress, M|100/100
|-damage|p1a: Forretress|88/100|[from] Stealth Rock
|switch|p2a: Thundurus|Thundurus-Therian, M|100/100
|
|-weather|RainDance|[upkeep]
|-heal|p1a: Forretress|94/100|[from] item: Leftovers
|upkeep
|turn|10
|
|t:|1745951722
|switch|p1a: Gliscor|Gliscor, F|100/100
|-damage|p1a: Gliscor|88/100|[from] Stealth Rock
|move|p2a: Thundurus|Thunder|p1a: Gliscor
|-immune|p1a: Gliscor
|
|-weather|RainDance|[upkeep]
|-status|p1a: Gliscor|tox|[from] item: Toxic Orb
|upkeep
|turn|11
|
|t:|1745951728
|move|p1a: Gliscor|Protect|p1a: Gliscor
|-singleturn|p1a: Gliscor|Protect
|move|p2a: Thundurus|Hidden Power|p1a: Gliscor
|-activate|p1a: Gliscor|move: Protect
|
|-weather|RainDance|[upkeep]
|-heal|p1a: Gliscor|100/100 tox|[from] ability: Poison Heal
|upkeep
|turn|12
|
|t:|1745951738
|switch|p1a: Forretress|Forretress, M|94/100
|-damage|p1a: Forretress|82/100|[from] Stealth Rock
|move|p2a: Thundurus|Focus Blast|p1a: Forretress|[miss]
|-miss|p2a: Thundurus|p1a: Forretress
|
|-weather|RainDance|[upkeep]
|-heal|p1a: Forretress|88/100|[from] item: Leftovers
|upkeep
|turn|13
|
|t:|1745951745
|move|p2a: Thundurus|Thunder|p1a: Forretress
|-damage|p1a: Forretress|0 fnt
|faint|p1a: Forretress
|
|-weather|RainDance|[upkeep]
|upkeep
|
|t:|1745951759
|switch|p1a: Abomasnow|Abomasnow, F|100/100
|-damage|p1a: Abomasnow|76/100|[from] Stealth Rock
|-weather|Hail|[from] ability: Snow Warning|[of] p1a: Abomasnow
|turn|14
|
|t:|1745951766
|switch|p2a: Tentacruel|Tentacruel, M|100/100
|-damage|p2a: Tentacruel|88/100|[from] Spikes
|move|p1a: Abomasnow|Protect||[still]
|-fail|p1a: Abomasnow
|
|-weather|Hail|[upkeep]
|-damage|p2a: Tentacruel|82/100|[from] Hail
|-heal|p2a: Tentacruel|88/100|[from] item: Black Sludge
|-heal|p1a: Abomasnow|82/100|[from] item: Leftovers
|upkeep
|turn|15
|
|t:|1745951770
|switch|p1a: Blissey|Blissey, F|36/100
|-damage|p1a: Blissey|24/100|[from] Stealth Rock
|move|p2a: Tentacruel|Rapid Spin|p1a: Blissey
|-damage|p1a: Blissey|22/100
|-sideend|p2: Hoppipmus Papam|Spikes|[from] move: Rapid Spin|[of] p2a: Tentacruel
|
|-weather|Hail|[upkeep]
|-damage|p2a: Tentacruel|82/100|[from] Hail
|-damage|p1a: Blissey|16/100|[from] Hail
|-heal|p2a: Tentacruel|88/100|[from] item: Black Sludge
|-heal|p1a: Blissey|22/100|[from] item: Leftovers
|upkeep
|turn|16
|
|t:|1745951774
|switch|p2a: Ferrothorn|Ferrothorn, F|55/100
|move|p1a: Blissey|Soft-Boiled|p1a: Blissey
|-heal|p1a: Blissey|72/100
|
|-weather|Hail|[upkeep]
|-damage|p1a: Blissey|66/100|[from] Hail
|-damage|p2a: Ferrothorn|49/100|[from] Hail
|-heal|p1a: Blissey|72/100|[from] item: Leftovers
|upkeep
|turn|17
|
|t:|1745951781
|switch|p1a: Gliscor|Gliscor, F|100/100 tox
|-damage|p1a: Gliscor|88/100 tox|[from] Stealth Rock
|move|p2a: Ferrothorn|Spikes|p1a: Gliscor
|-sidestart|p1: jzjaws|Spikes
|
|-weather|Hail|[upkeep]
|-damage|p1a: Gliscor|82/100 tox|[from] Hail
|-damage|p2a: Ferrothorn|42/100|[from] Hail
|-heal|p1a: Gliscor|94/100 tox|[from] ability: Poison Heal
|upkeep
|turn|18
|
|t:|1745951787
|switch|p2a: Politoed|Politoed, M|100/100
|-weather|RainDance|[from] ability: Drizzle|[of] p2a: Politoed
|move|p1a: Gliscor|Stealth Rock|p2a: Politoed
|-sidestart|p2: Hoppipmus Papam|move: Stealth Rock
|
|-weather|RainDance|[upkeep]
|-heal|p1a: Gliscor|100/100 tox|[from] ability: Poison Heal
|upkeep
|turn|19
|
|t:|1745951793
|switch|p1a: Blissey|Blissey, F|72/100
|-damage|p1a: Blissey|59/100|[from] Stealth Rock
|-damage|p1a: Blissey|47/100|[from] Spikes
|move|p2a: Politoed|Ice Beam|p1a: Blissey
|-damage|p1a: Blissey|37/100
|-status|p1a: Blissey|frz
|
|-weather|RainDance|[upkeep]
|-heal|p1a: Blissey|43/100 frz|[from] item: Leftovers
|upkeep
|turn|20
|
|t:|1745951802
|switch|p2a: Ferrothorn|Ferrothorn, F|42/100
|-damage|p2a: Ferrothorn|36/100|[from] Stealth Rock
|-curestatus|p1a: Blissey|frz|[msg]
|move|p1a: Blissey|Soft-Boiled|p1a: Blissey
|-heal|p1a: Blissey|93/100
|
|-weather|RainDance|[upkeep]
|-heal|p1a: Blissey|99/100|[from] item: Leftovers
|upkeep
|turn|21
|
|t:|1745951809
|move|p1a: Blissey|Seismic Toss|p2a: Ferrothorn
|-damage|p2a: Ferrothorn|8/100
|-damage|p1a: Blissey|87/100|[from] ability: Iron Barbs|[of] p2a: Ferrothorn
|move|p2a: Ferrothorn|Spikes|p1a: Blissey
|-sidestart|p1: jzjaws|Spikes
|
|-weather|RainDance|[upkeep]
|-heal|p1a: Blissey|93/100|[from] item: Leftovers
|upkeep
|turn|22
|
|t:|1745951823
|switch|p2a: Tentacruel|Tentacruel, M|88/100
|-damage|p2a: Tentacruel|76/100|[from] Stealth Rock
|move|p1a: Blissey|Seismic Toss|p2a: Tentacruel
|-damage|p2a: Tentacruel|48/100
|
|-weather|RainDance|[upkeep]
|-heal|p2a: Tentacruel|54/100|[from] ability: Rain Dish
|-heal|p2a: Tentacruel|60/100|[from] item: Black Sludge
|-heal|p1a: Blissey|99/100|[from] item: Leftovers
|upkeep
|turn|23
|
|t:|1745951826
|move|p2a: Tentacruel|Rapid Spin|p1a: Blissey
|-damage|p1a: Blissey|97/100
|-sideend|p2: Hoppipmus Papam|Stealth Rock|[from] move: Rapid Spin|[of] p2a: Tentacruel
|move|p1a: Blissey|Thunder Wave|p2a: Tentacruel
|-status|p2a: Tentacruel|par
|
|-weather|RainDance|[upkeep]
|-heal|p2a: Tentacruel|66/100 par|[from] ability: Rain Dish
|-heal|p1a: Blissey|100/100|[from] item: Leftovers
|-heal|p2a: Tentacruel|72/100 par|[from] item: Black Sludge
|upkeep
|turn|24
|
|t:|1745951829
|switch|p1a: Abomasnow|Abomasnow, F|82/100
|-damage|p1a: Abomasnow|57/100|[from] Stealth Rock
|-damage|p1a: Abomasnow|40/100|[from] Spikes
|-weather|Hail|[from] ability: Snow Warning|[of] p1a: Abomasnow
|cant|p2a: Tentacruel|par
|
|-weather|Hail|[upkeep]
|-damage|p2a: Tentacruel|66/100 par|[from] Hail
|-heal|p1a: Abomasnow|46/100|[from] item: Leftovers
|-heal|p2a: Tentacruel|72/100 par|[from] item: Black Sludge
|upkeep
|turn|25
|
|t:|1745951834
|move|p1a: Abomasnow|Protect|p1a: Abomasnow
|-singleturn|p1a: Abomasnow|Protect
|cant|p2a: Tentacruel|par
|
|-weather|Hail|[upkeep]
|-damage|p2a: Tentacruel|66/100 par|[from] Hail
|-heal|p1a: Abomasnow|52/100|[from] item: Leftovers
|-heal|p2a: Tentacruel|72/100 par|[from] item: Black Sludge
|upkeep
|turn|26
|
|t:|1745951844
|switch|p1a: Reuniclus|Reuniclus, M|100/100
|switch|p2a: Politoed|Politoed, M|100/100
|-weather|RainDance|[from] ability: Drizzle|[of] p2a: Politoed
|
|-weather|RainDance|[upkeep]
|upkeep
|turn|27
|
|t:|1745951856
|switch|p2a: Ferrothorn|Ferrothorn, F|8/100
|move|p1a: Reuniclus|Calm Mind|p1a: Reuniclus
|-boost|p1a: Reuniclus|spa|1
|-boost|p1a: Reuniclus|spd|1
|
|-weather|RainDance|[upkeep]
|upkeep
|turn|28
|
|t:|1745951862
|move|p1a: Reuniclus|Calm Mind|p1a: Reuniclus
|-boost|p1a: Reuniclus|spa|1
|-boost|p1a: Reuniclus|spd|1
|move|p2a: Ferrothorn|Spikes|p1a: Reuniclus
|-sidestart|p1: jzjaws|Spikes
|
|-weather|RainDance|[upkeep]
|upkeep
|turn|29
|
|t:|1745951869
|switch|p2a: Politoed|Politoed, M|100/100
|move|p1a: Reuniclus|Calm Mind|p1a: Reuniclus
|-boost|p1a: Reuniclus|spa|1
|-boost|p1a: Reuniclus|spd|1
|
|-weather|RainDance|[upkeep]
|upkeep
|turn|30
|
|t:|1745951875
|move|p2a: Politoed|Encore|p1a: Reuniclus
|-start|p1a: Reuniclus|Encore
|move|p1a: Reuniclus|Calm Mind|p1a: Reuniclus
|-boost|p1a: Reuniclus|spa|1
|-boost|p1a: Reuniclus|spd|1
|
|-weather|RainDance|[upkeep]
|upkeep
|turn|31
|
|t:|1745951879
|switch|p2a: Ferrothorn|Ferrothorn, F|8/100
|move|p1a: Reuniclus|Calm Mind|p1a: Reuniclus
|-boost|p1a: Reuniclus|spa|1
|-boost|p1a: Reuniclus|spd|1
|
|-weather|RainDance|[upkeep]
|upkeep
|turn|32
|
|t:|1745951881
|switch|p2a: Politoed|Politoed, M|100/100
|move|p1a: Reuniclus|Calm Mind|p1a: Reuniclus
|-boost|p1a: Reuniclus|spa|1
|-boost|p1a: Reuniclus|spd|1
|
|-weather|RainDance|[upkeep]
|-end|p1a: Reuniclus|Encore
|upkeep
|turn|33
|
|t:|1745951889
|move|p2a: Politoed|Encore|p1a: Reuniclus
|-start|p1a: Reuniclus|Encore
|move|p1a: Reuniclus|Calm Mind|p1a: Reuniclus
|-boost|p1a: Reuniclus|spa|0
|-boost|p1a: Reuniclus|spd|0
|
|-weather|RainDance|[upkeep]
|upkeep
|turn|34
|
|t:|1745951901
|switch|p2a: Tentacruel|Tentacruel, M|72/100 par
|switch|p1a: Gliscor|Gliscor, F|100/100 tox
|-damage|p1a: Gliscor|88/100 tox|[from] Stealth Rock
|
|-weather|RainDance|[upkeep]
|-heal|p2a: Tentacruel|79/100 par|[from] ability: Rain Dish
|-heal|p2a: Tentacruel|85/100 par|[from] item: Black Sludge
|-heal|p1a: Gliscor|100/100 tox|[from] ability: Poison Heal
|upkeep
|turn|35
|
|t:|1745951908
|switch|p1a: Reuniclus|Reuniclus, M|100/100
|switch|p2a: Thundurus|Thundurus-Therian, M|100/100
|
|-weather|RainDance|[upkeep]
|upkeep
|turn|36
|
|t:|1745951910
|switch|p1a: Blissey|Blissey, F|100/100
|-damage|p1a: Blissey|88/100|[from] Stealth Rock
|-damage|p1a: Blissey|63/100|[from] Spikes
|move|p2a: Thundurus|Thunder|p1a: Blissey
|-damage|p1a: Blissey|35/100
|
|-weather|RainDance|[upkeep]
|-heal|p1a: Blissey|41/100|[from] item: Leftovers
|upkeep
|turn|37
|
|t:|1745951916
|move|p2a: Thundurus|Focus Blast|p1a: Blissey
|-supereffective|p1a: Blissey
|-damage|p1a: Blissey|7/100
|move|p1a: Blissey|Soft-Boiled|p1a: Blissey
|-heal|p1a: Blissey|57/100
|
|-weather|RainDance|[upkeep]
|-heal|p1a: Blissey|63/100|[from] item: Leftovers
|upkeep
|turn|38
|
|t:|1745951919
|move|p2a: Thundurus|Thunder|p1a: Blissey
|-damage|p1a: Blissey|36/100
|move|p1a: Blissey|Soft-Boiled|p1a: Blissey
|-heal|p1a: Blissey|86/100
|
|-weather|RainDance|[upkeep]
|-heal|p1a: Blissey|92/100|[from] item: Leftovers
|upkeep
|turn|39
|
|t:|1745951925
|switch|p2a: Tentacruel|Tentacruel, M|85/100 par
|move|p1a: Blissey|Seismic Toss|p2a: Tentacruel
|-damage|p2a: Tentacruel|57/100 par
|
|-weather|RainDance|[upkeep]
|-heal|p2a: Tentacruel|63/100 par|[from] ability: Rain Dish
|-heal|p1a: Blissey|98/100|[from] item: Leftovers
|-heal|p2a: Tentacruel|69/100 par|[from] item: Black Sludge
|upkeep
|turn|40
|
|t:|1745951929
|move|p2a: Tentacruel|Protect|p2a: Tentacruel
|-singleturn|p2a: Tentacruel|Protect
|move|p1a: Blissey|Wish|p1a: Blissey
|
|-weather|RainDance|[upkeep]
|-heal|p2a: Tentacruel|75/100 par|[from] ability: Rain Dish
|-heal|p1a: Blissey|100/100|[from] item: Leftovers
|-heal|p2a: Tentacruel|81/100 par|[from] item: Black Sludge
|upkeep
|turn|41
|
|t:|1745951935
|switch|p1a: Latios|Latios, M|63/100
|-damage|p1a: Latios|51/100|[from] Stealth Rock
|cant|p2a: Tentacruel|par
|
|-weather|RainDance|[upkeep]
|-heal|p2a: Tentacruel|87/100 par|[from] ability: Rain Dish
|-heal|p1a: Latios|100/100|[from] move: Wish|[wisher] Blissey
|-heal|p2a: Tentacruel|93/100 par|[from] item: Black Sludge
|upkeep
|turn|42
|
|t:|1745951939
|switch|p2a: Jirachi|Jirachi|100/100
|move|p1a: Latios|Draco Meteor|p2a: Jirachi
|-resisted|p2a: Jirachi
|-damage|p2a: Jirachi|70/100
|-unboost|p1a: Latios|spa|2
|
|-weather|RainDance|[upkeep]
|-heal|p2a: Jirachi|76/100|[from] item: Leftovers
|upkeep
|turn|43
|
|t:|1745951948
|switch|p1a: Gliscor|Gliscor, F|100/100 tox
|-damage|p1a: Gliscor|88/100 tox|[from] Stealth Rock
|move|p2a: Jirachi|Thunder|p1a: Gliscor
|-immune|p1a: Gliscor
|
|-weather|RainDance|[upkeep]
|-heal|p2a: Jirachi|82/100|[from] item: Leftovers
|-heal|p1a: Gliscor|100/100 tox|[from] ability: Poison Heal
|upkeep
|turn|44
|
|t:|1745951958
|switch|p2a: Thundurus|Thundurus-Therian, M|100/100
|move|p1a: Gliscor|Stealth Rock|p2a: Thundurus
|-sidestart|p2: Hoppipmus Papam|move: Stealth Rock
|
|-weather|RainDance|[upkeep]
|upkeep
|turn|45
|
|t:|1745951966
|move|p1a: Gliscor|Protect|p1a: Gliscor
|-singleturn|p1a: Gliscor|Protect
|move|p2a: Thundurus|Hidden Power|p1a: Gliscor
|-activate|p1a: Gliscor|move: Protect
|
|-weather|RainDance|[upkeep]
|upkeep
|turn|46
|
|t:|1745951970
|switch|p1a: Blissey|Blissey, F|100/100
|-damage|p1a: Blissey|88/100|[from] Stealth Rock
|-damage|p1a: Blissey|63/100|[from] Spikes
|move|p2a: Thundurus|Thunder|p1a: Blissey
|-crit|p1a: Blissey
|-damage|p1a: Blissey|5/100
|
|-weather|RainDance|[upkeep]
|-heal|p1a: Blissey|11/100|[from] item: Leftovers
|upkeep
|turn|47
|
|t:|1745951978
|move|p2a: Thundurus|Thunder|p1a: Blissey
|-crit|p1a: Blissey
|-damage|p1a: Blissey|0 fnt
|faint|p1a: Blissey
|
|-weather|RainDance|[upkeep]
|upkeep
|
|t:|1745951986
|switch|p1a: Latios|Latios, M|100/100
|-damage|p1a: Latios|88/100|[from] Stealth Rock
|turn|48
|
|t:|1745951988
|switch|p2a: Ferrothorn|Ferrothorn, F|8/100
|-damage|p2a: Ferrothorn|1/100|[from] Stealth Rock
|move|p1a: Latios|Draco Meteor|p2a: Ferrothorn|[miss]
|-miss|p1a: Latios|p2a: Ferrothorn
|
|-weather|RainDance|[upkeep]
|upkeep
|turn|49
|
|t:|1745951994
|move|p1a: Latios|Surf|p2a: Ferrothorn
|-resisted|p2a: Ferrothorn
|-damage|p2a: Ferrothorn|0 fnt
|faint|p2a: Ferrothorn
|
|-weather|RainDance|[upkeep]
|upkeep
|
|t:|1745952000
|switch|p2a: Politoed|Politoed, M|100/100
|-damage|p2a: Politoed|88/100|[from] Stealth Rock
|turn|50
|
|t:|1745952023
|move|p2a: Politoed|Encore|p1a: Latios
|-start|p1a: Latios|Encore
|move|p1a: Latios|Surf|p2a: Politoed
|-resisted|p2a: Politoed
|-damage|p2a: Politoed|61/100
|
|-weather|RainDance|[upkeep]
|upkeep
|turn|51
|
|t:|1745952035
|switch|p2a: Latios|Latios, M|100/100
|-damage|p2a: Latios|88/100|[from] Stealth Rock
|switch|p1a: Reuniclus|Reuniclus, M|100/100
|
|-weather|RainDance|[upkeep]
|upkeep
|turn|52
|
|t:|1745952051
|switch|p1a: Abomasnow|Abomasnow, F|52/100
|-damage|p1a: Abomasnow|28/100|[from] Stealth Rock
|-damage|p1a: Abomasnow|3/100|[from] Spikes
|-weather|Hail|[from] ability: Snow Warning|[of] p1a: Abomasnow
|move|p2a: Latios|Calm Mind|p2a: Latios
|-boost|p2a: Latios|spa|1
|-boost|p2a: Latios|spd|1
|
|-weather|Hail|[upkeep]
|-damage|p2a: Latios|82/100|[from] Hail
|-heal|p1a: Abomasnow|9/100|[from] item: Leftovers
|upkeep
|turn|53
|
|t:|1745952065
|move|p1a: Abomasnow|Protect|p1a: Abomasnow
|-singleturn|p1a: Abomasnow|Protect
|move|p2a: Latios|Draco Meteor|p1a: Abomasnow
|-activate|p1a: Abomasnow|move: Protect
|
|-weather|Hail|[upkeep]
|-damage|p2a: Latios|76/100|[from] Hail
|-heal|p1a: Abomasnow|15/100|[from] item: Leftovers
|upkeep
|turn|54
|
|t:|1745952092
|move|p1a: Abomasnow|Ice Shard|p2a: Latios
|-supereffective|p2a: Latios
|-damage|p2a: Latios|38/100
|move|p2a: Latios|Surf|p1a: Abomasnow
|-resisted|p1a: Abomasnow
|-damage|p1a: Abomasnow|0 fnt
|faint|p1a: Abomasnow
|
|-weather|Hail|[upkeep]
|-damage|p2a: Latios|32/100|[from] Hail
|upkeep
|
|t:|1745952100
|switch|p1a: Latios|Latios, M|88/100
|-damage|p1a: Latios|76/100|[from] Stealth Rock
|turn|55
|
|t:|1745952105
|move|p1a: Latios|Draco Meteor|p2a: Latios
|-supereffective|p2a: Latios
|-damage|p2a: Latios|0 fnt
|-unboost|p1a: Latios|spa|2
|faint|p2a: Latios
|
|-weather|Hail|[upkeep]
|-damage|p1a: Latios|70/100|[from] Hail
|upkeep
|
|t:|1745952107
|switch|p2a: Jirachi|Jirachi|82/100
|-damage|p2a: Jirachi|76/100|[from] Stealth Rock
|turn|56
|
|t:|1745952114
|switch|p1a: Gliscor|Gliscor, F|100/100 tox
|-damage|p1a: Gliscor|88/100 tox|[from] Stealth Rock
|move|p2a: Jirachi|Hidden Power|p1a: Gliscor
|-supereffective|p1a: Gliscor
|-damage|p1a: Gliscor|28/100 tox
|
|-weather|Hail|[upkeep]
|-damage|p2a: Jirachi|70/100|[from] Hail
|-damage|p1a: Gliscor|22/100 tox|[from] Hail
|-heal|p2a: Jirachi|76/100|[from] item: Leftovers
|-heal|p1a: Gliscor|34/100 tox|[from] ability: Poison Heal
|upkeep
|turn|57
|
|t:|1745952121
|switch|p2a: Politoed|Politoed, M|61/100
|-damage|p2a: Politoed|48/100|[from] Stealth Rock
|-weather|RainDance|[from] ability: Drizzle|[of] p2a: Politoed
|move|p1a: Gliscor|Protect||[still]
|-fail|p1a: Gliscor
|
|-weather|RainDance|[upkeep]
|-heal|p1a: Gliscor|47/100 tox|[from] ability: Poison Heal
|upkeep
|turn|58
|
|t:|1745952140
|switch|p2a: Thundurus|Thundurus-Therian, M|100/100
|-damage|p2a: Thundurus|76/100|[from] Stealth Rock
|switch|p1a: Latios|Latios, M|70/100
|-damage|p1a: Latios|58/100|[from] Stealth Rock
|
|-weather|RainDance|[upkeep]
|-heal|p2a: Thundurus|82/100|[from] item: Leftovers
|upkeep
|turn|59
|
|t:|1745952144
|move|p1a: Latios|Draco Meteor|p2a: Thundurus
|-damage|p2a: Thundurus|0 fnt
|-unboost|p1a: Latios|spa|2
|faint|p2a: Thundurus
|
|-weather|RainDance|[upkeep]
|upkeep
|
|t:|1745952146
|switch|p2a: Jirachi|Jirachi|76/100
|-damage|p2a: Jirachi|70/100|[from] Stealth Rock
|turn|60
|
|t:|1745952149
|switch|p1a: Gliscor|Gliscor, F|47/100 tox
|-damage|p1a: Gliscor|34/100 tox|[from] Stealth Rock
|move|p2a: Jirachi|Calm Mind|p2a: Jirachi
|-boost|p2a: Jirachi|spa|1
|-boost|p2a: Jirachi|spd|1
|
|-weather|RainDance|[upkeep]
|-heal|p2a: Jirachi|76/100|[from] item: Leftovers
|-heal|p1a: Gliscor|47/100 tox|[from] ability: Poison Heal
|upkeep
|turn|61
|
|t:|1745952167
|move|p2a: Jirachi|Hidden Power|p1a: Gliscor
|-supereffective|p1a: Gliscor
|-damage|p1a: Gliscor|0 fnt
|faint|p1a: Gliscor
|
|-weather|RainDance|[upkeep]
|-heal|p2a: Jirachi|82/100|[from] item: Leftovers
|upkeep
|
|t:|1745952182
|switch|p1a: Latios|Latios, M|58/100
|-damage|p1a: Latios|46/100|[from] Stealth Rock
|turn|62
|
|t:|1745952185
|move|p1a: Latios|Thunder Wave|p2a: Jirachi
|-status|p2a: Jirachi|par
|move|p2a: Jirachi|Thunder|p1a: Latios
|-resisted|p1a: Latios
|-damage|p1a: Latios|24/100
|
|-weather|RainDance|[upkeep]
|-heal|p2a: Jirachi|89/100 par|[from] item: Leftovers
|upkeep
|turn|63
|
|t:|1745952196
|move|p1a: Latios|Roost|p1a: Latios
|-heal|p1a: Latios|74/100
|-singleturn|p1a: Latios|move: Roost
|cant|p2a: Jirachi|par
|
|-weather|RainDance|[upkeep]
|-heal|p2a: Jirachi|95/100 par|[from] item: Leftovers
|upkeep
|turn|64
|
|t:|1745952206
|switch|p1a: Reuniclus|Reuniclus, M|100/100
|move|p2a: Jirachi|Thunder|p1a: Reuniclus
|-damage|p1a: Reuniclus|63/100
|-status|p1a: Reuniclus|par
|
|-weather|RainDance|[upkeep]
|-heal|p2a: Jirachi|100/100 par|[from] item: Leftovers
|-heal|p1a: Reuniclus|69/100 par|[from] item: Leftovers
|upkeep
|turn|65
|
|t:|1745952209
|move|p2a: Jirachi|Calm Mind|p2a: Jirachi
|-boost|p2a: Jirachi|spa|1
|-boost|p2a: Jirachi|spd|1
|cant|p1a: Reuniclus|par
|
|-weather|RainDance|[upkeep]
|-heal|p1a: Reuniclus|75/100 par|[from] item: Leftovers
|upkeep
|turn|66
|
|t:|1745952211
|move|p2a: Jirachi|Calm Mind|p2a: Jirachi
|-boost|p2a: Jirachi|spa|1
|-boost|p2a: Jirachi|spd|1
|move|p1a: Reuniclus|Calm Mind|p1a: Reuniclus
|-boost|p1a: Reuniclus|spa|1
|-boost|p1a: Reuniclus|spd|1
|
|-weather|RainDance|[upkeep]
|-heal|p1a: Reuniclus|81/100 par|[from] item: Leftovers
|upkeep
|turn|67
|
|t:|1745952213
|move|p2a: Jirachi|Calm Mind|p2a: Jirachi
|-boost|p2a: Jirachi|spa|1
|-boost|p2a: Jirachi|spd|1
|move|p1a: Reuniclus|Calm Mind|p1a: Reuniclus
|-boost|p1a: Reuniclus|spa|1
|-boost|p1a: Reuniclus|spd|1
|
|-weather|RainDance|[upkeep]
|-heal|p1a: Reuniclus|88/100 par|[from] item: Leftovers
|upkeep
|turn|68
|
|t:|1745952215
|move|p2a: Jirachi|Calm Mind|p2a: Jirachi
|-boost|p2a: Jirachi|spa|1
|-boost|p2a: Jirachi|spd|1
|move|p1a: Reuniclus|Calm Mind|p1a: Reuniclus
|-boost|p1a: Reuniclus|spa|1
|-boost|p1a: Reuniclus|spd|1
|
|-weather|RainDance|[upkeep]
|-heal|p1a: Reuniclus|94/100 par|[from] item: Leftovers
|upkeep
|turn|69
|
|t:|1745952216
|move|p2a: Jirachi|Calm Mind|p2a: Jirachi
|-boost|p2a: Jirachi|spa|1
|-boost|p2a: Jirachi|spd|1
|move|p1a: Reuniclus|Calm Mind|p1a: Reuniclus
|-boost|p1a: Reuniclus|spa|1
|-boost|p1a: Reuniclus|spd|1
|
|-weather|RainDance|[upkeep]
|-heal|p1a: Reuniclus|99/100 par|[from] item: Leftovers
|upkeep
|turn|70
|
|t:|1745952218
|cant|p2a: Jirachi|par
|cant|p1a: Reuniclus|par
|
|-weather|RainDance|[upkeep]
|-heal|p1a: Reuniclus|100/100 par|[from] item: Leftovers
|upkeep
|turn|71
|
|t:|1745952219
|move|p2a: Jirachi|Substitute|p2a: Jirachi
|-start|p2a: Jirachi|Substitute
|-damage|p2a: Jirachi|75/100 par
|move|p1a: Reuniclus|Calm Mind|p1a: Reuniclus
|-boost|p1a: Reuniclus|spa|1
|-boost|p1a: Reuniclus|spd|1
|
|-weather|RainDance|[upkeep]
|-heal|p2a: Jirachi|82/100 par|[from] item: Leftovers
|upkeep
|turn|72
|
|t:|1745952221
|cant|p2a: Jirachi|par
|cant|p1a: Reuniclus|par
|
|-weather|RainDance|[upkeep]
|-heal|p2a: Jirachi|88/100 par|[from] item: Leftovers
|upkeep
|turn|73
|
|t:|1745952223
|move|p2a: Jirachi|Thunder|p1a: Reuniclus
|-damage|p1a: Reuniclus|72/100 par
|move|p1a: Reuniclus|Calm Mind|p1a: Reuniclus
|-boost|p1a: Reuniclus|spa|1
|-boost|p1a: Reuniclus|spd|1
|
|-weather|RainDance|[upkeep]
|-heal|p2a: Jirachi|94/100 par|[from] item: Leftovers
|-heal|p1a: Reuniclus|78/100 par|[from] item: Leftovers
|upkeep
|turn|74
|
|t:|1745952229
|move|p2a: Jirachi|Thunder|p1a: Reuniclus
|-damage|p1a: Reuniclus|51/100 par
|cant|p1a: Reuniclus|par
|
|-weather|RainDance|[upkeep]
|-heal|p2a: Jirachi|99/100 par|[from] item: Leftovers
|-heal|p1a: Reuniclus|57/100 par|[from] item: Leftovers
|upkeep
|turn|75
|
|t:|1745952234
|move|p2a: Jirachi|Thunder|p1a: Reuniclus
|-damage|p1a: Reuniclus|31/100 par
|move|p1a: Reuniclus|Recover|p1a: Reuniclus
|-heal|p1a: Reuniclus|81/100 par
|
|-weather|RainDance|[upkeep]
|-heal|p2a: Jirachi|100/100 par|[from] item: Leftovers
|-heal|p1a: Reuniclus|87/100 par|[from] item: Leftovers
|upkeep
|turn|76
|
|t:|1745952237
|cant|p2a: Jirachi|par
|cant|p1a: Reuniclus|par
|
|-weather|RainDance|[upkeep]
|-heal|p1a: Reuniclus|93/100 par|[from] item: Leftovers
|upkeep
|turn|77
|
|t:|1745952239
|cant|p2a: Jirachi|par
|move|p1a: Reuniclus|Psyshock|p2a: Jirachi
|-resisted|p2a: Jirachi
|-end|p2a: Jirachi|Substitute
|
|-weather|RainDance|[upkeep]
|-heal|p1a: Reuniclus|99/100 par|[from] item: Leftovers
|upkeep
|turn|78
|
|t:|1745952242
|move|p2a: Jirachi|Thunder|p1a: Reuniclus
|-damage|p1a: Reuniclus|75/100 par
|move|p1a: Reuniclus|Psyshock|p2a: Jirachi
|-resisted|p2a: Jirachi
|-damage|p2a: Jirachi|72/100 par
|
|-weather|RainDance|[upkeep]
|-heal|p2a: Jirachi|78/100 par|[from] item: Leftovers
|-heal|p1a: Reuniclus|81/100 par|[from] item: Leftovers
|upkeep
|turn|79
|
|t:|1745952246
|move|p2a: Jirachi|Thunder|p1a: Reuniclus
|-damage|p1a: Reuniclus|55/100 par
|move|p1a: Reuniclus|Psyshock|p2a: Jirachi
|-resisted|p2a: Jirachi
|-damage|p2a: Jirachi|53/100 par
|
|-weather|RainDance|[upkeep]
|-heal|p2a: Jirachi|59/100 par|[from] item: Leftovers
|-heal|p1a: Reuniclus|61/100 par|[from] item: Leftovers
|upkeep
|turn|80
|
|t:|1745952250
|move|p2a: Jirachi|Thunder|p1a: Reuniclus
|-damage|p1a: Reuniclus|35/100 par
|move|p1a: Reuniclus|Recover|p1a: Reuniclus
|-heal|p1a: Reuniclus|85/100 par
|
|-weather|RainDance|[upkeep]
|-heal|p2a: Jirachi|66/100 par|[from] item: Leftovers
|-heal|p1a: Reuniclus|91/100 par|[from] item: Leftovers
|upkeep
|turn|81
|
|t:|1745952253
|cant|p2a: Jirachi|par
|move|p1a: Reuniclus|Psyshock|p2a: Jirachi
|-resisted|p2a: Jirachi
|-damage|p2a: Jirachi|41/100 par
|
|-weather|RainDance|[upkeep]
|-heal|p2a: Jirachi|47/100 par|[from] item: Leftovers
|-heal|p1a: Reuniclus|97/100 par|[from] item: Leftovers
|upkeep
|turn|82
|
|t:|1745952255
|cant|p2a: Jirachi|par
|cant|p1a: Reuniclus|par
|
|-weather|RainDance|[upkeep]
|-heal|p2a: Jirachi|53/100 par|[from] item: Leftovers
|-heal|p1a: Reuniclus|100/100 par|[from] item: Leftovers
|upkeep
|turn|83
|
|t:|1745952257
|cant|p2a: Jirachi|par
|cant|p1a: Reuniclus|par
|
|-weather|RainDance|[upkeep]
|-heal|p2a: Jirachi|59/100 par|[from] item: Leftovers
|upkeep
|turn|84
|
|t:|1745952259
|move|p2a: Jirachi|Thunder|p1a: Reuniclus
|-damage|p1a: Reuniclus|74/100 par
|move|p1a: Reuniclus|Psyshock|p2a: Jirachi
|-resisted|p2a: Jirachi
|-damage|p2a: Jirachi|34/100 par
|
|-weather|RainDance|[upkeep]
|-heal|p2a: Jirachi|40/100 par|[from] item: Leftovers
|-heal|p1a: Reuniclus|80/100 par|[from] item: Leftovers
|upkeep
|turn|85
|
|t:|1745952261
|move|p2a: Jirachi|Thunder|p1a: Reuniclus
|-damage|p1a: Reuniclus|56/100 par
|move|p1a: Reuniclus|Psyshock|p2a: Jirachi
|-resisted|p2a: Jirachi
|-damage|p2a: Jirachi|16/100 par
|
|-weather|RainDance|[upkeep]
|-heal|p2a: Jirachi|22/100 par|[from] item: Leftovers
|-heal|p1a: Reuniclus|63/100 par|[from] item: Leftovers
|upkeep
|turn|86
|
|t:|1745952264
|cant|p2a: Jirachi|par
|cant|p1a: Reuniclus|par
|
|-weather|RainDance|[upkeep]
|-heal|p2a: Jirachi|28/100 par|[from] item: Leftovers
|-heal|p1a: Reuniclus|69/100 par|[from] item: Leftovers
|upkeep
|turn|87
|
|t:|1745952266
|move|p2a: Jirachi|Thunder|p1a: Reuniclus
|-damage|p1a: Reuniclus|42/100 par
|move|p1a: Reuniclus|Psyshock|p2a: Jirachi
|-resisted|p2a: Jirachi
|-damage|p2a: Jirachi|4/100 par
|
|-weather|RainDance|[upkeep]
|-heal|p2a: Jirachi|10/100 par|[from] item: Leftovers
|-heal|p1a: Reuniclus|48/100 par|[from] item: Leftovers
|upkeep
|turn|88
|
|t:|1745952269
|move|p2a: Jirachi|Thunder|p1a: Reuniclus
|-damage|p1a: Reuniclus|24/100 par
|move|p1a: Reuniclus|Recover|p1a: Reuniclus
|-heal|p1a: Reuniclus|74/100 par
|
|-weather|RainDance|[upkeep]
|-heal|p2a: Jirachi|16/100 par|[from] item: Leftovers
|-heal|p1a: Reuniclus|80/100 par|[from] item: Leftovers
|upkeep
|turn|89
|
|t:|1745952272
|move|p2a: Jirachi|Thunder|p1a: Reuniclus
|-damage|p1a: Reuniclus|55/100 par
|cant|p1a: Reuniclus|par
|
|-weather|RainDance|[upkeep]
|-heal|p2a: Jirachi|23/100 par|[from] item: Leftovers
|-heal|p1a: Reuniclus|61/100 par|[from] item: Leftovers
|upkeep
|turn|90
|
|t:|1745952275
|move|p2a: Jirachi|Thunder|p1a: Reuniclus
|-damage|p1a: Reuniclus|34/100 par
|cant|p1a: Reuniclus|par
|
|-weather|RainDance|[upkeep]
|-heal|p2a: Jirachi|29/100 par|[from] item: Leftovers
|-heal|p1a: Reuniclus|40/100 par|[from] item: Leftovers
|upkeep
|turn|91
|
|t:|1745952279
|move|p2a: Jirachi|Thunder|p1a: Reuniclus
|-crit|p1a: Reuniclus
|-damage|p1a: Reuniclus|0 fnt
|faint|p1a: Reuniclus
|
|-weather|RainDance|[upkeep]
|-heal|p2a: Jirachi|35/100 par|[from] item: Leftovers
|upkeep
|c|☆jzjaws|xd
|
|t:|1745952286
|switch|p1a: Latios|Latios, M|74/100
|-damage|p1a: Latios|61/100|[from] Stealth Rock
|turn|92
|
|t:|1745952289
|move|p1a: Latios|Draco Meteor|p2a: Jirachi
|-resisted|p2a: Jirachi
|-damage|p2a: Jirachi|27/100 par
|-unboost|p1a: Latios|spa|2
|move|p2a: Jirachi|Hidden Power|p1a: Latios
|-supereffective|p1a: Latios
|-damage|p1a: Latios|0 fnt
|faint|p1a: Latios
|
|win|Hoppipmus Papam
|raw|jzjaws's rating: 1315 &rarr; <strong>1296</strong><br />(-19 for losing)
|raw|Hoppipmus Papam's rating: 1333 &rarr; <strong>1352</strong><br />(+19 for winning)
|l|☆jzjaws
|player|p1|
