|join|Level 56
|join|dberman1
|player|p1|Level 56|291
|player|p2|dberman1|170
|gametype|singles
|gen|5
|tier|[Gen 5] OU
|rated
|rule|Evasion Abilities Clause: Evasion abilities are banned
|clearpoke
|poke|p1|Scizor, M
|poke|p1|Latios, M
|poke|p1|Tyranitar, M
|poke|p1|Landorus-Therian, M
|poke|p1|Terrakion
|poke|p1|Magnezone
|poke|p2|Kyurem-Black
|poke|p2|Vaporeon, F
|poke|p2|Abomasnow, M
|poke|p2|Heatran, F
|poke|p2|Forretress, M
|poke|p2|Reuniclus, F
|rule|Sleep Clause Mod: Limit one foe put to sleep
|rule|Species Clause: Limit one of each Pokemon
|rule|OHKO Clause: OHKO moves are banned
|rule|Moody Clause: Moody is banned
|rule|Evasion Moves Clause: Evasion moves are banned
|rule|Endless Battle Clause: Forcing endless battles is banned.
|rule|HP Percentage Mod: HP is reported as percentages
|teampreview
|
|start
|switch|p1a: Tyranitar|Tyranitar, M|354/354
|switch|p2a: Forretress|Forretress, M|354/354
|-weather|Sandstorm|[from] ability: Sand Stream|[of] p1a: Tyranitar
|turn|1
|
|move|p1a: Tyranitar|Stealth Rock|p2a: Forretress
|-sidestart|p2: dberman1|move: Stealth Rock
|move|p2a: Forretress|Stealth Rock|p1a: Tyranitar
|-sidestart|p1: Level 56|move: Stealth Rock
|
|-weather|Sandstorm|[upkeep]
|turn|2
|
|move|p1a: Tyranitar|Rock Slide|p2a: Forretress
|-damage|p2a: Forretress|275/354
|cant|p2a: Forretress|flinch
|
|-weather|Sandstorm|[upkeep]
|-heal|p2a: Forretress|297/354|[from] item: Leftovers
|turn|3
|
|switch|p1a: Magnezone|Magnezone|281/281
|-damage|p1a: Magnezone|264/281|[from] Stealth Rock
|move|p2a: Forretress|Gyro Ball|p1a: Magnezone
|-resisted|p1a: Magnezone
|-damage|p1a: Magnezone|246/281
|
|-weather|Sandstorm|[upkeep]
|-heal|p1a: Magnezone|263/281|[from] item: Leftovers
|-heal|p2a: Forretress|319/354|[from] item: Leftovers
|turn|4
|
|move|p1a: Magnezone|Substitute|p1a: Magnezone
|-start|p1a: Magnezone|Substitute
|-damage|p1a: Magnezone|193/281
|move|p2a: Forretress|Rapid Spin|p1a: Magnezone
|-resisted|p1a: Magnezone
|-activate|p1a: Magnezone|Substitute|[damage]
|-sideend|p2: dberman1|Stealth Rock|[from] move: Rapid Spin|[of] p2a: Forretress
|
|-weather|Sandstorm|[upkeep]
|-heal|p1a: Magnezone|210/281|[from] item: Leftovers
|-heal|p2a: Forretress|341/354|[from] item: Leftovers
|turn|5
|
|move|p1a: Magnezone|Charge Beam|p2a: Forretress
|-damage|p2a: Forretress|218/354
|-boost|p1a: Magnezone|spa|1
|move|p2a: Forretress|Volt Switch|p1a: Magnezone
|-resisted|p1a: Magnezone
|-activate|p1a: Magnezone|Substitute|[damage]
|
|switch|p2a: Abomasnow|Abomasnow, M|321/321
|-weather|Hail|[from] ability: Snow Warning|[of] p2a: Abomasnow
|
|-weather|Hail|[upkeep]
|-damage|p1a: Magnezone|193/281|[from] hail
|-heal|p1a: Magnezone|210/281|[from] item: Leftovers
|turn|6
|
|switch|p2a: Heatran|Heatran, F|386/386
|move|p1a: Magnezone|Charge Beam|p2a: Heatran
|-damage|p2a: Heatran|289/386
|-boost|p1a: Magnezone|spa|1
|
|-weather|Hail|[upkeep]
|-damage|p1a: Magnezone|193/281|[from] hail
|-damage|p2a: Heatran|265/386|[from] hail
|-heal|p1a: Magnezone|210/281|[from] item: Leftovers
|-heal|p2a: Heatran|289/386|[from] item: Leftovers
|turn|7
|
|move|p1a: Magnezone|Charge Beam|p2a: Heatran
|-damage|p2a: Heatran|162/386
|move|p2a: Heatran|Roar|p1a: Magnezone
|drag|p1a: Scizor|Scizor, M|281/281
|-damage|p1a: Scizor|246/281|[from] Stealth Rock
|
|-weather|Hail|[upkeep]
|-damage|p2a: Heatran|138/386|[from] hail
|-damage|p1a: Scizor|229/281|[from] hail
|-heal|p2a: Heatran|162/386|[from] item: Leftovers
|turn|8
|
|switch|p1a: Tyranitar|Tyranitar, M|354/354
|-damage|p1a: Tyranitar|310/354|[from] Stealth Rock
|-weather|Sandstorm|[from] ability: Sand Stream|[of] p1a: Tyranitar
|move|p2a: Heatran|Lava Plume|p1a: Tyranitar
|-resisted|p1a: Tyranitar
|-damage|p1a: Tyranitar|274/354
|
|-weather|Sandstorm|[upkeep]
|-heal|p2a: Heatran|186/386|[from] item: Leftovers
|turn|9
|
|move|p2a: Heatran|Toxic|p1a: Tyranitar
|-status|p1a: Tyranitar|tox
|move|p1a: Tyranitar|Stealth Rock|p2a: Heatran
|-sidestart|p2: dberman1|move: Stealth Rock
|
|-weather|Sandstorm|[upkeep]
|-heal|p2a: Heatran|210/386|[from] item: Leftovers
|-damage|p1a: Tyranitar|252/354 tox|[from] psn
|turn|10
|
|move|p2a: Heatran|Lava Plume|p1a: Tyranitar
|-resisted|p1a: Tyranitar
|-damage|p1a: Tyranitar|219/354 tox
|move|p1a: Tyranitar|Pursuit|p2a: Heatran
|-resisted|p2a: Heatran
|-damage|p2a: Heatran|176/386
|
|-weather|Sandstorm|[upkeep]
|-heal|p2a: Heatran|200/386|[from] item: Leftovers
|-damage|p1a: Tyranitar|175/354 tox|[from] psn
|turn|11
|
|move|p1a: Tyranitar|Rock Slide|p2a: Heatran
|-damage|p2a: Heatran|71/386
|move|p2a: Heatran|Roar|p1a: Tyranitar
|drag|p1a: Magnezone|Magnezone|210/281
|-damage|p1a: Magnezone|193/281|[from] Stealth Rock
|
|-weather|Sandstorm|[upkeep]
|-heal|p1a: Magnezone|210/281|[from] item: Leftovers
|-heal|p2a: Heatran|95/386|[from] item: Leftovers
|turn|12
|
|switch|p1a: Tyranitar|Tyranitar, M|175/354 tox
|-damage|p1a: Tyranitar|131/354 tox|[from] Stealth Rock
|move|p2a: Heatran|Lava Plume|p1a: Tyranitar
|-resisted|p1a: Tyranitar
|-damage|p1a: Tyranitar|95/354 tox
|
|-weather|Sandstorm|[upkeep]
|-heal|p2a: Heatran|119/386|[from] item: Leftovers
|-damage|p1a: Tyranitar|73/354 tox|[from] psn
|turn|13
|
|move|p2a: Heatran|Protect|p2a: Heatran
|-singleturn|p2a: Heatran|Protect
|move|p1a: Tyranitar|Rock Slide|p2a: Heatran
|-activate|p2a: Heatran|Protect
|
|-weather|Sandstorm|[upkeep]
|-heal|p2a: Heatran|143/386|[from] item: Leftovers
|-damage|p1a: Tyranitar|29/354 tox|[from] psn
|turn|14
|
|move|p2a: Heatran|Lava Plume|p1a: Tyranitar
|-resisted|p1a: Tyranitar
|-damage|p1a: Tyranitar|0 fnt
|faint|p1a: Tyranitar
|
|-weather|Sandstorm|[upkeep]
|-heal|p2a: Heatran|167/386|[from] item: Leftovers
|
|switch|p1a: Landorus-Therian|Landorus-Therian, M|319/319
|-damage|p1a: Landorus-Therian|280/319|[from] Stealth Rock
|-ability|p1a: Landorus-Therian|Intimidate|[of] p2a: Heatran
|-unboost|p2a: Heatran|atk|1
|turn|15
|
|move|p2a: Heatran|Protect|p2a: Heatran
|-singleturn|p2a: Heatran|Protect
|move|p1a: Landorus-Therian|Earthquake|p2a: Heatran
|-activate|p2a: Heatran|Protect
|
|-weather|Sandstorm|[upkeep]
|-heal|p2a: Heatran|191/386|[from] item: Leftovers
|turn|16
|
|switch|p2a: Abomasnow|Abomasnow, M|321/321
|-damage|p2a: Abomasnow|241/321|[from] Stealth Rock
|-weather|Hail|[from] ability: Snow Warning|[of] p2a: Abomasnow
|move|p1a: Landorus-Therian|Earthquake|p2a: Abomasnow
|-resisted|p2a: Abomasnow
|-damage|p2a: Abomasnow|97/321
|
|-weather|Hail|[upkeep]
|-damage|p1a: Landorus-Therian|261/319|[from] hail
|turn|17
|
|move|p2a: Abomasnow|Ice Shard|p1a: Landorus-Therian
|-supereffective|p1a: Landorus-Therian
|-damage|p1a: Landorus-Therian|0 fnt
|faint|p1a: Landorus-Therian
|
|-weather|Hail|[upkeep]
|
|switch|p1a: Scizor|Scizor, M|229/281
|-damage|p1a: Scizor|194/281|[from] Stealth Rock
|turn|18
|
|move|p2a: Abomasnow|Protect|p2a: Abomasnow
|-singleturn|p2a: Abomasnow|Protect
|move|p1a: Scizor|U-turn|p2a: Abomasnow
|-activate|p2a: Abomasnow|Protect
|
|-weather|Hail|[upkeep]
|-damage|p1a: Scizor|177/281|[from] hail
|turn|19
|
|move|p2a: Abomasnow|Hidden Power|p1a: Scizor
|-supereffective|p1a: Scizor
|-damage|p1a: Scizor|0 fnt
|faint|p1a: Scizor
|
|-weather|Hail|[upkeep]
|
|switch|p1a: Terrakion|Terrakion|323/323
|-damage|p1a: Terrakion|303/323|[from] Stealth Rock
|turn|20
|
|move|p2a: Abomasnow|Ice Shard|p1a: Terrakion
|-damage|p1a: Terrakion|234/323
|move|p1a: Terrakion|Close Combat|p2a: Abomasnow
|-supereffective|p2a: Abomasnow
|-damage|p2a: Abomasnow|0 fnt
|-unboost|p1a: Terrakion|def|1
|-unboost|p1a: Terrakion|spd|1
|faint|p2a: Abomasnow
|
|-weather|Hail|[upkeep]
|-damage|p1a: Terrakion|214/323|[from] hail
|
|switch|p2a: Reuniclus|Reuniclus, F|409/409
|turn|21
|
|switch|p1a: Magnezone|Magnezone|210/281
|-damage|p1a: Magnezone|193/281|[from] Stealth Rock
|move|p2a: Reuniclus|Trick Room|p2a: Reuniclus
|-fieldstart|move: Trick Room|[of] p2a: Reuniclus
|
|-weather|Hail|[upkeep]
|-damage|p1a: Magnezone|176/281|[from] hail
|-heal|p1a: Magnezone|193/281|[from] item: Leftovers
|turn|22
|
|move|p2a: Reuniclus|Focus Blast|p1a: Magnezone
|-supereffective|p1a: Magnezone
|-damage|p1a: Magnezone|0 fnt
|faint|p1a: Magnezone
|
|-weather|Hail|[upkeep]
|
|switch|p1a: Latios|Latios, M|301/301
|-damage|p1a: Latios|264/301|[from] Stealth Rock
|turn|23
|
|move|p2a: Reuniclus|Shadow Ball|p1a: Latios
|-supereffective|p1a: Latios
|-damage|p1a: Latios|7/301
|move|p1a: Latios|Draco Meteor|p2a: Reuniclus
|-damage|p2a: Reuniclus|123/409
|-unboost|p1a: Latios|spa|2
|
|-weather|Hail|[upkeep]
|-damage|p1a: Latios|0 fnt|[from] hail
|faint|p1a: Latios
|
|switch|p1a: Terrakion|Terrakion|214/323
|-damage|p1a: Terrakion|194/323|[from] Stealth Rock
|turn|24
|
|move|p2a: Reuniclus|Psychic|p1a: Terrakion
|-supereffective|p1a: Terrakion
|-damage|p1a: Terrakion|0 fnt
|faint|p1a: Terrakion
|
|win|dberman1
|raw|Ladder updating...
|raw|Level 56's rating: 1415 &rarr; <strong>1400</strong><br />(-15 for losing)
|raw|dberman1's rating: 1502 &rarr; <strong>1517</strong><br />(+15 for winning)
|leave|Level 56
|player|p1