|j|☆Crimsonbacon38
|j|☆Nugget O Silver
|t:|1722199305
|gametype|singles
|player|p1|Crimsonbacon38|barry|1310
|player|p2|Nugget O Silver|colress|1356
|teamsize|p1|6
|teamsize|p2|6
|gen|5
|tier|[Gen 5] OU
|rated|
|rule|Species Clause: Limit one of each Pokémon
|rule|OHKO Clause: OHKO moves are banned
|rule|Moody Clause: Moody is banned
|rule|Evasion Items Clause: Evasion items are banned
|rule|Evasion Moves Clause: Evasion moves are banned
|rule|Endless Battle Clause: Forcing endless battles is banned
|rule|HP Percentage Mod: HP is shown in percentages
|rule|Evasion Abilities Clause: Evasion abilities are banned
|rule|Sleep Moves Clause: Sleep-inducing moves are banned
|rule|Swagger Clause: Swagger is banned
|rule|Baton Pass Stat Clause: No Baton Passer may have a way to boost its stats
|clearpoke
|poke|p1|Ferrothorn, F|item
|poke|p1|Politoed, F|item
|poke|p1|Keldeo|item
|poke|p1|Latios, M|item
|poke|p1|Garchomp, F|item
|poke|p1|Starmie|item
|poke|p2|Politoed, M|item
|poke|p2|Volcarona, M|item
|poke|p2|Tornadus, M|item
|poke|p2|Starmie|item
|poke|p2|Dragonite, M|item
|poke|p2|Garchomp, M|item
|teampreview
|inactive|Battle timer is ON: inactive players will automatically lose when time's up. (requested by Nugget O Silver)
|
|t:|1722199332
|start
|switch|p1a: Politoed|Politoed, F|100/100
|switch|p2a: Starmie|Starmie|100/100
|-weather|RainDance|[from] ability: Drizzle|[of] p1a: Politoed
|-item|p2a: Starmie|Air Balloon
|turn|1
|
|t:|1722199338
|switch|p1a: Ferrothorn|Ferrothorn, F|100/100
|move|p2a: Starmie|Thunder|p1a: Ferrothorn
|-resisted|p1a: Ferrothorn
|-damage|p1a: Ferrothorn|81/100
|
|-weather|RainDance|[upkeep]
|upkeep
|turn|2
|
|t:|1722199349
|switch|p2a: Garchomp|Garchomp, M|100/100
|move|p1a: Ferrothorn|Gyro Ball|p2a: Garchomp
|-damage|p2a: Garchomp|1/100
|-damage|p1a: Ferrothorn|69/100|[from] ability: Rough Skin|[of] p2a: Garchomp
|
|-weather|RainDance|[upkeep]
|upkeep
|turn|3
|
|t:|1722199368
|switch|p1a: Starmie|Starmie|100/100
|-item|p1a: Starmie|Air Balloon
|move|p2a: Garchomp|Earthquake|p1a: Starmie
|-immune|p1a: Starmie
|
|-weather|RainDance|[upkeep]
|upkeep
|turn|4
|
|t:|1722199383
|move|p1a: Starmie|Rapid Spin|p2a: Garchomp
|-damage|p2a: Garchomp|0 fnt
|-damage|p1a: Starmie|88/100|[from] ability: Rough Skin|[of] p2a: Garchomp
|faint|p2a: Garchomp
|
|-weather|RainDance|[upkeep]
|upkeep
|
|t:|1722199392
|switch|p2a: Politoed|Politoed, M|100/100
|turn|5
|
|t:|1722199415
|switch|p1a: Ferrothorn|Ferrothorn, F|69/100
|move|p2a: Politoed|Toxic|p1a: Ferrothorn
|-immune|p1a: Ferrothorn
|
|-weather|RainDance|[upkeep]
|upkeep
|turn|6
|
|t:|1722199431
|switch|p2a: Volcarona|Volcarona, M, shiny|100/100
|move|p1a: Ferrothorn|Spikes|p2a: Volcarona
|-sidestart|p2: Nugget O Silver|Spikes
|
|-weather|RainDance|[upkeep]
|upkeep
|turn|7
|inactive|Crimsonbacon38 has 120 seconds left.
|
|t:|1722199463
|switch|p1a: Latios|Latios, M|100/100
|move|p2a: Volcarona|Quiver Dance|p2a: Volcarona
|-boost|p2a: Volcarona|spa|1
|-boost|p2a: Volcarona|spd|1
|-boost|p2a: Volcarona|spe|1
|
|-weather|RainDance|[upkeep]
|upkeep
|turn|8
|
|t:|1722199469
|move|p1a: Latios|Surf|p2a: Volcarona
|-supereffective|p2a: Volcarona
|-damage|p2a: Volcarona|29/100
|move|p2a: Volcarona|Bug Buzz|p1a: Latios
|-supereffective|p1a: Latios
|-damage|p1a: Latios|0 fnt
|faint|p1a: Latios
|
|-weather|RainDance|[upkeep]
|upkeep
|inactive|Crimsonbacon38 has 120 seconds left.
|
|t:|1722199489
|switch|p1a: Politoed|Politoed, F|100/100
|turn|9
|
|t:|1722199498
|move|p2a: Volcarona|Hurricane|p1a: Politoed
|-damage|p1a: Politoed|29/100
|move|p1a: Politoed|Surf|p2a: Volcarona
|-supereffective|p2a: Volcarona
|-damage|p2a: Volcarona|0 fnt
|faint|p2a: Volcarona
|
|-weather|RainDance|[upkeep]
|upkeep
|
|t:|1722199509
|switch|p2a: Tornadus|Tornadus, M|100/100
|turn|10
|
|t:|1722199513
|move|p1a: Politoed|Surf|p2a: Tornadus
|-crit|p2a: Tornadus
|-damage|p2a: Tornadus|0 fnt
|faint|p2a: Tornadus
|
|-weather|RainDance|[upkeep]
|upkeep
|
|t:|1722199517
|switch|p2a: Dragonite|Dragonite, M|100/100
|turn|11
|
|t:|1722199531
|switch|p1a: Ferrothorn|Ferrothorn, F|69/100
|move|p2a: Dragonite|Dragon Dance|p2a: Dragonite
|-boost|p2a: Dragonite|atk|1
|-boost|p2a: Dragonite|spe|1
|
|-weather|RainDance|[upkeep]
|upkeep
|turn|12
|
|t:|1722199540
|move|p2a: Dragonite|Waterfall|p1a: Ferrothorn
|-resisted|p1a: Ferrothorn
|-damage|p1a: Ferrothorn|40/100
|-damage|p2a: Dragonite|88/100|[from] ability: Iron Barbs|[of] p1a: Ferrothorn
|move|p1a: Ferrothorn|Gyro Ball|p2a: Dragonite
|-damage|p2a: Dragonite|0 fnt
|faint|p2a: Dragonite
|
|-weather|RainDance|[upkeep]
|upkeep
|
|t:|1722199550
|switch|p2a: Politoed|Politoed, M|100/100
|-damage|p2a: Politoed|88/100|[from] Spikes
|turn|13
|
|t:|1722199579
|switch|p1a: Garchomp|Garchomp, F|100/100
|move|p2a: Politoed|Scald|p1a: Garchomp
|-damage|p1a: Garchomp|59/100
|
|-weather|RainDance|[upkeep]
|-heal|p1a: Garchomp|65/100|[from] item: Leftovers
|upkeep
|turn|14
|
|t:|1722199588
|move|p2a: Politoed|Scald|p1a: Garchomp
|-damage|p1a: Garchomp|22/100
|move|p1a: Garchomp|Outrage|p2a: Politoed
|-crit|p2a: Politoed
|-damage|p2a: Politoed|0 fnt
|faint|p2a: Politoed
|
|-weather|RainDance|[upkeep]
|-heal|p1a: Garchomp|28/100|[from] item: Leftovers
|upkeep
|
|t:|1722199594
|switch|p2a: Starmie|Starmie|100/100
|-item|p2a: Starmie|Air Balloon
|turn|15
|
|t:|1722199598
|move|p2a: Starmie|Ice Beam|p1a: Garchomp
|-supereffective|p1a: Garchomp
|-damage|p1a: Garchomp|0 fnt
|faint|p1a: Garchomp
|
|-weather|RainDance|[upkeep]
|upkeep
|
|t:|1722199602
|switch|p1a: Ferrothorn|Ferrothorn, F|40/100
|turn|16
|
|t:|1722199610
|move|p2a: Starmie|Ice Beam|p1a: Ferrothorn
|-damage|p1a: Ferrothorn|16/100
|move|p1a: Ferrothorn|Gyro Ball|p2a: Starmie
|-resisted|p2a: Starmie
|-damage|p2a: Starmie|28/100
|-enditem|p2a: Starmie|Air Balloon
|
|-weather|RainDance|[upkeep]
|upkeep
|turn|17
|
|t:|1722199615
|move|p2a: Starmie|Ice Beam|p1a: Ferrothorn
|-damage|p1a: Ferrothorn|0 fnt
|faint|p1a: Ferrothorn
|
|-weather|RainDance|[upkeep]
|upkeep
|
|t:|1722199619
|switch|p1a: Politoed|Politoed, F|29/100
|turn|18
|j| asshhjjkk
|
|t:|1722199634
|move|p1a: Politoed|Surf|p2a: Starmie
|-resisted|p2a: Starmie
|-damage|p2a: Starmie|0 fnt
|faint|p2a: Starmie
|
|win|Crimsonbacon38
|raw|Crimsonbacon38's rating: 1310 &rarr; <strong>1333</strong><br />(+23 for winning)
|raw|Nugget O Silver's rating: 1356 &rarr; <strong>1333</strong><br />(-23 for losing)
|l|☆Nugget O Silver
|player|p2|
|c|☆Crimsonbacon38|gg
|l|☆Crimsonbacon38
|player|p1|
|j|☆Crimsonbacon38
|player|p1|Crimsonbacon38|barry|
