|j|☆seanb143
|j|☆jason & ggnauts
|t:|1729040403
|gametype|singles
|player|p1|seanb143|emmet|1417
|player|p2|jason & ggnauts|maid|1420
|teamsize|p1|6
|teamsize|p2|6
|gen|5
|tier|[Gen 5] OU
|rated|
|rule|Species Clause: Limit one of each Pokémon
|rule|OHKO Clause: OHKO moves are banned
|rule|Moody Clause: Moody is banned
|rule|Evasion Items Clause: Evasion items are banned
|rule|Evasion Moves Clause: Evasion moves are banned
|rule|Endless Battle Clause: Forcing endless battles is banned
|rule|HP Percentage Mod: HP is shown in percentages
|rule|Evasion Abilities Clause: Evasion abilities are banned
|rule|Sleep Moves Clause: Sleep-inducing moves are banned
|rule|Swagger Clause: Swagger is banned
|rule|Baton Pass Stat Clause: No Baton Passer may have a way to boost its stats
|clearpoke
|poke|p1|Heatran, M|item
|poke|p1|Jellicent, F|item
|poke|p1|Forretress, F|item
|poke|p1|Tyranitar, F|item
|poke|p1|Breloom, M|item
|poke|p1|Landorus-Therian, M|item
|poke|p2|Landorus-Therian, M|item
|poke|p2|Starmie|item
|poke|p2|Volcarona, F|item
|poke|p2|Jirachi|item
|poke|p2|Garchomp, F|item
|poke|p2|Dragonite, M|item
|teampreview
|inactive|Battle timer is ON: inactive players will automatically lose when time's up. (requested by seanb143)
|
|t:|1729040415
|start
|switch|p1a: Landorus|Landorus-Therian, M, shiny|100/100
|switch|p2a: Oedipus Rex|Garchomp, F|100/100
|-ability|p1a: Landorus|Intimidate|boost
|-unboost|p2a: Oedipus Rex|atk|1
|turn|1
|
|t:|1729040425
|move|p1a: Landorus|Hidden Power|p2a: Oedipus Rex
|-supereffective|p2a: Oedipus Rex
|-enditem|p2a: Oedipus Rex|Yache Berry|[eat]
|-enditem|p2a: Oedipus Rex|Yache Berry|[weaken]
|-damage|p2a: Oedipus Rex|64/100
|move|p2a: Oedipus Rex|Stealth Rock|p1a: Landorus
|-sidestart|p1: seanb143|move: Stealth Rock
|
|upkeep
|turn|2
|
|t:|1729040447
|switch|p1a: Tyranitar|Tyranitar, F, shiny|100/100
|-damage|p1a: Tyranitar|88/100|[from] Stealth Rock
|-weather|Sandstorm|[from] ability: Sand Stream|[of] p1a: Tyranitar
|switch|p2a: Theorem|Starmie|100/100
|-item|p2a: Theorem|Air Balloon
|
|-weather|Sandstorm|[upkeep]
|-damage|p2a: Theorem|94/100|[from] Sandstorm
|upkeep
|turn|3
|
|t:|1729040455
|move|p1a: Tyranitar|Crunch|p2a: Theorem
|-supereffective|p2a: Theorem
|-damage|p2a: Theorem|0 fnt
|-enditem|p2a: Theorem|Air Balloon
|faint|p2a: Theorem
|
|-weather|Sandstorm|[upkeep]
|upkeep
|
|t:|1729040463
|switch|p2a: 1000 and 1 nights|Landorus-Therian, M|100/100
|-ability|p2a: 1000 and 1 nights|Intimidate|boost
|-unboost|p1a: Tyranitar|atk|1
|turn|4
|
|t:|1729040472
|switch|p1a: Forretress|Forretress, F, shiny|100/100
|-damage|p1a: Forretress|88/100|[from] Stealth Rock
|move|p2a: 1000 and 1 nights|Swords Dance|p2a: 1000 and 1 nights
|-boost|p2a: 1000 and 1 nights|atk|2
|
|-weather|Sandstorm|[upkeep]
|upkeep
|turn|5
|
|t:|1729040480
|move|p2a: 1000 and 1 nights|Rock Polish|p2a: 1000 and 1 nights
|-boost|p2a: 1000 and 1 nights|spe|2
|move|p1a: Forretress|Rapid Spin|p2a: 1000 and 1 nights
|-damage|p2a: 1000 and 1 nights|93/100
|-sideend|p1: seanb143|Stealth Rock|[from] move: Rapid Spin|[of] p1a: Forretress
|
|-weather|Sandstorm|[upkeep]
|upkeep
|turn|6
|
|t:|1729040485
|move|p2a: 1000 and 1 nights|Swords Dance|p2a: 1000 and 1 nights
|-boost|p2a: 1000 and 1 nights|atk|2
|move|p1a: Forretress|Gyro Ball|p2a: 1000 and 1 nights
|-damage|p2a: 1000 and 1 nights|20/100
|
|-weather|Sandstorm|[upkeep]
|upkeep
|turn|7
|
|t:|1729040501
|switch|p1a: Landorus|Landorus-Therian, M, shiny|100/100
|-ability|p1a: Landorus|Intimidate|boost
|-unboost|p2a: 1000 and 1 nights|atk|1
|move|p2a: 1000 and 1 nights|Earthquake|p1a: Landorus
|-immune|p1a: Landorus
|
|-weather|Sandstorm|[upkeep]
|upkeep
|turn|8
|
|t:|1729040512
|move|p2a: 1000 and 1 nights|Stone Edge|p1a: Landorus
|-damage|p1a: Landorus|0 fnt
|faint|p1a: Landorus
|
|-weather|Sandstorm|[upkeep]
|upkeep
|
|t:|1729040532
|switch|p1a: Breloom|Breloom, M, shiny|100/100
|turn|9
|
|t:|1729040536
|move|p1a: Breloom|Mach Punch|p2a: 1000 and 1 nights
|-resisted|p2a: 1000 and 1 nights
|-damage|p2a: 1000 and 1 nights|8/100
|move|p2a: 1000 and 1 nights|Earthquake|p1a: Breloom
|-resisted|p1a: Breloom
|-crit|p1a: Breloom
|-damage|p1a: Breloom|0 fnt
|faint|p1a: Breloom
|
|-weather|Sandstorm|[upkeep]
|upkeep
|
|t:|1729040545
|switch|p1a: Forretress|Forretress, F, shiny|88/100
|turn|10
|
|t:|1729040548
|move|p2a: 1000 and 1 nights|Earthquake|p1a: Forretress
|-damage|p1a: Forretress|0 fnt
|faint|p1a: Forretress
|
|-weather|Sandstorm|[upkeep]
|upkeep
|
|t:|1729040551
|switch|p1a: Tyranitar|Tyranitar, F, shiny|88/100
|turn|11
|
|t:|1729040554
|move|p2a: 1000 and 1 nights|Earthquake|p1a: Tyranitar
|-supereffective|p1a: Tyranitar
|-damage|p1a: Tyranitar|0 fnt
|faint|p1a: Tyranitar
|
|-weather|Sandstorm|[upkeep]
|upkeep
|-message|seanb143 forfeited.
|
|win|jason & ggnauts
|raw|seanb143's rating: 1417 &rarr; <strong>1397</strong><br />(-20 for losing)
|raw|jason &amp; ggnauts's rating: 1420 &rarr; <strong>1440</strong><br />(+20 for winning)
|l|☆seanb143
|player|p1|
