|j|☆BWr CatLoss
|j|☆Charliezard7
|t:|1719669635
|gametype|singles
|player|p1|BWr CatLoss|102|1237
|player|p2|Charliezard7|hilbert-wonderlauncher|1383
|teamsize|p1|6
|teamsize|p2|6
|gen|5
|tier|[Gen 5] OU
|rated|
|rule|Species Clause: Limit one of each Pokémon
|rule|OHKO Clause: OHKO moves are banned
|rule|Moody Clause: Moody is banned
|rule|Evasion Items Clause: Evasion items are banned
|rule|Evasion Moves Clause: Evasion moves are banned
|rule|Endless Battle Clause: Forcing endless battles is banned
|rule|HP Percentage Mod: HP is shown in percentages
|rule|Evasion Abilities Clause: Evasion abilities are banned
|rule|Sleep Moves Clause: Sleep-inducing moves are banned
|rule|Swagger Clause: Swagger is banned
|rule|Baton Pass Stat Clause: No Baton Passer may have a way to boost its stats
|clearpoke
|poke|p1|Ninetales, M|item
|poke|p1|Politoed, M|item
|poke|p1|Abomasnow, M|item
|poke|p1|Hippowdon, M|item
|poke|p1|Tyranitar, M|item
|poke|p1|Nidoking, M|item
|poke|p2|Infernape, M|item
|poke|p2|Ninetales, M|item
|poke|p2|Xatu, F|item
|poke|p2|Jirachi|item
|poke|p2|Umbreon, M|mail
|poke|p2|Cradily, M|item
|teampreview
|inactive|Battle timer is ON: inactive players will automatically lose when time's up. (requested by Charliezard7)
|inactive|Charliezard7 has 120 seconds left.
|
|t:|1719669680
|start
|switch|p1a: Politoed|Politoed, M|100/100
|switch|p2a: Jirachi|Jirachi|100/100
|-weather|RainDance|[from] ability: Drizzle|[of] p1a: Politoed
|turn|1
|j| Basstard
|inactive|BWr CatLoss has 120 seconds left.
|inactive|BWr CatLoss has 90 seconds left.
|
|t:|1719669747
|move|p2a: Jirachi|Protect|p2a: Jirachi
|-singleturn|p2a: Jirachi|Protect
|move|p1a: Politoed|Hydro Pump|p2a: Jirachi
|-activate|p2a: Jirachi|move: Protect
|
|-weather|RainDance|[upkeep]
|upkeep
|turn|2
|inactive|BWr CatLoss has 90 seconds left.
|inactive|Charliezard7 has 120 seconds left.
|
|t:|1719669779
|switch|p2a: Cradily|Cradily, M|100/100
|switch|p1a: Obamasnow|Abomasnow, M|100/100
|-weather|Hail|[from] ability: Snow Warning|[of] p1a: Obamasnow
|
|-weather|Hail|[upkeep]
|-damage|p2a: Cradily|94/100|[from] Hail
|upkeep
|turn|3
|inactive|BWr CatLoss has 90 seconds left.
|inactive|Charliezard7 has 120 seconds left.
|inactive|BWr CatLoss has 60 seconds left.
|
|t:|1719669820
|switch|p2a: Jirachi|Jirachi|100/100
|move|p1a: Obamasnow|Blizzard|p2a: Jirachi
|-resisted|p2a: Jirachi
|-damage|p2a: Jirachi|79/100
|-damage|p1a: Obamasnow|91/100|[from] item: Life Orb
|
|-weather|Hail|[upkeep]
|-damage|p2a: Jirachi|73/100|[from] Hail
|-heal|p2a: Jirachi|79/100|[from] item: Leftovers
|upkeep
|turn|4
|inactive|BWr CatLoss has 60 seconds left.
|
|t:|1719669839
|switch|p1a: Hippowdon|Hippowdon, M|100/100
|-weather|Sandstorm|[from] ability: Sand Stream|[of] p1a: Hippowdon
|move|p2a: Jirachi|U-turn|p1a: Hippowdon
|-damage|p1a: Hippowdon|86/100
|
|t:|1719669849
|switch|p2a: Ninetales|Ninetales, M|100/100|[from] U-turn
|-weather|SunnyDay|[from] ability: Drought|[of] p2a: Ninetales
|
|-weather|SunnyDay|[upkeep]
|-heal|p1a: Hippowdon|92/100|[from] item: Leftovers
|upkeep
|turn|5
|l| Basstard
|inactive|BWr CatLoss has 60 seconds left.
|
|t:|1719669860
|switch|p1a: Politoed|Politoed, M|100/100
|-weather|RainDance|[from] ability: Drizzle|[of] p1a: Politoed
|move|p2a: Ninetales|Will-O-Wisp|p1a: Politoed
|-status|p1a: Politoed|brn
|
|-weather|RainDance|[upkeep]
|-damage|p1a: Politoed|88/100 brn|[from] brn
|upkeep
|turn|6
|inactive|BWr CatLoss has 60 seconds left.
|
|t:|1719669870
|switch|p2a: Cradily|Cradily, M|94/100
|move|p1a: Politoed|Focus Blast|p2a: Cradily
|-supereffective|p2a: Cradily
|-damage|p2a: Cradily|9/100
|
|-weather|RainDance|[upkeep]
|-damage|p1a: Politoed|76/100 brn|[from] brn
|upkeep
|turn|7
|inactive|BWr CatLoss has 60 seconds left.
|
|t:|1719669878
|move|p1a: Politoed|Focus Blast|p2a: Cradily
|-supereffective|p2a: Cradily
|-damage|p2a: Cradily|0 fnt
|faint|p2a: Cradily
|
|-weather|RainDance|[upkeep]
|-damage|p1a: Politoed|64/100 brn|[from] brn
|upkeep
|
|t:|1719669884
|switch|p2a: Ninetales|Ninetales, M|100/100
|-weather|SunnyDay|[from] ability: Drought|[of] p2a: Ninetales
|turn|8
|inactive|Charliezard7 has 120 seconds left.
|
|t:|1719669891
|switch|p2a: Jirachi|Jirachi|79/100
|switch|p1a: Obamasnow|Abomasnow, M|91/100
|-weather|Hail|[from] ability: Snow Warning|[of] p1a: Obamasnow
|
|-weather|Hail|[upkeep]
|-damage|p2a: Jirachi|73/100|[from] Hail
|-heal|p2a: Jirachi|79/100|[from] item: Leftovers
|upkeep
|turn|9
|
|t:|1719669905
|switch|p1a: Hippowdon|Hippowdon, M|92/100
|-weather|Sandstorm|[from] ability: Sand Stream|[of] p1a: Hippowdon
|move|p2a: Jirachi|U-turn|p1a: Hippowdon
|-damage|p1a: Hippowdon|76/100
|inactive|Charliezard7 has 120 seconds left.
|
|t:|1719669931
|switch|p2a: Xatu|Xatu, F|100/100|[from] U-turn
|
|-weather|Sandstorm|[upkeep]
|-damage|p2a: Xatu|95/100|[from] Sandstorm
|-heal|p2a: Xatu|100/100|[from] item: Leftovers
|-heal|p1a: Hippowdon|82/100|[from] item: Leftovers
|upkeep
|turn|10
|
|t:|1719669945
|move|p2a: Xatu|Night Shade|p1a: Hippowdon
|-damage|p1a: Hippowdon|58/100
|move|p1a: Hippowdon|Whirlwind|p2a: Xatu
|move|p2a: Xatu|Whirlwind|p1a: Hippowdon|[from]ability: Magic Bounce
|drag|p1a: Nidoking|Nidoking, M|100/100
|
|-weather|Sandstorm|[upkeep]
|-damage|p2a: Xatu|95/100|[from] Sandstorm
|-heal|p2a: Xatu|100/100|[from] item: Leftovers
|upkeep
|turn|11
|
|t:|1719669961
|switch|p2a: Umbreon|Umbreon, M|100/100
|move|p1a: Nidoking|Thunder|p2a: Umbreon
|-damage|p2a: Umbreon|65/100
|
|-weather|Sandstorm|[upkeep]
|-damage|p2a: Umbreon|59/100|[from] Sandstorm
|upkeep
|turn|12
|
|t:|1719669972
|switch|p1a: Obamasnow|Abomasnow, M|91/100
|-weather|Hail|[from] ability: Snow Warning|[of] p1a: Obamasnow
|move|p2a: Umbreon|Foul Play|p1a: Obamasnow
|-damage|p1a: Obamasnow|38/100
|
|-weather|Hail|[upkeep]
|-damage|p2a: Umbreon|53/100|[from] Hail
|upkeep
|turn|13
|
|t:|1719669984
|switch|p2a: Ninetales|Ninetales, M|100/100
|-weather|SunnyDay|[from] ability: Drought|[of] p2a: Ninetales
|move|p1a: Obamasnow|Wood Hammer|p2a: Ninetales
|-resisted|p2a: Ninetales
|-damage|p2a: Ninetales|66/100
|-damage|p1a: Obamasnow|27/100|[from] Recoil
|-damage|p1a: Obamasnow|17/100|[from] item: Life Orb
|
|-weather|SunnyDay|[upkeep]
|-heal|p2a: Ninetales|72/100|[from] item: Leftovers
|upkeep
|turn|14
|
|t:|1719669997
|switch|p1a: Tyranitar|Tyranitar, M|100/100
|-weather|Sandstorm|[from] ability: Sand Stream|[of] p1a: Tyranitar
|move|p2a: Ninetales|Hidden Power|p1a: Tyranitar
|-supereffective|p1a: Tyranitar
|-damage|p1a: Tyranitar|88/100
|
|-weather|Sandstorm|[upkeep]
|-damage|p2a: Ninetales|66/100|[from] Sandstorm
|-heal|p2a: Ninetales|72/100|[from] item: Leftovers
|upkeep
|turn|15
|
|t:|1719670003
|move|p2a: Ninetales|Will-O-Wisp|p1a: Tyranitar
|-status|p1a: Tyranitar|brn
|move|p1a: Tyranitar|Pursuit|p2a: Ninetales
|-damage|p2a: Ninetales|61/100
|
|-weather|Sandstorm|[upkeep]
|-damage|p2a: Ninetales|55/100|[from] Sandstorm
|-heal|p2a: Ninetales|61/100|[from] item: Leftovers
|-damage|p1a: Tyranitar|75/100 brn|[from] brn
|upkeep
|turn|16
|inactive|Charliezard7 has 120 seconds left.
|
|t:|1719670017
|-activate|p2a: Ninetales|move: Pursuit
|move|p1a: Tyranitar|Pursuit|p2a: Ninetales|[from]Pursuit
|-damage|p2a: Ninetales|41/100
|switch|p2a: Umbreon|Umbreon, M|53/100
|
|-weather|Sandstorm|[upkeep]
|-damage|p2a: Umbreon|47/100|[from] Sandstorm
|-damage|p1a: Tyranitar|63/100 brn|[from] brn
|upkeep
|turn|17
|inactive|Charliezard7 has 120 seconds left.
|
|t:|1719670029
|move|p2a: Umbreon|Foul Play|p1a: Tyranitar
|-resisted|p1a: Tyranitar
|-damage|p1a: Tyranitar|43/100 brn
|move|p1a: Tyranitar|Superpower|p2a: Umbreon
|-supereffective|p2a: Umbreon
|-damage|p2a: Umbreon|20/100
|-unboost|p1a: Tyranitar|atk|1
|-unboost|p1a: Tyranitar|def|1
|
|-weather|Sandstorm|[upkeep]
|-damage|p2a: Umbreon|14/100|[from] Sandstorm
|-damage|p1a: Tyranitar|31/100 brn|[from] brn
|upkeep
|turn|18
|
|t:|1719670046
|switch|p1a: Politoed|Politoed, M|64/100 brn
|-weather|RainDance|[from] ability: Drizzle|[of] p1a: Politoed
|move|p2a: Umbreon|Moonlight|p2a: Umbreon
|-heal|p2a: Umbreon|39/100
|
|-weather|RainDance|[upkeep]
|-damage|p1a: Politoed|51/100 brn|[from] brn
|upkeep
|turn|19
|
|t:|1719670056
|move|p1a: Politoed|Focus Blast|p2a: Umbreon|[miss]
|-miss|p1a: Politoed|p2a: Umbreon
|move|p2a: Umbreon|Foul Play|p1a: Politoed
|-damage|p1a: Politoed|30/100 brn
|
|-weather|RainDance|[upkeep]
|-damage|p1a: Politoed|18/100 brn|[from] brn
|upkeep
|turn|20
|
|t:|1719670062
|switch|p2a: Xatu|Xatu, F|100/100
|move|p1a: Politoed|Focus Blast|p2a: Xatu|[miss]
|-miss|p1a: Politoed|p2a: Xatu
|
|-weather|RainDance|[upkeep]
|-damage|p1a: Politoed|5/100 brn|[from] brn
|upkeep
|turn|21
|inactive|BWr CatLoss has 120 seconds left.
|
|t:|1719670069
|move|p2a: Xatu|Night Shade|p1a: Politoed
|-damage|p1a: Politoed|0 fnt
|faint|p1a: Politoed
|
|-weather|RainDance|[upkeep]
|upkeep
|
|t:|1719670072
|switch|p1a: Nidoking|Nidoking, M|100/100
|turn|22
|
|t:|1719670087
|switch|p2a: Umbreon|Umbreon, M|39/100
|move|p1a: Nidoking|Thunder|p2a: Umbreon
|-damage|p2a: Umbreon|4/100
|
|-weather|RainDance|[upkeep]
|upkeep
|turn|23
|
|t:|1719670093
|move|p1a: Nidoking|Thunder|p2a: Umbreon
|-damage|p2a: Umbreon|0 fnt
|faint|p2a: Umbreon
|
|-weather|RainDance|[upkeep]
|upkeep
|
|t:|1719670103
|switch|p2a: Jirachi|Jirachi|79/100
|turn|24
|
|t:|1719670118
|switch|p1a: Hippowdon|Hippowdon, M|58/100
|-weather|Sandstorm|[from] ability: Sand Stream|[of] p1a: Hippowdon
|move|p2a: Jirachi|Wish|p2a: Jirachi
|
|-weather|Sandstorm|[upkeep]
|-heal|p2a: Jirachi|85/100|[from] item: Leftovers
|-heal|p1a: Hippowdon|64/100|[from] item: Leftovers
|upkeep
|turn|25
|
|t:|1719670123
|move|p2a: Jirachi|Iron Head|p1a: Hippowdon
|-damage|p1a: Hippowdon|38/100
|move|p1a: Hippowdon|Stealth Rock|p2a: Jirachi
|-sidestart|p2: Charliezard7|move: Stealth Rock
|
|-weather|Sandstorm|[upkeep]
|-heal|p2a: Jirachi|100/100|[from] move: Wish|[wisher] Jirachi
|-heal|p1a: Hippowdon|44/100|[from] item: Leftovers
|upkeep
|turn|26
|
|t:|1719670132
|move|p2a: Jirachi|Iron Head|p1a: Hippowdon
|-damage|p1a: Hippowdon|17/100
|move|p1a: Hippowdon|Slack Off|p1a: Hippowdon
|-heal|p1a: Hippowdon|67/100
|
|-weather|Sandstorm|[upkeep]
|-heal|p1a: Hippowdon|73/100|[from] item: Leftovers
|upkeep
|turn|27
|
|t:|1719670137
|move|p2a: Jirachi|Iron Head|p1a: Hippowdon
|-damage|p1a: Hippowdon|48/100
|cant|p1a: Hippowdon|flinch
|
|-weather|Sandstorm|[upkeep]
|-heal|p1a: Hippowdon|54/100|[from] item: Leftovers
|upkeep
|turn|28
|
|t:|1719670141
|move|p2a: Jirachi|Iron Head|p1a: Hippowdon
|-damage|p1a: Hippowdon|25/100
|move|p1a: Hippowdon|Slack Off|p1a: Hippowdon
|-heal|p1a: Hippowdon|75/100
|
|-weather|Sandstorm|[upkeep]
|-heal|p1a: Hippowdon|81/100|[from] item: Leftovers
|upkeep
|turn|29
|
|t:|1719670144
|move|p2a: Jirachi|Iron Head|p1a: Hippowdon
|-damage|p1a: Hippowdon|55/100
|cant|p1a: Hippowdon|flinch
|
|-weather|Sandstorm|[upkeep]
|-heal|p1a: Hippowdon|61/100|[from] item: Leftovers
|upkeep
|turn|30
|
|t:|1719670148
|move|p2a: Jirachi|Iron Head|p1a: Hippowdon
|-damage|p1a: Hippowdon|35/100
|cant|p1a: Hippowdon|flinch
|
|-weather|Sandstorm|[upkeep]
|-heal|p1a: Hippowdon|41/100|[from] item: Leftovers
|upkeep
|turn|31
|
|t:|1719670151
|move|p2a: Jirachi|Iron Head|p1a: Hippowdon
|-damage|p1a: Hippowdon|14/100
|move|p1a: Hippowdon|Slack Off|p1a: Hippowdon
|-heal|p1a: Hippowdon|64/100
|
|-weather|Sandstorm|[upkeep]
|-heal|p1a: Hippowdon|70/100|[from] item: Leftovers
|upkeep
|turn|32
|
|t:|1719670153
|move|p2a: Jirachi|Iron Head|p1a: Hippowdon
|-damage|p1a: Hippowdon|43/100
|move|p1a: Hippowdon|Slack Off|p1a: Hippowdon
|-heal|p1a: Hippowdon|93/100
|
|-weather|Sandstorm|[upkeep]
|-heal|p1a: Hippowdon|99/100|[from] item: Leftovers
|upkeep
|turn|33
|
|t:|1719670156
|move|p2a: Jirachi|Iron Head|p1a: Hippowdon
|-crit|p1a: Hippowdon
|-damage|p1a: Hippowdon|46/100
|cant|p1a: Hippowdon|flinch
|
|-weather|Sandstorm|[upkeep]
|-heal|p1a: Hippowdon|52/100|[from] item: Leftovers
|upkeep
|turn|34
|
|t:|1719670161
|move|p2a: Jirachi|Iron Head|p1a: Hippowdon
|-damage|p1a: Hippowdon|25/100
|move|p1a: Hippowdon|Slack Off|p1a: Hippowdon
|-heal|p1a: Hippowdon|75/100
|
|-weather|Sandstorm|[upkeep]
|-heal|p1a: Hippowdon|81/100|[from] item: Leftovers
|upkeep
|turn|35
|
|t:|1719670163
|move|p2a: Jirachi|Iron Head|p1a: Hippowdon
|-damage|p1a: Hippowdon|53/100
|cant|p1a: Hippowdon|flinch
|
|-weather|Sandstorm|[upkeep]
|-heal|p1a: Hippowdon|60/100|[from] item: Leftovers
|upkeep
|turn|36
|
|t:|1719670166
|move|p2a: Jirachi|Iron Head|p1a: Hippowdon
|-crit|p1a: Hippowdon
|-damage|p1a: Hippowdon|7/100
|move|p1a: Hippowdon|Slack Off|p1a: Hippowdon
|-heal|p1a: Hippowdon|57/100
|
|-weather|Sandstorm|[upkeep]
|-heal|p1a: Hippowdon|63/100|[from] item: Leftovers
|upkeep
|turn|37
|
|t:|1719670168
|move|p2a: Jirachi|Iron Head|p1a: Hippowdon
|-crit|p1a: Hippowdon
|-damage|p1a: Hippowdon|12/100
|cant|p1a: Hippowdon|flinch
|
|-weather|Sandstorm|[upkeep]
|-heal|p1a: Hippowdon|18/100|[from] item: Leftovers
|upkeep
|turn|38
|
|t:|1719670171
|move|p2a: Jirachi|Iron Head|p1a: Hippowdon
|-damage|p1a: Hippowdon|0 fnt
|faint|p1a: Hippowdon
|
|-weather|Sandstorm|[upkeep]
|upkeep
|
|t:|1719670176
|switch|p1a: Ninetales|Ninetales, M|100/100
|-weather|SunnyDay|[from] ability: Drought|[of] p1a: Ninetales
|turn|39
|
|t:|1719670183
|move|p2a: Jirachi|Protect|p2a: Jirachi
|-singleturn|p2a: Jirachi|Protect
|move|p1a: Ninetales|Fire Blast|p2a: Jirachi
|-activate|p2a: Jirachi|move: Protect
|
|-weather|SunnyDay|[upkeep]
|upkeep
|turn|40
|
|t:|1719670196
|switch|p2a: Ninetales|Ninetales, M|41/100
|-damage|p2a: Ninetales|16/100|[from] Stealth Rock
|move|p1a: Ninetales|Fire Blast|p2a: Ninetales
|-resisted|p2a: Ninetales
|-damage|p2a: Ninetales|0 fnt
|faint|p2a: Ninetales
|
|-weather|SunnyDay|[upkeep]
|upkeep
|
|t:|1719670212
|switch|p2a: Infernape|Infernape, M, shiny|100/100
|-damage|p2a: Infernape|88/100|[from] Stealth Rock
|turn|41
|
|t:|1719670219
|move|p1a: Ninetales|Fire Blast|p2a: Infernape|[miss]
|-miss|p1a: Ninetales|p2a: Infernape
|move|p2a: Infernape|Substitute|p2a: Infernape
|-start|p2a: Infernape|Substitute
|-damage|p2a: Infernape|63/100
|
|-weather|SunnyDay|[upkeep]
|upkeep
|turn|42
|
|t:|1719670233
|move|p1a: Ninetales|Fire Blast|p2a: Infernape
|-resisted|p2a: Infernape
|-end|p2a: Infernape|Substitute
|move|p2a: Infernape|Focus Blast|p1a: Ninetales
|-damage|p1a: Ninetales|37/100
|
|-weather|SunnyDay|[upkeep]
|upkeep
|turn|43
|
|t:|1719670244
|move|p1a: Ninetales|Fire Blast|p2a: Infernape
|-resisted|p2a: Infernape
|-damage|p2a: Infernape|12/100
|move|p2a: Infernape|Focus Blast|p1a: Ninetales
|-damage|p1a: Ninetales|0 fnt
|faint|p1a: Ninetales
|
|-weather|SunnyDay|[upkeep]
|-enditem|p2a: Infernape|Micle Berry|[eat]
|upkeep
|
|t:|1719670255
|switch|p1a: Obamasnow|Abomasnow, M|17/100
|-weather|Hail|[from] ability: Snow Warning|[of] p1a: Obamasnow
|turn|44
|
|t:|1719670265
|move|p1a: Obamasnow|Ice Shard|p2a: Infernape
|-resisted|p2a: Infernape
|-damage|p2a: Infernape|0 fnt
|faint|p2a: Infernape
|-damage|p1a: Obamasnow|8/100|[from] item: Life Orb
|
|-weather|Hail|[upkeep]
|upkeep
|
|t:|1719670268
|switch|p2a: Jirachi|Jirachi|100/100
|-damage|p2a: Jirachi|94/100|[from] Stealth Rock
|turn|45
|
|t:|1719670280
|switch|p1a: Tyranitar|Tyranitar, M|31/100 brn
|-weather|Sandstorm|[from] ability: Sand Stream|[of] p1a: Tyranitar
|move|p2a: Jirachi|Iron Head|p1a: Tyranitar
|-supereffective|p1a: Tyranitar
|-damage|p1a: Tyranitar|0 fnt
|faint|p1a: Tyranitar
|
|-weather|Sandstorm|[upkeep]
|-heal|p2a: Jirachi|100/100|[from] item: Leftovers
|upkeep
|
|t:|1719670286
|switch|p1a: Nidoking|Nidoking, M|100/100
|turn|46
|
|t:|1719670293
|move|p2a: Jirachi|Protect|p2a: Jirachi
|-singleturn|p2a: Jirachi|Protect
|move|p1a: Nidoking|Fire Blast|p2a: Jirachi
|-activate|p2a: Jirachi|move: Protect
|
|-weather|Sandstorm|[upkeep]
|upkeep
|turn|47
|
|t:|1719670298
|move|p1a: Nidoking|Fire Blast|p2a: Jirachi
|-supereffective|p2a: Jirachi
|-damage|p2a: Jirachi|16/100
|move|p2a: Jirachi|Wish|p2a: Jirachi
|
|-weather|Sandstorm|[upkeep]
|-heal|p2a: Jirachi|22/100|[from] item: Leftovers
|upkeep
|turn|48
|
|t:|1719670302
|move|p1a: Nidoking|Fire Blast|p2a: Jirachi|[miss]
|-miss|p1a: Nidoking|p2a: Jirachi
|move|p2a: Jirachi|Iron Head|p1a: Nidoking
|-damage|p1a: Nidoking|45/100
|
|-weather|Sandstorm|[upkeep]
|-heal|p2a: Jirachi|72/100|[from] move: Wish|[wisher] Jirachi
|-heal|p2a: Jirachi|78/100|[from] item: Leftovers
|upkeep
|turn|49
|
|t:|1719670307
|move|p2a: Jirachi|Protect|p2a: Jirachi
|-singleturn|p2a: Jirachi|Protect
|move|p1a: Nidoking|Fire Blast|p2a: Jirachi
|-activate|p2a: Jirachi|move: Protect
|
|-weather|Sandstorm|[upkeep]
|-heal|p2a: Jirachi|84/100|[from] item: Leftovers
|upkeep
|turn|50
|
|t:|1719670312
|move|p1a: Nidoking|Fire Blast|p2a: Jirachi
|-supereffective|p2a: Jirachi
|-damage|p2a: Jirachi|0 fnt
|faint|p2a: Jirachi
|
|-weather|Sandstorm|[upkeep]
|upkeep
|
|t:|1719670315
|switch|p2a: Xatu|Xatu, F|100/100
|-damage|p2a: Xatu|76/100|[from] Stealth Rock
|turn|51
|
|t:|1719670324
|move|p1a: Nidoking|Fire Blast|p2a: Xatu
|-damage|p2a: Xatu|14/100
|move|p2a: Xatu|Night Shade|p1a: Nidoking
|-damage|p1a: Nidoking|12/100
|
|-weather|Sandstorm|[upkeep]
|-damage|p2a: Xatu|8/100|[from] Sandstorm
|-heal|p2a: Xatu|14/100|[from] item: Leftovers
|upkeep
|turn|52
|
|t:|1719670330
|move|p1a: Nidoking|Fire Blast|p2a: Xatu
|-damage|p2a: Xatu|0 fnt
|faint|p2a: Xatu
|
|win|BWr CatLoss
|raw|BWr CatLoss's rating: 1264 &rarr; <strong>1297</strong><br />(+33 for winning)
|raw|Charliezard7's rating: 1383 &rarr; <strong>1356</strong><br />(-27 for losing)
