|j|☆porrompompom
|j|☆ShokaV2
|player|p1|porrompompom|102
|player|p2|ShokaV2|226
|teamsize|p1|6
|teamsize|p2|6
|gametype|singles
|gen|5
|tier|[Gen 5] OU
|rated|
|rule|Sleep Clause Mod: Limit one foe put to sleep
|rule|Species Clause: Limit one of each Pokémon
|rule|OHKO Clause: OHKO moves are banned
|rule|Moody Clause: Moody is banned
|rule|Evasion Moves Clause: Evasion moves are banned
|rule|Endless Battle Clause: Forcing endless battles is banned
|rule|HP Percentage Mod: HP is shown in percentages
|rule|Evasion Abilities Clause: Evasion abilities are banned
|rule|Baton Pass Clause: Limit one Baton Passer, can't pass Spe and other stats simultaneously
|rule|Swagger Clause: Swagger is banned
|clearpoke
|poke|p1|Heracross, F|item
|poke|p1|Starmie|item
|poke|p1|Heatran, M|item
|poke|p1|Tangrowth, M|item
|poke|p1|Landorus-Therian, M|item
|poke|p1|Chansey, F|item
|poke|p2|Tyranitar, M|item
|poke|p2|Terrakion|item
|poke|p2|Landorus-Therian, M|item
|poke|p2|Excadrill, M|item
|poke|p2|Amoonguss, M|item
|poke|p2|Slowbro, M|item
|teampreview
|
|start
|switch|p1a: Heatran|Heatran, M|100/100
|switch|p2a: Landorus|Landorus-Therian, M|100/100
|-ability|p2a: Landorus|Intimidate|boost
|-unboost|p1a: Heatran|atk|1
|turn|1
|
|switch|p2a: Tyranitar|Tyranitar, M, shiny|100/100
|-weather|Sandstorm|[from] ability: Sand Stream|[of] p2a: Tyranitar
|switch|p1a: Tangrowth|Tangrowth, M|100/100
|
|-weather|Sandstorm|[upkeep]
|-damage|p1a: Tangrowth|94/100|[from] Sandstorm
|upkeep
|turn|2
|
|switch|p2a: Amoonguss|Amoonguss, M, shiny|100/100
|switch|p1a: Heatran|Heatran, M|100/100
|
|-weather|Sandstorm|[upkeep]
|-damage|p2a: Amoonguss|94/100|[from] Sandstorm
|-heal|p2a: Amoonguss|100/100|[from] item: Black Sludge
|upkeep
|turn|3
|
|switch|p2a: Terrakion|Terrakion|100/100
|move|p1a: Heatran|Stealth Rock|p2a: Terrakion
|-sidestart|p2: ShokaV2|move: Stealth Rock
|
|-weather|Sandstorm|[upkeep]
|upkeep
|turn|4
|
|switch|p1a: Landorus|Landorus-Therian, M|100/100
|-ability|p1a: Landorus|Intimidate|boost
|-unboost|p2a: Terrakion|atk|1
|move|p2a: Terrakion|Stealth Rock|p1a: Landorus
|-sidestart|p1: porrompompom|move: Stealth Rock
|
|-weather|Sandstorm|[upkeep]
|upkeep
|turn|5
|
|switch|p2a: Landorus|Landorus-Therian, M|100/100
|-damage|p2a: Landorus|88/100|[from] Stealth Rock
|-ability|p2a: Landorus|Intimidate|boost
|-unboost|p1a: Landorus|atk|1
|move|p1a: Landorus|U-turn|p2a: Landorus
|-resisted|p2a: Landorus
|-damage|p2a: Landorus|79/100
|
|switch|p1a: Tangrowth|Tangrowth, M|100/100
|-damage|p1a: Tangrowth|88/100|[from] Stealth Rock
|
|-weather|Sandstorm|[upkeep]
|-damage|p1a: Tangrowth|82/100|[from] Sandstorm
|upkeep
|turn|6
|
|move|p2a: Landorus|U-turn|p1a: Tangrowth
|-supereffective|p1a: Tangrowth
|-damage|p1a: Tangrowth|54/100
|-damage|p2a: Landorus|62/100|[from] item: Rocky Helmet|[of] p1a: Tangrowth
|
|switch|p2a: Amoonguss|Amoonguss, M, shiny|100/100
|-damage|p2a: Amoonguss|88/100|[from] Stealth Rock
|move|p1a: Tangrowth|Sleep Powder|p2a: Amoonguss
|-status|p2a: Amoonguss|slp
|
|-weather|Sandstorm|[upkeep]
|-damage|p1a: Tangrowth|48/100|[from] Sandstorm
|-damage|p2a: Amoonguss|82/100 slp|[from] Sandstorm
|-heal|p2a: Amoonguss|88/100 slp|[from] item: Black Sludge
|upkeep
|turn|7
|
|switch|p1a: Heatran|Heatran, M|100/100
|-damage|p1a: Heatran|88/100|[from] Stealth Rock
|switch|p2a: Terrakion|Terrakion|100/100
|-damage|p2a: Terrakion|94/100|[from] Stealth Rock
|
|-weather|Sandstorm|[upkeep]
|-heal|p1a: Heatran|94/100|[from] item: Leftovers
|upkeep
|turn|8
|
|switch|p1a: Landorus|Landorus-Therian, M|100/100
|-damage|p1a: Landorus|88/100|[from] Stealth Rock
|-ability|p1a: Landorus|Intimidate|boost
|-unboost|p2a: Terrakion|atk|1
|move|p2a: Terrakion|Stone Edge|p1a: Landorus|[miss]
|-miss|p2a: Terrakion|p1a: Landorus
|
|-weather|Sandstorm|[upkeep]
|upkeep
|turn|9
|
|switch|p2a: Slowbro|Slowbro, M, shiny|100/100
|-damage|p2a: Slowbro|88/100|[from] Stealth Rock
|move|p1a: Landorus|U-turn|p2a: Slowbro
|-supereffective|p2a: Slowbro
|-damage|p2a: Slowbro|56/100
|-damage|p1a: Landorus|72/100|[from] item: Rocky Helmet|[of] p2a: Slowbro
|
|switch|p1a: Starmie|Starmie|100/100
|-damage|p1a: Starmie|88/100|[from] Stealth Rock
|
|-weather|Sandstorm|[upkeep]
|-damage|p1a: Starmie|82/100|[from] Sandstorm
|-damage|p2a: Slowbro|50/100|[from] Sandstorm
|-heal|p1a: Starmie|88/100|[from] item: Leftovers
|upkeep
|turn|10
|
|switch|p1a: Heatran|Heatran, M|94/100
|-damage|p1a: Heatran|82/100|[from] Stealth Rock
|switch|p2a: Excadrill|Excadrill, M|100/100
|-damage|p2a: Excadrill|97/100|[from] Stealth Rock
|
|-weather|Sandstorm|[upkeep]
|-heal|p1a: Heatran|88/100|[from] item: Leftovers
|upkeep
|turn|11
|
|switch|p1a: Tangrowth|Tangrowth, M|81/100
|-damage|p1a: Tangrowth|69/100|[from] Stealth Rock
|move|p2a: Excadrill|Earthquake|p1a: Tangrowth
|-resisted|p1a: Tangrowth
|-damage|p1a: Tangrowth|49/100
|
|-weather|Sandstorm|[upkeep]
|-damage|p1a: Tangrowth|42/100|[from] Sandstorm
|upkeep
|turn|12
|
|switch|p2a: Slowbro|Slowbro, M, shiny|83/100
|-damage|p2a: Slowbro|71/100|[from] Stealth Rock
|switch|p1a: Heatran|Heatran, M|88/100
|-damage|p1a: Heatran|76/100|[from] Stealth Rock
|
|-weather|Sandstorm|[upkeep]
|-damage|p2a: Slowbro|65/100|[from] Sandstorm
|-heal|p1a: Heatran|82/100|[from] item: Leftovers
|upkeep
|turn|13
|
|switch|p1a: Starmie|Starmie|88/100
|-damage|p1a: Starmie|76/100|[from] Stealth Rock
|switch|p2a: Landorus|Landorus-Therian, M|62/100
|-damage|p2a: Landorus|50/100|[from] Stealth Rock
|-ability|p2a: Landorus|Intimidate|boost
|-unboost|p1a: Starmie|atk|1
|
|-weather|Sandstorm|[upkeep]
|-damage|p1a: Starmie|70/100|[from] Sandstorm
|-heal|p1a: Starmie|76/100|[from] item: Leftovers
|upkeep
|turn|14
|
|move|p1a: Starmie|Scald|p2a: Landorus
|-supereffective|p2a: Landorus
|-damage|p2a: Landorus|0 fnt
|faint|p2a: Landorus
|
|-weather|Sandstorm|[upkeep]
|-damage|p1a: Starmie|70/100|[from] Sandstorm
|-heal|p1a: Starmie|76/100|[from] item: Leftovers
|upkeep
|
|switch|p2a: Excadrill|Excadrill, M|97/100
|-damage|p2a: Excadrill|94/100|[from] Stealth Rock
|turn|15
|
|switch|p1a: Tangrowth|Tangrowth, M|76/100
|-damage|p1a: Tangrowth|63/100|[from] Stealth Rock
|move|p2a: Excadrill|Iron Head|p1a: Tangrowth
|-damage|p1a: Tangrowth|30/100
|-damage|p2a: Excadrill|78/100|[from] item: Rocky Helmet|[of] p1a: Tangrowth
|
|-weather|Sandstorm|[upkeep]
|-damage|p1a: Tangrowth|23/100|[from] Sandstorm
|upkeep
|turn|16
|
|switch|p2a: Terrakion|Terrakion|94/100
|-damage|p2a: Terrakion|88/100|[from] Stealth Rock
|switch|p1a: Heatran|Heatran, M|82/100
|-damage|p1a: Heatran|69/100|[from] Stealth Rock
|
|-weather|Sandstorm|[upkeep]
|-heal|p1a: Heatran|76/100|[from] item: Leftovers
|upkeep
|turn|17
|
|move|p2a: Terrakion|Stone Edge|p1a: Heatran
|-damage|p1a: Heatran|15/100
|move|p1a: Heatran|Will-O-Wisp|p2a: Terrakion
|-status|p2a: Terrakion|brn
|
|-weather|Sandstorm|[upkeep]
|-heal|p1a: Heatran|22/100|[from] item: Leftovers
|-damage|p2a: Terrakion|76/100 brn|[from] brn
|upkeep
|turn|18
|
|switch|p1a: Starmie|Starmie|76/100
|-damage|p1a: Starmie|63/100|[from] Stealth Rock
|move|p2a: Terrakion|Stone Edge|p1a: Starmie
|-damage|p1a: Starmie|17/100
|
|-weather|Sandstorm|[upkeep]
|-damage|p1a: Starmie|11/100|[from] Sandstorm
|-heal|p1a: Starmie|17/100|[from] item: Leftovers
|-damage|p2a: Terrakion|63/100 brn|[from] brn
|upkeep
|turn|19
|
|switch|p2a: Tyranitar|Tyranitar, M, shiny|100/100
|-damage|p2a: Tyranitar|88/100|[from] Stealth Rock
|move|p1a: Starmie|Rapid Spin|p2a: Tyranitar
|-resisted|p2a: Tyranitar
|-damage|p2a: Tyranitar|87/100
|-sideend|p1: porrompompom|Stealth Rock|[from] move: Rapid Spin|[of] p1a: Starmie
|
|-weather|Sandstorm|[upkeep]
|-damage|p1a: Starmie|11/100|[from] Sandstorm
|-heal|p1a: Starmie|17/100|[from] item: Leftovers
|upkeep
|turn|20
|
|move|p1a: Starmie|Scald|p2a: Tyranitar
|-supereffective|p2a: Tyranitar
|-damage|p2a: Tyranitar|60/100
|-status|p2a: Tyranitar|brn
|move|p2a: Tyranitar|Pursuit|p1a: Starmie
|-supereffective|p1a: Starmie
|-damage|p1a: Starmie|0 fnt
|faint|p1a: Starmie
|
|-weather|Sandstorm|[upkeep]
|-damage|p2a: Tyranitar|48/100 brn|[from] brn
|upkeep
|
|switch|p1a: Heracross|Heracross, F|100/100
|turn|21
|
|move|p1a: Heracross|Close Combat|p2a: Tyranitar
|-supereffective|p2a: Tyranitar
|-enditem|p2a: Tyranitar|Chople Berry|[eat]
|-enditem|p2a: Tyranitar|Chople Berry|[weaken]
|-damage|p2a: Tyranitar|0 fnt
|-unboost|p1a: Heracross|def|1
|-unboost|p1a: Heracross|spd|1
|faint|p2a: Tyranitar
|
|-weather|Sandstorm|[upkeep]
|-damage|p1a: Heracross|95/100|[from] Sandstorm
|upkeep
|
|switch|p2a: Excadrill|Excadrill, M|78/100
|-damage|p2a: Excadrill|75/100|[from] Stealth Rock
|turn|22
|
|switch|p1a: Tangrowth|Tangrowth, M|57/100
|move|p2a: Excadrill|Iron Head|p1a: Tangrowth
|-damage|p1a: Tangrowth|25/100
|-damage|p2a: Excadrill|58/100|[from] item: Rocky Helmet|[of] p1a: Tangrowth
|
|-weather|Sandstorm|[upkeep]
|-damage|p1a: Tangrowth|19/100|[from] Sandstorm
|upkeep
|turn|23
|
|switch|p1a: Heatran|Heatran, M|22/100
|move|p2a: Excadrill|Iron Head|p1a: Heatran
|-resisted|p1a: Heatran
|-damage|p1a: Heatran|9/100
|
|-weather|Sandstorm|[upkeep]
|-heal|p1a: Heatran|15/100|[from] item: Leftovers
|upkeep
|turn|24
|
|switch|p2a: Terrakion|Terrakion|63/100 brn
|-damage|p2a: Terrakion|57/100 brn|[from] Stealth Rock
|move|p1a: Heatran|Lava Plume|p2a: Terrakion
|-resisted|p2a: Terrakion
|-damage|p2a: Terrakion|45/100 brn
|
|-weather|Sandstorm|[upkeep]
|-heal|p1a: Heatran|21/100|[from] item: Leftovers
|-damage|p2a: Terrakion|32/100 brn|[from] brn
|upkeep
|turn|25
|
|switch|p2a: Excadrill|Excadrill, M|58/100
|-damage|p2a: Excadrill|55/100|[from] Stealth Rock
|switch|p1a: Tangrowth|Tangrowth, M|52/100
|
|-weather|Sandstorm|[upkeep]
|-damage|p1a: Tangrowth|46/100|[from] Sandstorm
|upkeep
|turn|26
|
|move|p2a: Excadrill|Iron Head|p1a: Tangrowth
|-damage|p1a: Tangrowth|13/100
|-damage|p2a: Excadrill|38/100|[from] item: Rocky Helmet|[of] p1a: Tangrowth
|move|p1a: Tangrowth|Earthquake|p2a: Excadrill
|-supereffective|p2a: Excadrill
|-damage|p2a: Excadrill|0 fnt
|faint|p2a: Excadrill
|
|-weather|Sandstorm|[upkeep]
|-damage|p1a: Tangrowth|6/100|[from] Sandstorm
|upkeep
|
|switch|p2a: Slowbro|Slowbro, M, shiny|98/100
|-damage|p2a: Slowbro|86/100|[from] Stealth Rock
|turn|27
|
|switch|p1a: Chansey|Chansey, F|100/100
|move|p2a: Slowbro|Scald|p1a: Chansey
|-damage|p1a: Chansey|92/100
|
|-weather|Sandstorm|[upkeep]
|-damage|p1a: Chansey|86/100|[from] Sandstorm
|-damage|p2a: Slowbro|79/100|[from] Sandstorm
|upkeep
|turn|28
|-message|ShokaV2 forfeited.
|
|win|porrompompom
|l|☆ShokaV2
|raw|porrompompom's rating: 1541 &rarr; <strong>1550</strong><br />(+9 for winning)
|raw|ShokaV2's rating: 1329 &rarr; <strong>1320</strong><br />(-9 for losing)
