|j|☆sidis
|j|☆av2336
|t:|1716490721
|gametype|singles
|player|p1|sidis|iris-gen5bw2|1257
|player|p2|av2336|pokemaniac-gen3rs|1396
|teamsize|p1|6
|teamsize|p2|6
|gen|5
|tier|[Gen 5] OU
|rated|
|rule|Species Clause: Limit one of each Pokémon
|rule|OHKO Clause: OHKO moves are banned
|rule|Moody Clause: Moody is banned
|rule|Evasion Items Clause: Evasion items are banned
|rule|Evasion Moves Clause: Evasion moves are banned
|rule|Endless Battle Clause: Forcing endless battles is banned
|rule|HP Percentage Mod: HP is shown in percentages
|rule|Evasion Abilities Clause: Evasion abilities are banned
|rule|Sleep Moves Clause: Sleep-inducing moves are banned
|rule|Swagger Clause: Swagger is banned
|rule|Baton Pass Stat Clause: No Baton Passer may have a way to boost its stats
|clearpoke
|poke|p1|Keldeo|item
|poke|p1|Breloom, M|item
|poke|p1|Tyranitar, F|item
|poke|p1|Excadrill, M|item
|poke|p1|Espeon, M|item
|poke|p1|Mew|item
|poke|p2|Bronzong|item
|poke|p2|Dusclops, F|item
|poke|p2|Reuniclus, M|item
|poke|p2|Marowak, F|item
|poke|p2|Conkeldurr, F|item
|poke|p2|Crawdaunt, M|item
|teampreview
|inactive|Battle timer is ON: inactive players will automatically lose when time's up. (requested by av2336)
|
|t:|1716490731
|start
|switch|p1a: Excadrill|Excadrill, M|100/100
|switch|p2a: Bronzong|Bronzong|100/100
|-ability|p1a: Excadrill|Mold Breaker
|turn|1
|
|t:|1716490743
|move|p1a: Excadrill|Earthquake|p2a: Bronzong
|-supereffective|p2a: Bronzong
|-damage|p2a: Bronzong|17/100
|move|p2a: Bronzong|Trick Room|p2a: Bronzong
|-fieldstart|move: Trick Room|[of] p2a: Bronzong
|
|upkeep
|turn|2
|
|t:|1716490750
|move|p2a: Bronzong|Stealth Rock|p1a: Excadrill
|-sidestart|p1: sidis|move: Stealth Rock
|move|p1a: Excadrill|Stealth Rock|p2a: Bronzong
|-sidestart|p2: av2336|move: Stealth Rock
|
|upkeep
|turn|3
|
|t:|1716490754
|move|p2a: Bronzong|Explosion|p1a: Excadrill
|-resisted|p1a: Excadrill
|-damage|p1a: Excadrill|66/100
|faint|p2a: Bronzong
|move|p1a: Excadrill|Earthquake|p2: Bronzong|[notarget]
|-fail|p1a: Excadrill
|
|upkeep
|
|t:|1716490766
|switch|p2a: Crawdaunt|Crawdaunt, M|100/100
|-damage|p2a: Crawdaunt|88/100|[from] Stealth Rock
|turn|4
|
|t:|1716490771
|move|p2a: Crawdaunt|Waterfall|p1a: Excadrill
|-supereffective|p1a: Excadrill
|-damage|p1a: Excadrill|0 fnt
|faint|p1a: Excadrill
|-damage|p2a: Crawdaunt|78/100|[from] item: Life Orb
|
|upkeep
|
|t:|1716490776
|switch|p1a: Keldeo|Keldeo|100/100
|-damage|p1a: Keldeo|94/100|[from] Stealth Rock
|turn|5
|
|t:|1716490791
|switch|p2a: Dusclops|Dusclops, F|100/100
|-damage|p2a: Dusclops|88/100|[from] Stealth Rock
|-ability|p2a: Dusclops|Pressure
|move|p1a: Keldeo|Calm Mind|p1a: Keldeo
|-boost|p1a: Keldeo|spa|1
|-boost|p1a: Keldeo|spd|1
|
|-heal|p1a: Keldeo|100/100|[from] item: Leftovers
|-fieldend|move: Trick Room
|upkeep
|turn|6
|
|t:|1716490807
|move|p1a: Keldeo|Calm Mind|p1a: Keldeo
|-boost|p1a: Keldeo|spa|1
|-boost|p1a: Keldeo|spd|1
|move|p2a: Dusclops|Trick Room|p2a: Dusclops
|-fieldstart|move: Trick Room|[of] p2a: Dusclops
|
|upkeep
|turn|7
|
|t:|1716490835
|move|p2a: Dusclops|Memento|p1a: Keldeo
|-unboost|p1a: Keldeo|atk|2
|-unboost|p1a: Keldeo|spa|2
|faint|p2a: Dusclops
|move|p1a: Keldeo|Scald|p2: Dusclops|[notarget]
|-fail|p1a: Keldeo
|
|upkeep
|
|t:|1716490842
|switch|p2a: Conkeldurr|Conkeldurr, F|100/100
|-damage|p2a: Conkeldurr|94/100|[from] Stealth Rock
|turn|8
|
|t:|1716490852
|move|p2a: Conkeldurr|Thunder Punch|p1a: Keldeo
|-supereffective|p1a: Keldeo
|-damage|p1a: Keldeo|0 fnt
|faint|p1a: Keldeo
|
|upkeep
|
|t:|1716490856
|switch|p1a: Mew|Mew|100/100
|-damage|p1a: Mew|88/100|[from] Stealth Rock
|turn|9
|
|t:|1716490872
|switch|p2a: Crawdaunt|Crawdaunt, M|78/100
|-damage|p2a: Crawdaunt|66/100|[from] Stealth Rock
|move|p1a: Mew|Psychic|p2a: Crawdaunt
|-immune|p2a: Crawdaunt
|
|-heal|p1a: Mew|94/100|[from] item: Leftovers
|upkeep
|turn|10
|
|t:|1716490876
|switch|p1a: Breloom|Breloom, M|100/100
|-damage|p1a: Breloom|94/100|[from] Stealth Rock
|move|p2a: Crawdaunt|Crunch|p1a: Breloom
|-resisted|p1a: Breloom
|-damage|p1a: Breloom|56/100
|-damage|p2a: Crawdaunt|56/100|[from] item: Life Orb
|
|-fieldend|move: Trick Room
|upkeep
|turn|11
|
|t:|1716490891
|move|p1a: Breloom|Swords Dance|p1a: Breloom
|-boost|p1a: Breloom|atk|2
|move|p2a: Crawdaunt|Aerial Ace|p1a: Breloom
|-supereffective|p1a: Breloom
|-damage|p1a: Breloom|0 fnt
|faint|p1a: Breloom
|-damage|p2a: Crawdaunt|46/100|[from] item: Life Orb
|
|upkeep
|
|t:|1716490901
|switch|p1a: Espeon|Espeon, M|100/100
|-damage|p1a: Espeon|88/100|[from] Stealth Rock
|turn|12
|
|t:|1716490910
|switch|p2a: Marowak|Marowak, F|100/100
|-damage|p2a: Marowak|94/100|[from] Stealth Rock
|move|p1a: Espeon|Reflect|p1a: Espeon
|-sidestart|p1: sidis|Reflect
|
|upkeep
|turn|13
|
|t:|1716490917
|move|p1a: Espeon|Psychic|p2a: Marowak
|-damage|p2a: Marowak|47/100
|move|p2a: Marowak|Swords Dance|p2a: Marowak
|-boost|p2a: Marowak|atk|2
|
|upkeep
|turn|14
|
|t:|1716490929
|move|p1a: Espeon|Psychic|p2a: Marowak
|-damage|p2a: Marowak|0 fnt
|faint|p2a: Marowak
|
|upkeep
|
|t:|1716490936
|switch|p2a: Reuniclus|Reuniclus, M|100/100
|turn|15
|
|t:|1716490939
|move|p1a: Espeon|Light Screen|p1a: Espeon
|-sidestart|p1: sidis|move: Light Screen
|move|p2a: Reuniclus|Trick Room|p2a: Reuniclus
|-fieldstart|move: Trick Room|[of] p2a: Reuniclus
|
|upkeep
|turn|16
|
|t:|1716490942
|move|p2a: Reuniclus|Shadow Ball|p1a: Espeon
|-supereffective|p1a: Espeon
|-damage|p1a: Espeon|49/100
|move|p1a: Espeon|Shadow Ball|p2a: Reuniclus
|-supereffective|p2a: Reuniclus
|-damage|p2a: Reuniclus|60/100
|
|upkeep
|turn|17
|
|t:|1716490948
|move|p2a: Reuniclus|Shadow Ball|p1a: Espeon
|-supereffective|p1a: Espeon
|-damage|p1a: Espeon|10/100
|-unboost|p1a: Espeon|spd|1
|move|p1a: Espeon|Shadow Ball|p2a: Reuniclus
|-supereffective|p2a: Reuniclus
|-damage|p2a: Reuniclus|16/100
|
|upkeep
|turn|18
|
|t:|1716490956
|move|p2a: Reuniclus|Shadow Ball|p1a: Espeon
|-supereffective|p1a: Espeon
|-crit|p1a: Espeon
|-damage|p1a: Espeon|0 fnt
|faint|p1a: Espeon
|
|upkeep
|
|t:|1716490958
|switch|p1a: Mew|Mew|94/100
|-damage|p1a: Mew|82/100|[from] Stealth Rock
|turn|19
|
|t:|1716490964
|move|p2a: Reuniclus|Shadow Ball|p1a: Mew
|-supereffective|p1a: Mew
|-damage|p1a: Mew|46/100
|move|p1a: Mew|Flame Charge|p2a: Reuniclus
|-crit|p2a: Reuniclus
|-damage|p2a: Reuniclus|0 fnt
|-boost|p1a: Mew|spe|1
|faint|p2a: Reuniclus
|
|-heal|p1a: Mew|52/100|[from] item: Leftovers
|-sideend|p1: sidis|Reflect
|-fieldend|move: Trick Room
|upkeep
|
|t:|1716490973
|switch|p2a: Crawdaunt|Crawdaunt, M|46/100
|-damage|p2a: Crawdaunt|33/100|[from] Stealth Rock
|turn|20
|
|t:|1716490976
|move|p1a: Mew|Aura Sphere|p2a: Crawdaunt
|-supereffective|p2a: Crawdaunt
|-damage|p2a: Crawdaunt|0 fnt
|faint|p2a: Crawdaunt
|
|-heal|p1a: Mew|59/100|[from] item: Leftovers
|upkeep
|
|t:|1716490979
|switch|p2a: Conkeldurr|Conkeldurr, F|94/100
|-damage|p2a: Conkeldurr|88/100|[from] Stealth Rock
|turn|21
|
|t:|1716490985
|move|p1a: Mew|Psychic|p2a: Conkeldurr
|-supereffective|p2a: Conkeldurr
|-damage|p2a: Conkeldurr|0 fnt
|faint|p2a: Conkeldurr
|
|win|sidis
|raw|sidis's rating: 1257 &rarr; <strong>1292</strong><br />(+35 for winning)
|raw|av2336's rating: 1396 &rarr; <strong>1368</strong><br />(-28 for losing)
