|j|☆ms breadner
|j|☆Coronet077
|t:|1710529780
|gametype|singles
|player|p1|ms breadner|2|1400
|player|p2|Coronet077|fisherman-gen4|1341
|teamsize|p1|6
|teamsize|p2|6
|gen|5
|tier|[Gen 5] OU
|rated|
|rule|Species Clause: Limit one of each Pokémon
|rule|OHKO Clause: OHKO moves are banned
|rule|Moody Clause: Moody is banned
|rule|Evasion Items Clause: Evasion items are banned
|rule|Evasion Moves Clause: Evasion moves are banned
|rule|Endless Battle Clause: Forcing endless battles is banned
|rule|HP Percentage Mod: HP is shown in percentages
|rule|Evasion Abilities Clause: Evasion abilities are banned
|rule|Sleep Moves Clause: Sleep-inducing moves are banned
|rule|Swagger Clause: Swagger is banned
|rule|Baton Pass Stat Clause: No Baton Passer may have a way to boost its stats
|clearpoke
|poke|p1|Tyranitar, F|item
|poke|p1|Terrakion|item
|poke|p1|Rotom-Wash|item
|poke|p1|Heatran, M|item
|poke|p1|Latios, M|item
|poke|p1|Landorus-Therian, M|item
|poke|p2|Politoed, F|item
|poke|p2|Ferrothorn, F|item
|poke|p2|Tentacruel, F|item
|poke|p2|Latios, M|item
|poke|p2|Keldeo|item
|poke|p2|Thundurus-Therian, M|item
|teampreview
|
|t:|1710529796
|start
|switch|p1a: Terrakion|Terrakion|100/100
|switch|p2a: Politoed|Politoed, F, shiny|100/100
|-weather|RainDance|[from] ability: Drizzle|[of] p2a: Politoed
|turn|1
|
|t:|1710529802
|move|p2a: Politoed|Protect|p2a: Politoed
|-singleturn|p2a: Politoed|Protect
|move|p1a: Terrakion|Stealth Rock|p2a: Politoed
|-sidestart|p2: Coronet077|move: Stealth Rock
|
|-weather|RainDance|[upkeep]
|upkeep
|turn|2
|
|t:|1710529808
|move|p1a: Terrakion|Close Combat|p2a: Politoed
|-damage|p2a: Politoed|47/100
|-unboost|p1a: Terrakion|def|1
|-unboost|p1a: Terrakion|spd|1
|move|p2a: Politoed|Scald|p1a: Terrakion
|-supereffective|p1a: Terrakion
|-enditem|p1a: Terrakion|Focus Sash
|-damage|p1a: Terrakion|1/100
|-status|p1a: Terrakion|brn
|
|-weather|RainDance|[upkeep]
|-heal|p2a: Politoed|53/100|[from] item: Leftovers
|-damage|p1a: Terrakion|0 fnt|[from] brn
|faint|p1a: Terrakion
|upkeep
|
|t:|1710529821
|switch|p1a: Tyranitar|Tyranitar, F|100/100
|-weather|Sandstorm|[from] ability: Sand Stream|[of] p1a: Tyranitar
|turn|3
|
|t:|1710529828
|move|p2a: Politoed|Protect|p2a: Politoed
|-singleturn|p2a: Politoed|Protect
|move|p1a: Tyranitar|Crunch|p2a: Politoed
|-activate|p2a: Politoed|move: Protect
|
|-weather|Sandstorm|[upkeep]
|-damage|p2a: Politoed|47/100|[from] Sandstorm
|-heal|p2a: Politoed|53/100|[from] item: Leftovers
|upkeep
|turn|4
|
|t:|1710529838
|switch|p1a: Heatran|Heatran, M|100/100
|-item|p1a: Heatran|Air Balloon
|switch|p2a: Ferrothorn|Ferrothorn, F|100/100
|-damage|p2a: Ferrothorn|94/100|[from] Stealth Rock
|
|-weather|Sandstorm|[upkeep]
|-heal|p2a: Ferrothorn|100/100|[from] item: Leftovers
|upkeep
|turn|5
|
|t:|1710529848
|switch|p1a: Rotom|Rotom-Wash|100/100
|switch|p2a: Politoed|Politoed, F, shiny|53/100
|-damage|p2a: Politoed|41/100|[from] Stealth Rock
|-weather|RainDance|[from] ability: Drizzle|[of] p2a: Politoed
|
|-weather|RainDance|[upkeep]
|-heal|p2a: Politoed|47/100|[from] item: Leftovers
|upkeep
|turn|6
|
|t:|1710529857
|move|p2a: Politoed|Protect|p2a: Politoed
|-singleturn|p2a: Politoed|Protect
|move|p1a: Rotom|Volt Switch|p2a: Politoed
|-activate|p2a: Politoed|move: Protect
|
|-weather|RainDance|[upkeep]
|-heal|p2a: Politoed|53/100|[from] item: Leftovers
|upkeep
|turn|7
|
|t:|1710529865
|move|p1a: Rotom|Hydro Pump|p2a: Politoed
|-resisted|p2a: Politoed
|-damage|p2a: Politoed|28/100
|move|p2a: Politoed|Scald|p1a: Rotom
|-resisted|p1a: Rotom
|-damage|p1a: Rotom|87/100
|
|-weather|RainDance|[upkeep]
|-heal|p1a: Rotom|93/100|[from] item: Leftovers
|-heal|p2a: Politoed|34/100|[from] item: Leftovers
|upkeep
|turn|8
|
|t:|1710529876
|move|p2a: Politoed|Protect|p2a: Politoed
|-singleturn|p2a: Politoed|Protect
|move|p1a: Rotom|Volt Switch|p2a: Politoed
|-activate|p2a: Politoed|move: Protect
|
|-weather|RainDance|[upkeep]
|-heal|p1a: Rotom|99/100|[from] item: Leftovers
|-heal|p2a: Politoed|40/100|[from] item: Leftovers
|upkeep
|turn|9
|
|t:|1710529884
|switch|p2a: Tentacruel|Tentacruel, F|100/100
|-damage|p2a: Tentacruel|88/100|[from] Stealth Rock
|move|p1a: Rotom|Hydro Pump|p2a: Tentacruel
|-resisted|p2a: Tentacruel
|-damage|p2a: Tentacruel|62/100
|
|-weather|RainDance|[upkeep]
|-heal|p2a: Tentacruel|68/100|[from] ability: Rain Dish
|-heal|p2a: Tentacruel|74/100|[from] item: Black Sludge
|-heal|p1a: Rotom|100/100|[from] item: Leftovers
|upkeep
|turn|10
|j| nightsuwu
|
|t:|1710529895
|move|p2a: Tentacruel|Rapid Spin|p1a: Rotom
|-damage|p1a: Rotom|98/100
|-sideend|p2: Coronet077|Stealth Rock|[from] move: Rapid Spin|[of] p2a: Tentacruel
|move|p1a: Rotom|Volt Switch|p2a: Tentacruel
|-supereffective|p2a: Tentacruel
|-damage|p2a: Tentacruel|33/100
|
|t:|1710529901
|switch|p1a: Tyranitar|Tyranitar, F|100/100|[from] Volt Switch
|-weather|Sandstorm|[from] ability: Sand Stream|[of] p1a: Tyranitar
|
|-weather|Sandstorm|[upkeep]
|-damage|p2a: Tentacruel|27/100|[from] Sandstorm
|-heal|p2a: Tentacruel|33/100|[from] item: Black Sludge
|upkeep
|turn|11
|
|t:|1710529909
|move|p2a: Tentacruel|Protect|p2a: Tentacruel
|-singleturn|p2a: Tentacruel|Protect
|move|p1a: Tyranitar|Pursuit|p2a: Tentacruel
|-activate|p2a: Tentacruel|move: Protect
|
|-weather|Sandstorm|[upkeep]
|-damage|p2a: Tentacruel|27/100|[from] Sandstorm
|-heal|p2a: Tentacruel|33/100|[from] item: Black Sludge
|upkeep
|turn|12
|
|t:|1710529917
|move|p1a: Tyranitar|Pursuit|p2a: Tentacruel
|-damage|p2a: Tentacruel|8/100
|move|p2a: Tentacruel|Scald|p1a: Tyranitar
|-supereffective|p1a: Tyranitar
|-damage|p1a: Tyranitar|69/100
|
|-weather|Sandstorm|[upkeep]
|-damage|p2a: Tentacruel|2/100|[from] Sandstorm
|-heal|p2a: Tentacruel|8/100|[from] item: Black Sludge
|upkeep
|turn|13
|
|t:|1710529926
|move|p2a: Tentacruel|Protect|p2a: Tentacruel
|-singleturn|p2a: Tentacruel|Protect
|move|p1a: Tyranitar|Pursuit|p2a: Tentacruel
|-activate|p2a: Tentacruel|move: Protect
|
|-weather|Sandstorm|[upkeep]
|-damage|p2a: Tentacruel|2/100|[from] Sandstorm
|-heal|p2a: Tentacruel|8/100|[from] item: Black Sludge
|upkeep
|turn|14
|
|t:|1710529934
|move|p1a: Tyranitar|Pursuit|p2a: Tentacruel
|-damage|p2a: Tentacruel|0 fnt
|faint|p2a: Tentacruel
|
|-weather|Sandstorm|[upkeep]
|upkeep
|
|t:|1710529940
|switch|p2a: Ferrothorn|Ferrothorn, F|100/100
|turn|15
|
|t:|1710529944
|switch|p1a: Heatran|Heatran, M|100/100
|-item|p1a: Heatran|Air Balloon
|move|p2a: Ferrothorn|Stealth Rock|p1a: Heatran
|-sidestart|p1: ms breadner|move: Stealth Rock
|
|-weather|Sandstorm|[upkeep]
|upkeep
|turn|16
|
|t:|1710529952
|switch|p2a: Politoed|Politoed, F, shiny|40/100
|-weather|RainDance|[from] ability: Drizzle|[of] p2a: Politoed
|move|p1a: Heatran|Fire Blast|p2a: Politoed
|-resisted|p2a: Politoed
|-damage|p2a: Politoed|26/100
|-status|p2a: Politoed|brn
|
|-weather|RainDance|[upkeep]
|-heal|p2a: Politoed|33/100 brn|[from] item: Leftovers
|-damage|p2a: Politoed|20/100 brn|[from] brn
|upkeep
|turn|17
|
|t:|1710529963
|switch|p2a: Keldeo|Keldeo|100/100
|move|p1a: Heatran|Earth Power|p2a: Keldeo
|-damage|p2a: Keldeo|60/100
|
|-weather|RainDance|[upkeep]
|upkeep
|turn|18
|
|t:|1710529970
|switch|p1a: Latios|Latios, M|100/100
|-damage|p1a: Latios|88/100|[from] Stealth Rock
|move|p2a: Keldeo|Secret Sword|p1a: Latios
|-resisted|p1a: Latios
|-damage|p1a: Latios|44/100
|
|-weather|RainDance|[upkeep]
|upkeep
|turn|19
|
|t:|1710529984
|switch|p2a: Ferrothorn|Ferrothorn, F|100/100
|move|p1a: Latios|Recover|p1a: Latios
|-heal|p1a: Latios|95/100
|
|-weather|RainDance|[upkeep]
|upkeep
|turn|20
|
|t:|1710529995
|switch|p1a: Tyranitar|Tyranitar, F|69/100
|-damage|p1a: Tyranitar|57/100|[from] Stealth Rock
|-weather|Sandstorm|[from] ability: Sand Stream|[of] p1a: Tyranitar
|move|p2a: Ferrothorn|Gyro Ball|p1a: Tyranitar
|-supereffective|p1a: Tyranitar
|-damage|p1a: Tyranitar|0 fnt
|faint|p1a: Tyranitar
|
|-weather|Sandstorm|[upkeep]
|upkeep
|
|t:|1710530004
|switch|p1a: Heatran|Heatran, M|100/100
|-damage|p1a: Heatran|88/100|[from] Stealth Rock
|-item|p1a: Heatran|Air Balloon
|turn|21
|
|t:|1710530011
|switch|p2a: Politoed|Politoed, F, shiny|20/100 brn
|-weather|RainDance|[from] ability: Drizzle|[of] p2a: Politoed
|move|p1a: Heatran|Earth Power|p2a: Politoed
|-crit|p2a: Politoed
|-damage|p2a: Politoed|0 fnt
|faint|p2a: Politoed
|
|-weather|RainDance|[upkeep]
|upkeep
|
|t:|1710530017
|switch|p2a: Thundurus|Thundurus-Therian, M|100/100
|turn|22
|
|t:|1710530021
|move|p2a: Thundurus|Substitute|p2a: Thundurus
|-start|p2a: Thundurus|Substitute
|-damage|p2a: Thundurus|76/100
|move|p1a: Heatran|Hidden Power|p2a: Thundurus
|-supereffective|p2a: Thundurus
|-crit|p2a: Thundurus
|-end|p2a: Thundurus|Substitute
|
|-weather|RainDance|[upkeep]
|-heal|p2a: Thundurus|82/100|[from] item: Leftovers
|upkeep
|turn|23
|
|t:|1710530029
|switch|p2a: Ferrothorn|Ferrothorn, F|100/100
|move|p1a: Heatran|Hidden Power|p2a: Ferrothorn
|-damage|p2a: Ferrothorn|81/100
|
|-weather|RainDance|[upkeep]
|-heal|p2a: Ferrothorn|87/100|[from] item: Leftovers
|upkeep
|turn|24
|
|t:|1710530036
|move|p1a: Heatran|Taunt|p2a: Ferrothorn
|-start|p2a: Ferrothorn|move: Taunt
|move|p2a: Ferrothorn|Knock Off|p1a: Heatran
|-resisted|p1a: Heatran
|-damage|p1a: Heatran|86/100
|-enditem|p1a: Heatran|Air Balloon
|
|-weather|RainDance|[upkeep]
|-heal|p2a: Ferrothorn|94/100|[from] item: Leftovers
|upkeep
|turn|25
|
|t:|1710530044
|switch|p2a: Latios|Latios, M|100/100
|move|p1a: Heatran|Fire Blast|p2a: Latios
|-resisted|p2a: Latios
|-damage|p2a: Latios|84/100
|
|-weather|RainDance|[upkeep]
|upkeep
|turn|26
|
|t:|1710530053
|move|p2a: Latios|Surf|p1a: Heatran
|-supereffective|p1a: Heatran
|-damage|p1a: Heatran|0 fnt
|faint|p1a: Heatran
|
|-weather|RainDance|[upkeep]
|upkeep
|
|t:|1710530058
|switch|p1a: Rotom|Rotom-Wash|98/100
|-damage|p1a: Rotom|85/100|[from] Stealth Rock
|turn|27
|
|t:|1710530063
|switch|p2a: Ferrothorn|Ferrothorn, F|94/100
|move|p1a: Rotom|Will-O-Wisp|p2a: Ferrothorn
|-status|p2a: Ferrothorn|brn
|
|-weather|RainDance|[upkeep]
|-heal|p1a: Rotom|91/100|[from] item: Leftovers
|-heal|p2a: Ferrothorn|99/100 brn|[from] item: Leftovers
|-damage|p2a: Ferrothorn|87/100 brn|[from] brn
|upkeep
|turn|28
|
|t:|1710530075
|move|p1a: Rotom|Volt Switch|p2a: Ferrothorn
|-resisted|p2a: Ferrothorn
|-damage|p2a: Ferrothorn|79/100 brn
|
|t:|1710530085
|switch|p1a: Latios|Latios, M|95/100|[from] Volt Switch
|-damage|p1a: Latios|82/100|[from] Stealth Rock
|move|p2a: Ferrothorn|Knock Off|p1a: Latios
|-supereffective|p1a: Latios
|-damage|p1a: Latios|76/100
|-enditem|p1a: Latios|Choice Specs|[from] move: Knock Off|[of] p2a: Ferrothorn
|
|-weather|RainDance|[upkeep]
|-heal|p2a: Ferrothorn|85/100 brn|[from] item: Leftovers
|-damage|p2a: Ferrothorn|73/100 brn|[from] brn
|upkeep
|turn|29
|
|t:|1710530099
|move|p1a: Latios|Surf|p2a: Ferrothorn
|-resisted|p2a: Ferrothorn
|-damage|p2a: Ferrothorn|55/100 brn
|move|p2a: Ferrothorn|Gyro Ball|p1a: Latios
|-damage|p1a: Latios|42/100
|
|-weather|RainDance|[upkeep]
|-heal|p2a: Ferrothorn|61/100 brn|[from] item: Leftovers
|-damage|p2a: Ferrothorn|49/100 brn|[from] brn
|upkeep
|turn|30
|
|t:|1710530107
|switch|p2a: Latios|Latios, M|84/100
|move|p1a: Latios|Recover|p1a: Latios
|-heal|p1a: Latios|92/100
|
|-weather|RainDance|[upkeep]
|upkeep
|turn|31
|
|t:|1710530117
|switch|p1a: Rotom|Rotom-Wash|91/100
|-damage|p1a: Rotom|79/100|[from] Stealth Rock
|move|p2a: Latios|Draco Meteor|p1a: Rotom
|-damage|p1a: Rotom|22/100
|-unboost|p2a: Latios|spa|2
|
|-weather|RainDance|[upkeep]
|-heal|p1a: Rotom|28/100|[from] item: Leftovers
|upkeep
|turn|32
|
|t:|1710530128
|move|p2a: Latios|Draco Meteor|p1a: Rotom
|-damage|p1a: Rotom|0 fnt
|-unboost|p2a: Latios|spa|2
|faint|p1a: Rotom
|
|-weather|RainDance|[upkeep]
|upkeep
|
|t:|1710530141
|switch|p1a: Latios|Latios, M|92/100
|-damage|p1a: Latios|80/100|[from] Stealth Rock
|turn|33
|
|t:|1710530151
|switch|p2a: Ferrothorn|Ferrothorn, F|49/100 brn
|move|p1a: Latios|Trick|p2a: Ferrothorn
|-activate|p1a: Latios|move: Trick|[of] p2a: Ferrothorn
|-enditem|p2a: Ferrothorn|Leftovers|[silent]|[from] move: Trick
|-item|p1a: Latios|Leftovers|[from] move: Trick
|
|-weather|RainDance|[upkeep]
|-heal|p1a: Latios|86/100|[from] item: Leftovers
|-damage|p2a: Ferrothorn|36/100 brn|[from] brn
|upkeep
|turn|34
|
|t:|1710530161
|move|p1a: Latios|Surf|p2a: Ferrothorn
|-resisted|p2a: Ferrothorn
|-damage|p2a: Ferrothorn|17/100 brn
|move|p2a: Ferrothorn|Knock Off|p1a: Latios
|-supereffective|p1a: Latios
|-damage|p1a: Latios|79/100
|-enditem|p1a: Latios|Leftovers|[from] move: Knock Off|[of] p2a: Ferrothorn
|
|-weather|RainDance|[upkeep]
|-damage|p2a: Ferrothorn|4/100 brn|[from] brn
|upkeep
|turn|35
|
|t:|1710530170
|move|p1a: Latios|Surf|p2a: Ferrothorn
|-resisted|p2a: Ferrothorn
|-damage|p2a: Ferrothorn|0 fnt
|faint|p2a: Ferrothorn
|
|-weather|RainDance|[upkeep]
|upkeep
|
|t:|1710530172
|switch|p2a: Latios|Latios, M|84/100
|turn|36
|
|t:|1710530178
|move|p2a: Latios|Draco Meteor|p1a: Latios
|-supereffective|p1a: Latios
|-damage|p1a: Latios|0 fnt
|-unboost|p2a: Latios|spa|2
|faint|p1a: Latios
|
|-weather|RainDance|[upkeep]
|upkeep
|
|t:|1710530184
|switch|p1a: Landorus|Landorus-Therian, M|100/100
|-damage|p1a: Landorus|88/100|[from] Stealth Rock
|-ability|p1a: Landorus|Intimidate|boost
|-unboost|p2a: Latios|atk|1
|turn|37
|-message|ms breadner forfeited.
|
|win|Coronet077
|raw|ms breadner's rating: 1400 &rarr; <strong>1377</strong><br />(-23 for losing)
|raw|Coronet077's rating: 1341 &rarr; <strong>1364</strong><br />(+23 for winning)
|l|☆ms breadner
|player|p1|
