|j|☆Trepmaws
|j|☆sycam
|player|p1|Trepmaws|189
|player|p2|sycam|232
|teamsize|p1|6
|teamsize|p2|6
|gametype|singles
|gen|5
|tier|[Gen 5] OU
|rated|
|rule|Sleep Clause Mod: Limit one foe put to sleep
|rule|Species Clause: Limit one of each Pokémon
|rule|OHKO Clause: OHKO moves are banned
|rule|Moody Clause: Moody is banned
|rule|Evasion Moves Clause: Evasion moves are banned
|rule|Endless Battle Clause: Forcing endless battles is banned
|rule|HP Percentage Mod: HP is shown in percentages
|rule|Evasion Abilities Clause: Evasion abilities are banned
|rule|Baton Pass Clause: Limit one Baton Passer, can't pass Spe and other stats simultaneously
|rule|Swagger Clause: Swagger is banned
|clearpoke
|poke|p1|Scizor, M|item
|poke|p1|Keldeo|item
|poke|p1|Gliscor, F|item
|poke|p1|Tyranitar, M|item
|poke|p1|Gastrodon, M|item
|poke|p1|Terrakion|item
|poke|p2|Sharpedo, F|item
|poke|p2|Celebi|item
|poke|p2|Politoed, F|item
|poke|p2|Jirachi|item
|poke|p2|Terrakion|item
|poke|p2|Thundurus-Therian, M|item
|teampreview
|
|start
|switch|p1a: Scizor|Scizor, M, shiny|100/100
|switch|p2a: Politoed|Politoed, F|100/100
|-weather|RainDance|[from] ability: Drizzle|[of] p2a: Politoed
|turn|1
|
|switch|p1a: Gastrodon|Gastrodon, M|100/100
|move|p2a: Politoed|Focus Blast|p1a: Gastrodon
|-damage|p1a: Gastrodon|47/100
|-unboost|p1a: Gastrodon|spd|1
|
|-weather|RainDance|[upkeep]
|-heal|p1a: Gastrodon|54/100|[from] item: Leftovers
|upkeep
|turn|2
|
|switch|p1a: Gliscor|Gliscor, F, shiny|100/100
|move|p2a: Politoed|Focus Blast|p1a: Gliscor
|-resisted|p1a: Gliscor
|-damage|p1a: Gliscor|66/100
|
|-weather|RainDance|[upkeep]
|-status|p1a: Gliscor|tox|[from] item: Toxic Orb
|upkeep
|turn|3
|inactive|Battle timer is ON: inactive players will automatically lose when time's up. (requested by Trepmaws)
|
|switch|p2a: Celebi|Celebi|100/100
|move|p1a: Gliscor|Toxic|p2a: Celebi
|-status|p2a: Celebi|tox
|
|-weather|RainDance|[upkeep]
|-heal|p1a: Gliscor|78/100 tox|[from] ability: Poison Heal
|-damage|p2a: Celebi|94/100 tox|[from] psn
|upkeep
|turn|4
|
|move|p1a: Gliscor|Substitute|p1a: Gliscor
|-start|p1a: Gliscor|Substitute
|-damage|p1a: Gliscor|53/100 tox
|move|p2a: Celebi|Swords Dance|p2a: Celebi
|-boost|p2a: Celebi|atk|2
|
|-weather|RainDance|[upkeep]
|-heal|p2a: Celebi|100/100 tox|[from] item: Leftovers
|-heal|p1a: Gliscor|66/100 tox|[from] ability: Poison Heal
|-damage|p2a: Celebi|88/100 tox|[from] psn
|upkeep
|turn|5
|
|move|p1a: Gliscor|Earthquake|p2a: Celebi
|-resisted|p2a: Celebi
|-damage|p2a: Celebi|78/100 tox
|move|p2a: Celebi|Zen Headbutt|p1a: Gliscor
|-end|p1a: Gliscor|Substitute
|
|-weather|RainDance|[upkeep]
|-heal|p2a: Celebi|84/100 tox|[from] item: Leftovers
|-heal|p1a: Gliscor|78/100 tox|[from] ability: Poison Heal
|-damage|p2a: Celebi|66/100 tox|[from] psn
|upkeep
|turn|6
|
|move|p1a: Gliscor|Substitute|p1a: Gliscor
|-start|p1a: Gliscor|Substitute
|-damage|p1a: Gliscor|53/100 tox
|move|p2a: Celebi|Baton Pass|p2a: Celebi
|
|switch|p2a: Thundurus|Thundurus-Therian, M|100/100
|
|-weather|RainDance|[upkeep]
|-heal|p1a: Gliscor|66/100 tox|[from] ability: Poison Heal
|upkeep
|turn|7
|
|move|p1a: Gliscor|Toxic|p2a: Thundurus
|-status|p2a: Thundurus|tox
|move|p2a: Thundurus|Hidden Power|p1a: Gliscor
|-supereffective|p1a: Gliscor
|-end|p1a: Gliscor|Substitute
|
|-weather|RainDance|[upkeep]
|-heal|p1a: Gliscor|78/100 tox|[from] ability: Poison Heal
|-damage|p2a: Thundurus|94/100 tox|[from] psn
|upkeep
|turn|8
|
|move|p1a: Gliscor|Protect|p1a: Gliscor
|-singleturn|p1a: Gliscor|Protect
|move|p2a: Thundurus|Hidden Power|p1a: Gliscor
|-activate|p1a: Gliscor|move: Protect
|
|-weather|RainDance|[upkeep]
|-heal|p1a: Gliscor|91/100 tox|[from] ability: Poison Heal
|-damage|p2a: Thundurus|82/100 tox|[from] psn
|upkeep
|turn|9
|
|move|p1a: Gliscor|Substitute|p1a: Gliscor
|-start|p1a: Gliscor|Substitute
|-damage|p1a: Gliscor|66/100 tox
|move|p2a: Thundurus|Thunder|p1a: Gliscor
|-immune|p1a: Gliscor|[msg]
|
|-weather|RainDance|[upkeep]
|-heal|p1a: Gliscor|78/100 tox|[from] ability: Poison Heal
|-damage|p2a: Thundurus|63/100 tox|[from] psn
|upkeep
|turn|10
|
|switch|p2a: Sharpedo|Sharpedo, F|100/100
|move|p1a: Gliscor|Protect|p1a: Gliscor
|-fail|p1a: Gliscor
|
|-weather|RainDance|[upkeep]
|-heal|p1a: Gliscor|91/100 tox|[from] ability: Poison Heal
|upkeep
|turn|11
|
|move|p2a: Sharpedo|Waterfall|p1a: Gliscor
|-supereffective|p1a: Gliscor
|-crit|p1a: Gliscor
|-end|p1a: Gliscor|Substitute
|-damage|p2a: Sharpedo|91/100|[from] item: Life Orb
|move|p1a: Gliscor|Toxic|p2a: Sharpedo
|-status|p2a: Sharpedo|tox
|
|-weather|RainDance|[upkeep]
|-damage|p2a: Sharpedo|84/100 tox|[from] psn
|-heal|p1a: Gliscor|100/100 tox|[from] ability: Poison Heal
|-ability|p2a: Sharpedo|Speed Boost|boost
|-boost|p2a: Sharpedo|spe|1
|upkeep
|turn|12
|
|move|p1a: Gliscor|Protect|p1a: Gliscor
|-singleturn|p1a: Gliscor|Protect
|move|p2a: Sharpedo|Crunch|p1a: Gliscor
|-activate|p1a: Gliscor|move: Protect
|
|-weather|RainDance|[upkeep]
|-damage|p2a: Sharpedo|72/100 tox|[from] psn
|-ability|p2a: Sharpedo|Speed Boost|boost
|-boost|p2a: Sharpedo|spe|1
|upkeep
|turn|13
|
|switch|p1a: Tyranitar|Tyranitar, M|100/100
|-weather|Sandstorm|[from] ability: Sand Stream|[of] p1a: Tyranitar
|move|p2a: Sharpedo|Waterfall|p1a: Tyranitar
|-supereffective|p1a: Tyranitar
|-damage|p1a: Tyranitar|12/100
|-damage|p2a: Sharpedo|62/100 tox|[from] item: Life Orb
|
|-weather|Sandstorm|[upkeep]
|-damage|p2a: Sharpedo|56/100 tox|[from] Sandstorm
|-damage|p2a: Sharpedo|38/100 tox|[from] psn
|-ability|p2a: Sharpedo|Speed Boost|boost
|-boost|p2a: Sharpedo|spe|1
|upkeep
|turn|14
|
|switch|p1a: Gastrodon|Gastrodon, M|54/100
|move|p2a: Sharpedo|Crunch|p1a: Gastrodon
|-damage|p1a: Gastrodon|14/100
|-damage|p2a: Sharpedo|28/100 tox|[from] item: Life Orb
|
|-weather|Sandstorm|[upkeep]
|-damage|p2a: Sharpedo|22/100 tox|[from] Sandstorm
|-heal|p1a: Gastrodon|20/100|[from] item: Leftovers
|-damage|p2a: Sharpedo|0 fnt|[from] psn
|upkeep
|faint|p2a: Sharpedo
|inactive|sycam has 135 seconds left.
|
|switch|p2a: Terrakion|Terrakion|100/100
|turn|15
|
|move|p2a: Terrakion|Close Combat|p1a: Gastrodon
|-damage|p1a: Gastrodon|0 fnt
|-unboost|p2a: Terrakion|def|1
|-unboost|p2a: Terrakion|spd|1
|faint|p1a: Gastrodon
|
|-weather|Sandstorm|[upkeep]
|upkeep
|
|switch|p1a: Gliscor|Gliscor, F, shiny|100/100 tox
|turn|16
|
|move|p2a: Terrakion|Taunt|p1a: Gliscor
|-start|p1a: Gliscor|move: Taunt
|move|p1a: Gliscor|Earthquake|p2a: Terrakion
|-supereffective|p2a: Terrakion
|-enditem|p2a: Terrakion|Focus Sash
|-damage|p2a: Terrakion|1/100
|
|-weather|Sandstorm|[upkeep]
|upkeep
|turn|17
|
|move|p2a: Terrakion|Stealth Rock|p1a: Gliscor
|-sidestart|p1: Trepmaws|move: Stealth Rock
|move|p1a: Gliscor|Earthquake|p2a: Terrakion
|-supereffective|p2a: Terrakion
|-damage|p2a: Terrakion|0 fnt
|faint|p2a: Terrakion
|
|-weather|Sandstorm|[upkeep]
|upkeep
|
|switch|p2a: Politoed|Politoed, F|100/100
|-weather|RainDance|[from] ability: Drizzle|[of] p2a: Politoed
|turn|18
|
|switch|p1a: Tyranitar|Tyranitar, M|12/100
|-damage|p1a: Tyranitar|0 fnt|[from] Stealth Rock
|faint|p1a: Tyranitar
|move|p2a: Politoed|Hydro Pump|p1: Tyranitar|[notarget]
|-notarget
|
|-weather|RainDance|[upkeep]
|upkeep
|
|switch|p1a: Keldeo|Keldeo|100/100
|-damage|p1a: Keldeo|94/100|[from] Stealth Rock
|turn|19
|
|switch|p2a: Celebi|Celebi|66/100
|move|p1a: Keldeo|Icy Wind|p2a: Celebi
|-supereffective|p2a: Celebi
|-damage|p2a: Celebi|13/100
|-unboost|p2a: Celebi|spe|1
|
|-weather|RainDance|[upkeep]
|-heal|p2a: Celebi|19/100|[from] item: Leftovers
|upkeep
|turn|20
|
|switch|p1a: Gliscor|Gliscor, F, shiny|100/100 tox
|-damage|p1a: Gliscor|88/100 tox|[from] Stealth Rock
|switch|p2a: Jirachi|Jirachi|100/100
|
|-weather|RainDance|[upkeep]
|-heal|p1a: Gliscor|100/100 tox|[from] ability: Poison Heal
|upkeep
|turn|21
|
|switch|p2a: Celebi|Celebi|19/100
|move|p1a: Gliscor|Earthquake|p2a: Celebi
|-resisted|p2a: Celebi
|-damage|p2a: Celebi|9/100
|
|-weather|RainDance|[upkeep]
|-heal|p2a: Celebi|15/100|[from] item: Leftovers
|upkeep
|turn|22
|
|move|p1a: Gliscor|Substitute|p1a: Gliscor
|-start|p1a: Gliscor|Substitute
|-damage|p1a: Gliscor|75/100 tox
|move|p2a: Celebi|Recover|p2a: Celebi
|-heal|p2a: Celebi|66/100
|
|-weather|RainDance|[upkeep]
|-heal|p2a: Celebi|72/100|[from] item: Leftovers
|-heal|p1a: Gliscor|88/100 tox|[from] ability: Poison Heal
|upkeep
|turn|23
|
|move|p1a: Gliscor|Toxic|p2a: Celebi
|-status|p2a: Celebi|tox
|move|p2a: Celebi|Recover|p2a: Celebi
|-heal|p2a: Celebi|100/100 tox
|
|-weather|RainDance|[upkeep]
|-heal|p1a: Gliscor|100/100 tox|[from] ability: Poison Heal
|-damage|p2a: Celebi|94/100 tox|[from] psn
|upkeep
|turn|24
|
|move|p1a: Gliscor|Earthquake|p2a: Celebi
|-resisted|p2a: Celebi
|-damage|p2a: Celebi|85/100 tox
|move|p2a: Celebi|Zen Headbutt|p1a: Gliscor
|-activate|p1a: Gliscor|Substitute|[damage]
|
|-weather|RainDance|[upkeep]
|-heal|p2a: Celebi|91/100 tox|[from] item: Leftovers
|-damage|p2a: Celebi|78/100 tox|[from] psn
|upkeep
|turn|25
|
|move|p1a: Gliscor|Earthquake|p2a: Celebi
|-resisted|p2a: Celebi
|-damage|p2a: Celebi|68/100 tox
|move|p2a: Celebi|Zen Headbutt|p1a: Gliscor
|-end|p1a: Gliscor|Substitute
|
|-weather|RainDance|[upkeep]
|-heal|p2a: Celebi|74/100 tox|[from] item: Leftovers
|-damage|p2a: Celebi|56/100 tox|[from] psn
|upkeep
|turn|26
|
|move|p1a: Gliscor|Substitute|p1a: Gliscor
|-start|p1a: Gliscor|Substitute
|-damage|p1a: Gliscor|75/100 tox
|move|p2a: Celebi|Recover|p2a: Celebi
|-heal|p2a: Celebi|100/100 tox
|
|-weather|RainDance|[upkeep]
|-heal|p1a: Gliscor|88/100 tox|[from] ability: Poison Heal
|-damage|p2a: Celebi|76/100 tox|[from] psn
|upkeep
|turn|27
|
|move|p1a: Gliscor|Earthquake|p2a: Celebi
|-resisted|p2a: Celebi
|-crit|p2a: Celebi
|-damage|p2a: Celebi|56/100 tox
|move|p2a: Celebi|Baton Pass|p2a: Celebi
|
|-curestatus|p2a: Celebi|tox|[from] ability: Natural Cure
|switch|p2a: Thundurus|Thundurus-Therian, M|63/100 tox
|
|-weather|RainDance|[upkeep]
|-heal|p1a: Gliscor|100/100 tox|[from] ability: Poison Heal
|-damage|p2a: Thundurus|57/100 tox|[from] psn
|upkeep
|turn|28
|
|switch|p2a: Celebi|Celebi|56/100
|move|p1a: Gliscor|Protect|p1a: Gliscor
|-fail|p1a: Gliscor
|
|-weather|RainDance|[upkeep]
|-heal|p2a: Celebi|62/100|[from] item: Leftovers
|upkeep
|turn|29
|
|move|p1a: Gliscor|Toxic|p2a: Celebi
|-status|p2a: Celebi|tox
|move|p2a: Celebi|Recover|p2a: Celebi
|-heal|p2a: Celebi|100/100 tox
|
|-weather|RainDance|[upkeep]
|-damage|p2a: Celebi|94/100 tox|[from] psn
|upkeep
|turn|30
|
|move|p1a: Gliscor|Earthquake|p2a: Celebi
|-resisted|p2a: Celebi
|-damage|p2a: Celebi|85/100 tox
|move|p2a: Celebi|Baton Pass|p2a: Celebi
|
|-curestatus|p2a: Celebi|tox|[from] ability: Natural Cure
|switch|p2a: Jirachi|Jirachi|100/100
|
|-weather|RainDance|[upkeep]
|upkeep
|turn|31
|
|move|p2a: Jirachi|U-turn|p1a: Gliscor
|-resisted|p1a: Gliscor
|-activate|p1a: Gliscor|Substitute|[damage]
|
|switch|p2a: Celebi|Celebi|85/100
|move|p1a: Gliscor|Toxic|p2a: Celebi
|-status|p2a: Celebi|tox
|
|-weather|RainDance|[upkeep]
|-heal|p2a: Celebi|91/100 tox|[from] item: Leftovers
|-damage|p2a: Celebi|85/100 tox|[from] psn
|upkeep
|turn|32
|
|switch|p1a: Scizor|Scizor, M, shiny|100/100
|-damage|p1a: Scizor|88/100|[from] Stealth Rock
|move|p2a: Celebi|Baton Pass|p2a: Celebi
|
|-curestatus|p2a: Celebi|tox|[from] ability: Natural Cure
|switch|p2a: Politoed|Politoed, F|100/100
|
|-weather|RainDance|[upkeep]
|upkeep
|turn|33
|
|move|p1a: Scizor|Bullet Punch|p2a: Politoed
|-resisted|p2a: Politoed
|-damage|p2a: Politoed|76/100
|move|p2a: Politoed|Hydro Pump|p1a: Scizor
|-damage|p1a: Scizor|0 fnt
|faint|p1a: Scizor
|
|-weather|RainDance|[upkeep]
|upkeep
|
|switch|p1a: Keldeo|Keldeo|94/100
|-damage|p1a: Keldeo|88/100|[from] Stealth Rock
|turn|34
|
|switch|p2a: Celebi|Celebi|85/100
|move|p1a: Keldeo|Secret Sword|p2a: Celebi
|-resisted|p2a: Celebi
|-damage|p2a: Celebi|64/100
|
|-weather|RainDance|[upkeep]
|-heal|p2a: Celebi|70/100|[from] item: Leftovers
|upkeep
|turn|35
|
|move|p1a: Keldeo|Secret Sword|p2a: Celebi
|-resisted|p2a: Celebi
|-damage|p2a: Celebi|51/100
|move|p2a: Celebi|Recover|p2a: Celebi
|-heal|p2a: Celebi|100/100
|
|-weather|RainDance|[upkeep]
|upkeep
|turn|36
|
|switch|p1a: Gliscor|Gliscor, F, shiny|100/100 tox
|-damage|p1a: Gliscor|88/100 tox|[from] Stealth Rock
|move|p2a: Celebi|Zen Headbutt|p1a: Gliscor
|-damage|p1a: Gliscor|68/100 tox
|
|-weather|RainDance|[upkeep]
|-heal|p1a: Gliscor|81/100 tox|[from] ability: Poison Heal
|upkeep
|turn|37
|
|move|p1a: Gliscor|Substitute|p1a: Gliscor
|-start|p1a: Gliscor|Substitute
|-damage|p1a: Gliscor|56/100 tox
|move|p2a: Celebi|Zen Headbutt|p1a: Gliscor
|-activate|p1a: Gliscor|Substitute|[damage]
|
|-weather|RainDance|[upkeep]
|-heal|p1a: Gliscor|68/100 tox|[from] ability: Poison Heal
|upkeep
|turn|38
|
|move|p1a: Gliscor|Toxic|p2a: Celebi|[miss]
|-miss|p1a: Gliscor|p2a: Celebi
|move|p2a: Celebi|Zen Headbutt|p1a: Gliscor
|-end|p1a: Gliscor|Substitute
|
|-weather|RainDance|[upkeep]
|-heal|p1a: Gliscor|81/100 tox|[from] ability: Poison Heal
|upkeep
|turn|39
|
|move|p1a: Gliscor|Toxic|p2a: Celebi
|-status|p2a: Celebi|tox
|move|p2a: Celebi|Swords Dance|p2a: Celebi
|-boost|p2a: Celebi|atk|2
|
|-weather|RainDance|[upkeep]
|-heal|p1a: Gliscor|93/100 tox|[from] ability: Poison Heal
|-damage|p2a: Celebi|94/100 tox|[from] psn
|upkeep
|turn|40
|
|move|p1a: Gliscor|Substitute|p1a: Gliscor
|-start|p1a: Gliscor|Substitute
|-damage|p1a: Gliscor|68/100 tox
|move|p2a: Celebi|Zen Headbutt|p1a: Gliscor
|-end|p1a: Gliscor|Substitute
|
|-weather|RainDance|[upkeep]
|-heal|p2a: Celebi|100/100 tox|[from] item: Leftovers
|-heal|p1a: Gliscor|81/100 tox|[from] ability: Poison Heal
|-damage|p2a: Celebi|88/100 tox|[from] psn
|upkeep
|turn|41
|
|move|p1a: Gliscor|Protect|p1a: Gliscor
|-singleturn|p1a: Gliscor|Protect
|move|p2a: Celebi|Zen Headbutt|p1a: Gliscor
|-activate|p1a: Gliscor|move: Protect
|
|-weather|RainDance|[upkeep]
|-heal|p2a: Celebi|94/100 tox|[from] item: Leftovers
|-heal|p1a: Gliscor|93/100 tox|[from] ability: Poison Heal
|-damage|p2a: Celebi|76/100 tox|[from] psn
|upkeep
|turn|42
|
|move|p1a: Gliscor|Substitute|p1a: Gliscor
|-start|p1a: Gliscor|Substitute
|-damage|p1a: Gliscor|68/100 tox
|move|p2a: Celebi|Zen Headbutt|p1a: Gliscor
|-crit|p1a: Gliscor
|-end|p1a: Gliscor|Substitute
|
|-weather|RainDance|[upkeep]
|-heal|p2a: Celebi|82/100 tox|[from] item: Leftovers
|-heal|p1a: Gliscor|81/100 tox|[from] ability: Poison Heal
|-damage|p2a: Celebi|57/100 tox|[from] psn
|upkeep
|turn|43
|inactive|Trepmaws has 135 seconds left.
|
|move|p1a: Gliscor|Substitute|p1a: Gliscor
|-start|p1a: Gliscor|Substitute
|-damage|p1a: Gliscor|56/100 tox
|move|p2a: Celebi|Baton Pass|p2a: Celebi
|
|-curestatus|p2a: Celebi|tox|[from] ability: Natural Cure
|switch|p2a: Jirachi|Jirachi|100/100
|
|-weather|RainDance|[upkeep]
|-heal|p1a: Gliscor|68/100 tox|[from] ability: Poison Heal
|upkeep
|turn|44
|
|move|p2a: Jirachi|U-turn|p1a: Gliscor
|-resisted|p1a: Gliscor
|-crit|p1a: Gliscor
|-activate|p1a: Gliscor|Substitute|[damage]
|
|switch|p2a: Celebi|Celebi|57/100
|move|p1a: Gliscor|Toxic|p2a: Celebi
|-status|p2a: Celebi|tox
|
|-weather|RainDance|[upkeep]
|-heal|p2a: Celebi|63/100 tox|[from] item: Leftovers
|-heal|p1a: Gliscor|81/100 tox|[from] ability: Poison Heal
|-damage|p2a: Celebi|57/100 tox|[from] psn
|upkeep
|turn|45
|
|move|p1a: Gliscor|Earthquake|p2a: Celebi
|-resisted|p2a: Celebi
|-damage|p2a: Celebi|47/100 tox
|move|p2a: Celebi|Recover|p2a: Celebi
|-heal|p2a: Celebi|97/100 tox
|
|-weather|RainDance|[upkeep]
|-heal|p2a: Celebi|100/100 tox|[from] item: Leftovers
|-heal|p1a: Gliscor|93/100 tox|[from] ability: Poison Heal
|-damage|p2a: Celebi|88/100 tox|[from] psn
|upkeep
|turn|46
|
|move|p1a: Gliscor|Protect|p1a: Gliscor
|-singleturn|p1a: Gliscor|Protect
|move|p2a: Celebi|Baton Pass|p2a: Celebi
|
|-curestatus|p2a: Celebi|tox|[from] ability: Natural Cure
|switch|p2a: Jirachi|Jirachi|100/100
|
|-weather|RainDance|[upkeep]
|-heal|p1a: Gliscor|100/100 tox|[from] ability: Poison Heal
|upkeep
|turn|47
|
|move|p2a: Jirachi|U-turn|p1a: Gliscor
|-resisted|p1a: Gliscor
|-end|p1a: Gliscor|Substitute
|
|switch|p2a: Celebi|Celebi|88/100
|move|p1a: Gliscor|Earthquake|p2a: Celebi
|-resisted|p2a: Celebi
|-damage|p2a: Celebi|78/100
|
|-weather|RainDance|[upkeep]
|-heal|p2a: Celebi|85/100|[from] item: Leftovers
|upkeep
|turn|48
|
|move|p1a: Gliscor|Toxic|p2a: Celebi
|-status|p2a: Celebi|tox
|move|p2a: Celebi|Zen Headbutt|p1a: Gliscor
|-damage|p1a: Gliscor|80/100 tox
|
|-weather|RainDance|[upkeep]
|-heal|p2a: Celebi|91/100 tox|[from] item: Leftovers
|-heal|p1a: Gliscor|92/100 tox|[from] ability: Poison Heal
|-damage|p2a: Celebi|85/100 tox|[from] psn
|upkeep
|turn|49
|
|move|p1a: Gliscor|Earthquake|p2a: Celebi
|-resisted|p2a: Celebi
|-crit|p2a: Celebi
|-damage|p2a: Celebi|65/100 tox
|move|p2a: Celebi|Baton Pass|p2a: Celebi
|
|-curestatus|p2a: Celebi|tox|[from] ability: Natural Cure
|switch|p2a: Jirachi|Jirachi|100/100
|
|-weather|RainDance|[upkeep]
|-heal|p1a: Gliscor|100/100 tox|[from] ability: Poison Heal
|upkeep
|turn|50
|inactive|Trepmaws has 135 seconds left.
|
|move|p2a: Jirachi|U-turn|p1a: Gliscor
|-resisted|p1a: Gliscor
|-damage|p1a: Gliscor|95/100 tox
|
|switch|p2a: Celebi|Celebi|65/100
|move|p1a: Gliscor|Toxic|p2a: Celebi
|-status|p2a: Celebi|tox
|
|-weather|RainDance|[upkeep]
|-heal|p2a: Celebi|71/100 tox|[from] item: Leftovers
|-heal|p1a: Gliscor|100/100 tox|[from] ability: Poison Heal
|-damage|p2a: Celebi|65/100 tox|[from] psn
|upkeep
|turn|51
|
|switch|p1a: Terrakion|Terrakion|100/100
|-damage|p1a: Terrakion|94/100|[from] Stealth Rock
|move|p2a: Celebi|Recover|p2a: Celebi
|-heal|p2a: Celebi|100/100 tox
|
|-weather|RainDance|[upkeep]
|-damage|p2a: Celebi|88/100 tox|[from] psn
|upkeep
|turn|52
|
|move|p1a: Terrakion|X-Scissor|p2a: Celebi
|-supereffective|p2a: Celebi
|-damage|p2a: Celebi|17/100 tox
|move|p2a: Celebi|Zen Headbutt|p1a: Terrakion
|-supereffective|p1a: Terrakion
|-damage|p1a: Terrakion|36/100
|
|-weather|RainDance|[upkeep]
|-heal|p2a: Celebi|23/100 tox|[from] item: Leftovers
|-damage|p2a: Celebi|4/100 tox|[from] psn
|upkeep
|turn|53
|
|-curestatus|p2a: Celebi|tox|[from] ability: Natural Cure
|switch|p2a: Jirachi|Jirachi|100/100
|move|p1a: Terrakion|X-Scissor|p2a: Jirachi
|-damage|p2a: Jirachi|76/100
|
|-weather|RainDance|[upkeep]
|-heal|p2a: Jirachi|82/100|[from] item: Leftovers
|upkeep
|turn|54
|
|switch|p1a: Gliscor|Gliscor, F, shiny|100/100 tox
|-damage|p1a: Gliscor|88/100 tox|[from] Stealth Rock
|move|p2a: Jirachi|Iron Head|p1a: Gliscor
|-damage|p1a: Gliscor|69/100 tox
|
|-weather|RainDance|[upkeep]
|-heal|p2a: Jirachi|88/100|[from] item: Leftovers
|-heal|p1a: Gliscor|82/100 tox|[from] ability: Poison Heal
|upkeep
|turn|55
|
|switch|p2a: Politoed|Politoed, F|76/100
|move|p1a: Gliscor|Earthquake|p2a: Politoed
|-damage|p2a: Politoed|30/100
|
|-weather|RainDance|[upkeep]
|-heal|p1a: Gliscor|94/100 tox|[from] ability: Poison Heal
|upkeep
|turn|56
|
|move|p1a: Gliscor|Earthquake|p2a: Politoed
|-damage|p2a: Politoed|0 fnt
|faint|p2a: Politoed
|
|-weather|RainDance|[upkeep]
|-heal|p1a: Gliscor|100/100 tox|[from] ability: Poison Heal
|upkeep
|
|switch|p2a: Jirachi|Jirachi|88/100
|turn|57
|
|move|p2a: Jirachi|U-turn|p1a: Gliscor
|-resisted|p1a: Gliscor
|-damage|p1a: Gliscor|95/100 tox
|
|switch|p2a: Thundurus|Thundurus-Therian, M|57/100 tox
|move|p1a: Gliscor|Earthquake|p2a: Thundurus
|-immune|p2a: Thundurus|[msg]
|
|-weather|RainDance|[upkeep]
|-heal|p1a: Gliscor|100/100 tox|[from] ability: Poison Heal
|-damage|p2a: Thundurus|50/100 tox|[from] psn
|upkeep
|turn|58
|
|move|p1a: Gliscor|Substitute|p1a: Gliscor
|-start|p1a: Gliscor|Substitute
|-damage|p1a: Gliscor|75/100 tox
|move|p2a: Thundurus|Hidden Power|p1a: Gliscor
|-supereffective|p1a: Gliscor
|-end|p1a: Gliscor|Substitute
|
|-weather|RainDance|[upkeep]
|-heal|p1a: Gliscor|88/100 tox|[from] ability: Poison Heal
|-damage|p2a: Thundurus|38/100 tox|[from] psn
|upkeep
|turn|59
|
|move|p1a: Gliscor|Substitute|p1a: Gliscor
|-start|p1a: Gliscor|Substitute
|-damage|p1a: Gliscor|63/100 tox
|move|p2a: Thundurus|Hidden Power|p1a: Gliscor
|-supereffective|p1a: Gliscor
|-end|p1a: Gliscor|Substitute
|
|-weather|RainDance|[upkeep]
|-heal|p1a: Gliscor|75/100 tox|[from] ability: Poison Heal
|-damage|p2a: Thundurus|19/100 tox|[from] psn
|upkeep
|turn|60
|
|switch|p2a: Jirachi|Jirachi|88/100
|move|p1a: Gliscor|Protect|p1a: Gliscor
|-fail|p1a: Gliscor
|
|-weather|RainDance|[upkeep]
|-heal|p2a: Jirachi|95/100|[from] item: Leftovers
|-heal|p1a: Gliscor|88/100 tox|[from] ability: Poison Heal
|upkeep
|turn|61
|
|move|p2a: Jirachi|Iron Head|p1a: Gliscor
|-damage|p1a: Gliscor|70/100 tox
|cant|p1a: Gliscor|flinch
|
|-weather|RainDance|[upkeep]
|-heal|p2a: Jirachi|100/100|[from] item: Leftovers
|-heal|p1a: Gliscor|82/100 tox|[from] ability: Poison Heal
|upkeep
|turn|62
|
|move|p2a: Jirachi|Iron Head|p1a: Gliscor
|-damage|p1a: Gliscor|62/100 tox
|move|p1a: Gliscor|Earthquake|p2a: Jirachi
|-supereffective|p2a: Jirachi
|-damage|p2a: Jirachi|43/100
|
|-weather|RainDance|[upkeep]
|-heal|p2a: Jirachi|49/100|[from] item: Leftovers
|-heal|p1a: Gliscor|74/100 tox|[from] ability: Poison Heal
|upkeep
|turn|63
|
|move|p2a: Jirachi|U-turn|p1a: Gliscor
|-resisted|p1a: Gliscor
|-damage|p1a: Gliscor|69/100 tox
|
|switch|p2a: Thundurus|Thundurus-Therian, M|19/100 tox
|move|p1a: Gliscor|Earthquake|p2a: Thundurus
|-immune|p2a: Thundurus|[msg]
|
|-weather|RainDance|[upkeep]
|-heal|p1a: Gliscor|81/100 tox|[from] ability: Poison Heal
|-damage|p2a: Thundurus|13/100 tox|[from] psn
|upkeep
|turn|64
|
|switch|p1a: Terrakion|Terrakion|36/100
|-damage|p1a: Terrakion|30/100|[from] Stealth Rock
|move|p2a: Thundurus|Hidden Power|p1a: Terrakion
|-damage|p1a: Terrakion|0 fnt
|faint|p1a: Terrakion
|
|-weather|RainDance|[upkeep]
|-damage|p2a: Thundurus|0 fnt|[from] psn
|upkeep
|faint|p2a: Thundurus
|
|switch|p1a: Keldeo|Keldeo|88/100
|switch|p2a: Jirachi|Jirachi|49/100
|-damage|p1a: Keldeo|82/100|[from] Stealth Rock
|turn|65
|inactive|Trepmaws has 135 seconds left.
|inactive|Trepmaws has 120 seconds left.
|
|move|p1a: Keldeo|Surf|p2a: Jirachi
|-damage|p2a: Jirachi|0 fnt
|faint|p2a: Jirachi
|
|-weather|RainDance|[upkeep]
|upkeep
|-message|sycam forfeited.
|
|win|Trepmaws
|l|☆sycam
|raw|Trepmaws's rating: 1416 &rarr; <strong>1430</strong><br />(+14 for winning)
|raw|sycam's rating: 1307 &rarr; <strong>1293</strong><br />(-14 for losing)
