|j|☆BWVC BookofConke
|j|‽banlangen
|t:|1717244179
|gametype|singles
|player|p1|BWVC BookofConke|silver-masters|1378
|player|p2|banlangen|170|1263
|teamsize|p1|6
|teamsize|p2|6
|gen|5
|tier|[Gen 5] OU
|rated|
|rule|Species Clause: Limit one of each Pokémon
|rule|OHKO Clause: OHKO moves are banned
|rule|Moody Clause: Moody is banned
|rule|Evasion Items Clause: Evasion items are banned
|rule|Evasion Moves Clause: Evasion moves are banned
|rule|Endless Battle Clause: Forcing endless battles is banned
|rule|HP Percentage Mod: HP is shown in percentages
|rule|Evasion Abilities Clause: Evasion abilities are banned
|rule|Sleep Moves Clause: Sleep-inducing moves are banned
|rule|Swagger Clause: Swagger is banned
|rule|Baton Pass Stat Clause: No Baton Passer may have a way to boost its stats
|clearpoke
|poke|p1|Tyranitar, M|item
|poke|p1|Latios, M|item
|poke|p1|Volcarona, M|item
|poke|p1|Seismitoad, F|item
|poke|p1|Landorus-Therian, M|item
|poke|p1|Excadrill, M|item
|poke|p2|Bisharp, F|item
|poke|p2|Landorus-Therian, M|item
|poke|p2|Scizor, F|item
|poke|p2|Rotom-Wash|item
|poke|p2|Excadrill, M|item
|poke|p2|Magnezone|item
|teampreview
|inactive|Battle timer is ON: inactive players will automatically lose when time's up. (requested by banlangen)
|
|t:|1717244212
|start
|switch|p1a: Latios|Latios, M|100/100
|switch|p2a: Landorus|Landorus-Therian, M|100/100
|-ability|p2a: Landorus|Intimidate|boost
|-unboost|p1a: Latios|atk|1
|turn|1
|
|t:|1717244224
|switch|p2a: Scizor|Scizor, F|100/100
|move|p1a: Latios|Surf|p2a: Scizor
|-damage|p2a: Scizor|66/100
|
|-heal|p2a: Scizor|72/100|[from] item: Leftovers
|upkeep
|turn|2
|
|t:|1717244237
|move|p1a: Latios|Surf|p2a: Scizor
|-damage|p2a: Scizor|33/100
|move|p2a: Scizor|U-turn|p1a: Latios
|-supereffective|p1a: Latios
|-damage|p1a: Latios|14/100
|
|t:|1717244249
|switch|p2a: Rotom|Rotom-Wash|100/100|[from] U-turn
|
|upkeep
|turn|3
|
|t:|1717244255
|switch|p1a: Seismitoad|Seismitoad, F|100/100
|move|p2a: Rotom|Volt Switch|p1a: Seismitoad
|-immune|p1a: Seismitoad
|
|upkeep
|turn|4
|
|t:|1717244270
|move|p2a: Rotom|Will-O-Wisp|p1a: Seismitoad|[miss]
|-miss|p2a: Rotom|p1a: Seismitoad
|move|p1a: Seismitoad|Knock Off|p2a: Rotom
|-damage|p2a: Rotom|97/100
|-enditem|p2a: Rotom|Leftovers|[from] move: Knock Off|[of] p1a: Seismitoad
|
|upkeep
|turn|5
|
|t:|1717244278
|move|p2a: Rotom|Will-O-Wisp|p1a: Seismitoad|[miss]
|-miss|p2a: Rotom|p1a: Seismitoad
|move|p1a: Seismitoad|Scald|p2a: Rotom
|-resisted|p2a: Rotom
|-damage|p2a: Rotom|84/100
|
|upkeep
|turn|6
|
|t:|1717244285
|move|p2a: Rotom|Will-O-Wisp|p1a: Seismitoad
|-status|p1a: Seismitoad|brn
|move|p1a: Seismitoad|Scald|p2a: Rotom
|-resisted|p2a: Rotom
|-damage|p2a: Rotom|71/100
|-status|p2a: Rotom|brn
|
|-damage|p2a: Rotom|58/100 brn|[from] brn
|-damage|p1a: Seismitoad|88/100 brn|[from] brn
|upkeep
|turn|7
|
|t:|1717244296
|move|p2a: Rotom|Pain Split|p1a: Seismitoad
|-sethp|p1a: Seismitoad|65/100 brn|[from] move: Pain Split|[silent]
|-sethp|p2a: Rotom|89/100 brn|[from] move: Pain Split
|move|p1a: Seismitoad|Refresh|p1a: Seismitoad
|-curestatus|p1a: Seismitoad|brn|[msg]
|
|-heal|p1a: Seismitoad|71/100|[from] item: Leftovers
|-damage|p2a: Rotom|76/100 brn|[from] brn
|upkeep
|turn|8
|j| CertamenMeum
|
|t:|1717244322
|move|p1a: Seismitoad|Protect|p1a: Seismitoad
|-singleturn|p1a: Seismitoad|Protect
|move|p2a: Rotom|Will-O-Wisp|p1a: Seismitoad
|-activate|p1a: Seismitoad|move: Protect
|
|-heal|p1a: Seismitoad|77/100|[from] item: Leftovers
|-damage|p2a: Rotom|64/100 brn|[from] brn
|upkeep
|turn|9
|
|t:|1717244345
|move|p2a: Rotom|Will-O-Wisp|p1a: Seismitoad
|-status|p1a: Seismitoad|brn
|move|p1a: Seismitoad|Refresh|p1a: Seismitoad
|-curestatus|p1a: Seismitoad|brn|[msg]
|
|-heal|p1a: Seismitoad|84/100|[from] item: Leftovers
|-damage|p2a: Rotom|51/100 brn|[from] brn
|upkeep
|turn|10
|inactive|banlangen has 120 seconds left.
|
|t:|1717244372
|move|p1a: Seismitoad|Protect|p1a: Seismitoad
|-singleturn|p1a: Seismitoad|Protect
|move|p2a: Rotom|Pain Split|p1a: Seismitoad
|-activate|p1a: Seismitoad|move: Protect
|
|-heal|p1a: Seismitoad|90/100|[from] item: Leftovers
|-damage|p2a: Rotom|39/100 brn|[from] brn
|upkeep
|turn|11
|inactive|banlangen has 120 seconds left.
|
|t:|1717244383
|switch|p1a: Latios|Latios, M|14/100
|move|p2a: Rotom|Pain Split|p1a: Latios
|-sethp|p1a: Latios|26/100|[from] move: Pain Split|[silent]
|-sethp|p2a: Rotom|26/100 brn|[from] move: Pain Split
|
|-damage|p2a: Rotom|14/100 brn|[from] brn
|upkeep
|turn|12
|inactive|banlangen has 120 seconds left.
|
|t:|1717244400
|switch|p2a: Magnezone|Magnezone|100/100
|move|p1a: Latios|Surf|p2a: Magnezone
|-damage|p2a: Magnezone|68/100
|
|-heal|p2a: Magnezone|74/100|[from] item: Leftovers
|upkeep
|turn|13
|
|t:|1717244414
|switch|p1a: Seismitoad|Seismitoad, F|90/100
|move|p2a: Magnezone|Substitute|p2a: Magnezone
|-start|p2a: Magnezone|Substitute
|-damage|p2a: Magnezone|49/100
|
|-heal|p1a: Seismitoad|96/100|[from] item: Leftovers
|-heal|p2a: Magnezone|55/100|[from] item: Leftovers
|upkeep
|turn|14
|
|t:|1717244423
|move|p1a: Seismitoad|Scald|p2a: Magnezone
|-end|p2a: Magnezone|Substitute
|move|p2a: Magnezone|Flash Cannon|p1a: Seismitoad
|-resisted|p1a: Seismitoad
|-crit|p1a: Seismitoad
|-damage|p1a: Seismitoad|50/100
|
|-heal|p1a: Seismitoad|56/100|[from] item: Leftovers
|-heal|p2a: Magnezone|61/100|[from] item: Leftovers
|upkeep
|turn|15
|
|t:|1717244436
|move|p1a: Seismitoad|Scald|p2a: Magnezone
|-damage|p2a: Magnezone|36/100
|move|p2a: Magnezone|Flash Cannon|p1a: Seismitoad
|-resisted|p1a: Seismitoad
|-damage|p1a: Seismitoad|32/100
|
|-heal|p1a: Seismitoad|38/100|[from] item: Leftovers
|-heal|p2a: Magnezone|42/100|[from] item: Leftovers
|upkeep
|turn|16
|
|t:|1717244453
|move|p1a: Seismitoad|Scald|p2a: Magnezone
|-damage|p2a: Magnezone|19/100
|-status|p2a: Magnezone|brn
|move|p2a: Magnezone|Flash Cannon|p1a: Seismitoad
|-resisted|p1a: Seismitoad
|-damage|p1a: Seismitoad|13/100
|-unboost|p1a: Seismitoad|spd|1
|
|-heal|p1a: Seismitoad|19/100|[from] item: Leftovers
|-heal|p2a: Magnezone|25/100 brn|[from] item: Leftovers
|-damage|p2a: Magnezone|12/100 brn|[from] brn
|upkeep
|turn|17
|
|t:|1717244466
|move|p1a: Seismitoad|Protect|p1a: Seismitoad
|-singleturn|p1a: Seismitoad|Protect
|move|p2a: Magnezone|Flash Cannon|p1a: Seismitoad
|-activate|p1a: Seismitoad|move: Protect
|
|-heal|p1a: Seismitoad|25/100|[from] item: Leftovers
|-heal|p2a: Magnezone|19/100 brn|[from] item: Leftovers
|-damage|p2a: Magnezone|6/100 brn|[from] brn
|upkeep
|turn|18
|inactive|BWVC BookofConke has 120 seconds left.
|
|t:|1717244483
|switch|p1a: Excadrill|Excadrill, M|100/100
|move|p2a: Magnezone|Flash Cannon|p1a: Excadrill
|-resisted|p1a: Excadrill
|-damage|p1a: Excadrill|78/100
|-unboost|p1a: Excadrill|spd|1
|
|-heal|p1a: Excadrill|84/100|[from] item: Leftovers
|-heal|p2a: Magnezone|12/100 brn|[from] item: Leftovers
|-damage|p2a: Magnezone|0 fnt|[from] brn
|faint|p2a: Magnezone
|upkeep
|
|t:|1717244496
|switch|p2a: Landorus|Landorus-Therian, M|100/100
|-ability|p2a: Landorus|Intimidate|boost
|-unboost|p1a: Excadrill|atk|1
|turn|19
|
|t:|1717244508
|switch|p1a: Landorus|Landorus-Therian, M|100/100
|-ability|p1a: Landorus|Intimidate|boost
|-unboost|p2a: Landorus|atk|1
|move|p2a: Landorus|Stealth Rock|p1a: Landorus
|-sidestart|p1: BWVC BookofConke|move: Stealth Rock
|
|upkeep
|turn|20
|inactive|BWVC BookofConke has 120 seconds left.
|
|t:|1717244529
|move|p2a: Landorus|Hidden Power|p1a: Landorus
|-supereffective|p1a: Landorus
|-damage|p1a: Landorus|23/100
|move|p1a: Landorus|Stealth Rock|p2a: Landorus
|-sidestart|p2: banlangen|move: Stealth Rock
|
|-heal|p1a: Landorus|29/100|[from] item: Leftovers
|upkeep
|turn|21
|inactive|BWVC BookofConke has 120 seconds left.
|j| Basstard
|
|t:|1717244552
|switch|p1a: Seismitoad|Seismitoad, F|25/100
|-damage|p1a: Seismitoad|19/100|[from] Stealth Rock
|move|p2a: Landorus|Hidden Power|p1a: Seismitoad
|-damage|p1a: Seismitoad|2/100
|
|-heal|p1a: Seismitoad|8/100|[from] item: Leftovers
|upkeep
|turn|22
|
|t:|1717244562
|move|p1a: Seismitoad|Protect|p1a: Seismitoad
|-singleturn|p1a: Seismitoad|Protect
|move|p2a: Landorus|Hidden Power|p1a: Seismitoad
|-activate|p1a: Seismitoad|move: Protect
|
|-heal|p1a: Seismitoad|14/100|[from] item: Leftovers
|upkeep
|turn|23
|
|t:|1717244577
|move|p1a: Seismitoad|Protect||[still]
|-fail|p1a: Seismitoad
|move|p2a: Landorus|Hidden Power|p1a: Seismitoad
|-damage|p1a: Seismitoad|0 fnt
|faint|p1a: Seismitoad
|
|upkeep
|
|t:|1717244590
|switch|p1a: Latios|Latios, M|26/100
|-damage|p1a: Latios|14/100|[from] Stealth Rock
|turn|24
|
|t:|1717244604
|switch|p2a: Rotom|Rotom-Wash|14/100 brn
|-damage|p2a: Rotom|1/100 brn|[from] Stealth Rock
|move|p1a: Latios|Surf|p2a: Rotom
|-resisted|p2a: Rotom
|-damage|p2a: Rotom|0 fnt
|faint|p2a: Rotom
|
|upkeep
|
|t:|1717244624
|switch|p2a: Scizor|Scizor, F|33/100
|-damage|p2a: Scizor|21/100|[from] Stealth Rock
|turn|25
|inactive|BWVC BookofConke has 120 seconds left.
|
|t:|1717244641
|switch|p1a: Landorus|Landorus-Therian, M|29/100
|-damage|p1a: Landorus|17/100|[from] Stealth Rock
|-ability|p1a: Landorus|Intimidate|boost
|-unboost|p2a: Scizor|atk|1
|move|p2a: Scizor|Bullet Punch|p1a: Landorus
|-damage|p1a: Landorus|0 fnt
|faint|p1a: Landorus
|
|-heal|p2a: Scizor|27/100|[from] item: Leftovers
|upkeep
|
|t:|1717244654
|switch|p1a: Excadrill|Excadrill, M|84/100
|-damage|p1a: Excadrill|81/100|[from] Stealth Rock
|turn|26
|
|t:|1717244665
|move|p1a: Excadrill|Rapid Spin|p2a: Scizor
|-resisted|p2a: Scizor
|-damage|p2a: Scizor|25/100
|-sideend|p1: BWVC BookofConke|Stealth Rock|[from] move: Rapid Spin|[of] p1a: Excadrill
|move|p2a: Scizor|U-turn|p1a: Excadrill
|-resisted|p1a: Excadrill
|-damage|p1a: Excadrill|67/100
|
|t:|1717244676
|switch|p2a: Landorus|Landorus-Therian, M|100/100|[from] U-turn
|-damage|p2a: Landorus|88/100|[from] Stealth Rock
|-ability|p2a: Landorus|Intimidate|boost
|-unboost|p1a: Excadrill|atk|1
|
|-heal|p2a: Landorus|94/100|[from] item: Leftovers
|-heal|p1a: Excadrill|74/100|[from] item: Leftovers
|upkeep
|turn|27
|
|t:|1717244698
|switch|p1a: Volcarona|Volcarona, M|100/100
|move|p2a: Landorus|Stealth Rock|p1a: Volcarona
|-sidestart|p1: BWVC BookofConke|move: Stealth Rock
|
|-heal|p2a: Landorus|99/100|[from] item: Leftovers
|upkeep
|turn|28
|
|t:|1717244711
|move|p2a: Landorus|Earthquake|p1a: Volcarona
|-damage|p1a: Volcarona|9/100
|move|p1a: Volcarona|Quiver Dance|p1a: Volcarona
|-boost|p1a: Volcarona|spa|1
|-boost|p1a: Volcarona|spd|1
|-boost|p1a: Volcarona|spe|1
|
|-heal|p2a: Landorus|100/100|[from] item: Leftovers
|upkeep
|turn|29
|
|t:|1717244721
|move|p1a: Volcarona|Fire Blast|p2a: Landorus
|-crit|p2a: Landorus
|-damage|p2a: Landorus|0 fnt
|faint|p2a: Landorus
|
|upkeep
|
|t:|1717244731
|switch|p2a: Scizor|Scizor, F|25/100
|-damage|p2a: Scizor|12/100|[from] Stealth Rock
|turn|30
|
|t:|1717244760
|switch|p1a: Excadrill|Excadrill, M|74/100
|-damage|p1a: Excadrill|71/100|[from] Stealth Rock
|move|p2a: Scizor|Bullet Punch|p1a: Excadrill
|-resisted|p1a: Excadrill
|-damage|p1a: Excadrill|52/100
|
|-heal|p1a: Excadrill|58/100|[from] item: Leftovers
|-heal|p2a: Scizor|18/100|[from] item: Leftovers
|upkeep
|turn|31
|inactive|BWVC BookofConke has 90 seconds left.
|
|t:|1717244777
|move|p1a: Excadrill|Earthquake|p2a: Scizor
|-crit|p2a: Scizor
|-damage|p2a: Scizor|0 fnt
|faint|p2a: Scizor
|
|-heal|p1a: Excadrill|65/100|[from] item: Leftovers
|upkeep
|
|t:|1717244784
|switch|p2a: Excadrill|Excadrill, M|100/100
|-damage|p2a: Excadrill|97/100|[from] Stealth Rock
|-ability|p2a: Excadrill|Mold Breaker
|turn|32
|
|t:|1717244799
|switch|p1a: Latios|Latios, M|14/100
|-damage|p1a: Latios|2/100|[from] Stealth Rock
|move|p2a: Excadrill|Earthquake|p1a: Latios
|-damage|p1a: Latios|0 fnt
|faint|p1a: Latios
|
|upkeep
|inactive|BWVC BookofConke has 90 seconds left.
|
|t:|1717244816
|switch|p1a: Excadrill|Excadrill, M|65/100
|-damage|p1a: Excadrill|62/100|[from] Stealth Rock
|turn|33
|inactive|BWVC BookofConke has 90 seconds left.
|
|t:|1717244823
|move|p2a: Excadrill|Earthquake|p1a: Excadrill
|-supereffective|p1a: Excadrill
|-damage|p1a: Excadrill|0 fnt
|faint|p1a: Excadrill
|
|upkeep
|l| CertamenMeum
|inactive|BWVC BookofConke has 90 seconds left.
|
|t:|1717244829
|switch|p1a: Tyranitar|Tyranitar, M|100/100
|-damage|p1a: Tyranitar|88/100|[from] Stealth Rock
|-weather|Sandstorm|[from] ability: Sand Stream|[of] p1a: Tyranitar
|turn|34
|
|t:|1717244835
|move|p2a: Excadrill|Earthquake|p1a: Tyranitar
|-supereffective|p1a: Tyranitar
|-damage|p1a: Tyranitar|11/100
|move|p1a: Tyranitar|Fire Blast|p2a: Excadrill
|-supereffective|p2a: Excadrill
|-damage|p2a: Excadrill|23/100
|
|-weather|Sandstorm|[upkeep]
|upkeep
|turn|35
|
|t:|1717244844
|move|p2a: Excadrill|Earthquake|p1a: Tyranitar
|-supereffective|p1a: Tyranitar
|-damage|p1a: Tyranitar|0 fnt
|faint|p1a: Tyranitar
|
|-weather|Sandstorm|[upkeep]
|upkeep
|
|t:|1717244852
|switch|p1a: Volcarona|Volcarona, M|9/100
|-damage|p1a: Volcarona|0 fnt|[from] Stealth Rock
|faint|p1a: Volcarona
|
|win|banlangen
|raw|BWVC BookofConke's rating: 1378 &rarr; <strong>1352</strong><br />(-26 for losing)
|raw|banlangen's rating: 1263 &rarr; <strong>1296</strong><br />(+33 for winning)
