|j|☆refsunpersons
|j|☆Invisible Enemy
|player|p1|refsunpersons|123
|player|p2|Invisible Enemy|52
|teamsize|p1|6
|teamsize|p2|6
|gametype|singles
|gen|5
|tier|[Gen 5] OU
|rated|
|rule|Sleep Clause Mod: Limit one foe put to sleep
|rule|Species Clause: Limit one of each Pokémon
|rule|OHKO Clause: OHKO moves are banned
|rule|Moody Clause: Moody is banned
|rule|Evasion Moves Clause: Evasion moves are banned
|rule|Endless Battle Clause: Forcing endless battles is banned
|rule|HP Percentage Mod: HP is shown in percentages
|rule|Evasion Abilities Clause: Evasion abilities are banned
|rule|Baton Pass Clause: Limit one Baton Passer, can't pass Spe and other stats simultaneously
|rule|Swagger Clause: Swagger is banned
|clearpoke
|poke|p1|Landorus-Therian, M|item
|poke|p1|Blissey, F|item
|poke|p1|Abomasnow, M|item
|poke|p1|Forretress, M|item
|poke|p1|Weavile, M|item
|poke|p1|Gothitelle, M|item
|poke|p2|Tyranitar, F|item
|poke|p2|Skarmory, M|item
|poke|p2|Garchomp, M|item
|poke|p2|Magnezone|item
|poke|p2|Latios, M|item
|poke|p2|Latias, F|item
|teampreview
|c|☆refsunpersons|gl hf
|c|☆Invisible Enemy|u2
|
|start
|switch|p1a: SIKORSKI|Landorus-Therian, M|100/100
|switch|p2a: Latios|Latios, M|100/100
|-ability|p1a: SIKORSKI|Intimidate|boost
|-unboost|p2a: Latios|atk|1
|turn|1
|
|switch|p2a: Skarmory|Skarmory, M|100/100
|switch|p1a: SPECK|Blissey, F|100/100
|
|upkeep
|turn|2
|
|move|p2a: Skarmory|Spikes|p1a: SPECK
|-sidestart|p1: refsunpersons|Spikes
|move|p1a: SPECK|Stealth Rock|p2a: Skarmory
|-sidestart|p2: Invisible Enemy|move: Stealth Rock
|
|upkeep
|turn|3
|
|switch|p2a: Tyranitar|Tyranitar, F|100/100
|-damage|p2a: Tyranitar|88/100|[from] Stealth Rock
|-weather|Sandstorm|[from] ability: Sand Stream|[of] p2a: Tyranitar
|move|p1a: SPECK|Seismic Toss|p2a: Tyranitar
|-damage|p2a: Tyranitar|63/100
|
|-weather|Sandstorm|[upkeep]
|-damage|p1a: SPECK|94/100|[from] Sandstorm
|-heal|p1a: SPECK|100/100|[from] item: Leftovers
|upkeep
|turn|4
|
|move|p2a: Tyranitar|Stealth Rock|p1a: SPECK
|-sidestart|p1: refsunpersons|move: Stealth Rock
|move|p1a: SPECK|Toxic|p2a: Tyranitar
|-status|p2a: Tyranitar|tox
|
|-weather|Sandstorm|[upkeep]
|-damage|p1a: SPECK|94/100|[from] Sandstorm
|-heal|p1a: SPECK|100/100|[from] item: Leftovers
|-damage|p2a: Tyranitar|57/100 tox|[from] psn
|upkeep
|turn|5
|
|switch|p1a: SIKORSKI|Landorus-Therian, M|100/100
|-damage|p1a: SIKORSKI|88/100|[from] Stealth Rock
|-ability|p1a: SIKORSKI|Intimidate|boost
|-unboost|p2a: Tyranitar|atk|1
|move|p2a: Tyranitar|Superpower|p1a: SIKORSKI
|-resisted|p1a: SIKORSKI
|-damage|p1a: SIKORSKI|75/100
|-unboost|p2a: Tyranitar|atk|1
|-unboost|p2a: Tyranitar|def|1
|
|-weather|Sandstorm|[upkeep]
|-heal|p1a: SIKORSKI|81/100|[from] item: Leftovers
|-damage|p2a: Tyranitar|45/100 tox|[from] psn
|upkeep
|turn|6
|
|switch|p1a: KAIOH DORIAN|Abomasnow, M|100/100
|-damage|p1a: KAIOH DORIAN|76/100|[from] Stealth Rock
|-damage|p1a: KAIOH DORIAN|63/100|[from] Spikes
|-weather|Hail|[from] ability: Snow Warning|[of] p1a: KAIOH DORIAN
|switch|p2a: Garchomp|Garchomp, M, shiny|100/100
|-damage|p2a: Garchomp|94/100|[from] Stealth Rock
|
|-weather|Hail|[upkeep]
|-damage|p2a: Garchomp|88/100|[from] Hail
|-heal|p1a: KAIOH DORIAN|69/100|[from] item: Leftovers
|upkeep
|turn|7
|
|switch|p2a: Magnezone|Magnezone, shiny|100/100
|-damage|p2a: Magnezone|94/100|[from] Stealth Rock
|switch|p1a: SIKORSKI|Landorus-Therian, M|81/100
|-damage|p1a: SIKORSKI|69/100|[from] Stealth Rock
|-ability|p1a: SIKORSKI|Intimidate|boost
|-unboost|p2a: Magnezone|atk|1
|
|-weather|Hail|[upkeep]
|-damage|p1a: SIKORSKI|63/100|[from] Hail
|-damage|p2a: Magnezone|88/100|[from] Hail
|-heal|p1a: SIKORSKI|69/100|[from] item: Leftovers
|upkeep
|turn|8
|
|switch|p2a: Garchomp|Garchomp, M, shiny|88/100
|-damage|p2a: Garchomp|82/100|[from] Stealth Rock
|move|p1a: SIKORSKI|Superpower|p2a: Garchomp
|-damage|p2a: Garchomp|44/100
|-damage|p1a: SIKORSKI|56/100|[from] ability: Rough Skin|[of] p2a: Garchomp
|-unboost|p1a: SIKORSKI|atk|1
|-unboost|p1a: SIKORSKI|def|1
|
|-weather|Hail|[upkeep]
|-damage|p2a: Garchomp|38/100|[from] Hail
|-damage|p1a: SIKORSKI|50/100|[from] Hail
|-heal|p1a: SIKORSKI|56/100|[from] item: Leftovers
|upkeep
|turn|9
|
|switch|p1a: MISTER UNCHAINED|Forretress, M|100/100
|-damage|p1a: MISTER UNCHAINED|88/100|[from] Stealth Rock
|-damage|p1a: MISTER UNCHAINED|76/100|[from] Spikes
|move|p2a: Garchomp|Dual Chop|p1a: MISTER UNCHAINED
|-resisted|p1a: MISTER UNCHAINED
|-damage|p1a: MISTER UNCHAINED|69/100
|-resisted|p1a: MISTER UNCHAINED
|-damage|p1a: MISTER UNCHAINED|62/100
|-hitcount|p1a: MISTER UNCHAINED|2
|
|-weather|Hail|[upkeep]
|-damage|p2a: Garchomp|32/100|[from] Hail
|-heal|p1a: MISTER UNCHAINED|68/100|[from] item: Leftovers
|upkeep
|turn|10
|
|switch|p2a: Magnezone|Magnezone, shiny|88/100
|-damage|p2a: Magnezone|82/100|[from] Stealth Rock
|switch|p1a: MISTER DOYLE|Gothitelle, M|100/100
|-damage|p1a: MISTER DOYLE|88/100|[from] Spikes
|-damage|p1a: MISTER DOYLE|76/100|[from] Stealth Rock
|
|-weather|Hail|[upkeep]
|-damage|p1a: MISTER DOYLE|70/100|[from] Hail
|-damage|p2a: Magnezone|76/100|[from] Hail
|upkeep
|turn|11
|
|move|p1a: MISTER DOYLE|Hidden Power|p2a: Magnezone
|-supereffective|p2a: Magnezone
|-damage|p2a: Magnezone|19/100
|move|p2a: Magnezone|Volt Switch|p1a: MISTER DOYLE
|-damage|p1a: MISTER DOYLE|9/100
|
|switch|p2a: Latias|Latias, F|100/100
|-damage|p2a: Latias|88/100|[from] Stealth Rock
|
|-weather|Hail|[upkeep]
|-damage|p1a: MISTER DOYLE|3/100|[from] Hail
|-damage|p2a: Latias|82/100|[from] Hail
|-heal|p2a: Latias|88/100|[from] item: Leftovers
|upkeep
|turn|12
|
|switch|p1a: MISTER UNCHAINED|Forretress, M|68/100
|-damage|p1a: MISTER UNCHAINED|56/100|[from] Stealth Rock
|-damage|p1a: MISTER UNCHAINED|44/100|[from] Spikes
|move|p2a: Latias|Substitute|p2a: Latias
|-start|p2a: Latias|Substitute
|-damage|p2a: Latias|63/100
|
|-weather|Hail|[upkeep]
|-damage|p2a: Latias|57/100|[from] Hail
|-heal|p2a: Latias|63/100|[from] item: Leftovers
|-heal|p1a: MISTER UNCHAINED|50/100|[from] item: Leftovers
|upkeep
|turn|13
|
|switch|p2a: Magnezone|Magnezone, shiny|19/100
|-damage|p2a: Magnezone|13/100|[from] Stealth Rock
|move|p1a: MISTER UNCHAINED|Rapid Spin|p2a: Magnezone
|-resisted|p2a: Magnezone
|-damage|p2a: Magnezone|11/100
|-sideend|p1: refsunpersons|Spikes|[from] move: Rapid Spin|[of] p1a: MISTER UNCHAINED
|-sideend|p1: refsunpersons|Stealth Rock|[from] move: Rapid Spin|[of] p1a: MISTER UNCHAINED
|
|-weather|Hail|[upkeep]
|-damage|p2a: Magnezone|5/100|[from] Hail
|-heal|p1a: MISTER UNCHAINED|56/100|[from] item: Leftovers
|upkeep
|turn|14
|
|move|p1a: MISTER UNCHAINED|Protect|p1a: MISTER UNCHAINED
|-singleturn|p1a: MISTER UNCHAINED|Protect
|move|p2a: Magnezone|Volt Switch|p1a: MISTER UNCHAINED
|-activate|p1a: MISTER UNCHAINED|move: Protect
|
|-weather|Hail|[upkeep]
|-damage|p2a: Magnezone|0 fnt|[from] Hail
|-heal|p1a: MISTER UNCHAINED|62/100|[from] item: Leftovers
|upkeep
|faint|p2a: Magnezone
|
|switch|p2a: Skarmory|Skarmory, M|100/100
|-damage|p2a: Skarmory|88/100|[from] Stealth Rock
|turn|15
|
|move|p2a: Skarmory|Spikes|p1a: MISTER UNCHAINED
|-sidestart|p1: refsunpersons|Spikes
|move|p1a: MISTER UNCHAINED|Spikes|p2a: Skarmory
|-sidestart|p2: Invisible Enemy|Spikes
|
|-weather|Hail|[upkeep]
|-damage|p2a: Skarmory|82/100|[from] Hail
|-heal|p2a: Skarmory|88/100|[from] item: Leftovers
|-heal|p1a: MISTER UNCHAINED|68/100|[from] item: Leftovers
|upkeep
|turn|16
|
|move|p1a: MISTER UNCHAINED|Rapid Spin|p2a: Skarmory
|-resisted|p2a: Skarmory
|-damage|p2a: Skarmory|87/100
|-sideend|p1: refsunpersons|Spikes|[from] move: Rapid Spin|[of] p1a: MISTER UNCHAINED
|move|p2a: Skarmory|Whirlwind|p1a: MISTER UNCHAINED
|drag|p1a: MISTER DOYLE|Gothitelle, M|3/100
|
|-weather|Hail|[upkeep]
|-damage|p1a: MISTER DOYLE|0 fnt|[from] Hail
|-damage|p2a: Skarmory|81/100|[from] Hail
|-heal|p2a: Skarmory|87/100|[from] item: Leftovers
|upkeep
|faint|p1a: MISTER DOYLE
|
|switch|p1a: KAIOH DORIAN|Abomasnow, M|69/100
|turn|17
|
|move|p2a: Skarmory|Brave Bird|p1a: KAIOH DORIAN
|-supereffective|p1a: KAIOH DORIAN
|-damage|p1a: KAIOH DORIAN|0 fnt
|-damage|p2a: Skarmory|62/100|[from] Recoil
|faint|p1a: KAIOH DORIAN
|
|-weather|Hail|[upkeep]
|-damage|p2a: Skarmory|56/100|[from] Hail
|-heal|p2a: Skarmory|62/100|[from] item: Leftovers
|upkeep
|
|switch|p1a: MISTER UNCHAINED|Forretress, M|68/100
|turn|18
|
|move|p2a: Skarmory|Roost|p2a: Skarmory
|-heal|p2a: Skarmory|100/100
|move|p1a: MISTER UNCHAINED|Spikes|p2a: Skarmory
|-sidestart|p2: Invisible Enemy|Spikes
|
|-weather|Hail|[upkeep]
|-damage|p2a: Skarmory|94/100|[from] Hail
|-heal|p2a: Skarmory|100/100|[from] item: Leftovers
|-heal|p1a: MISTER UNCHAINED|74/100|[from] item: Leftovers
|upkeep
|turn|19
|
|move|p2a: Skarmory|Brave Bird|p1a: MISTER UNCHAINED
|-damage|p1a: MISTER UNCHAINED|53/100
|-damage|p2a: Skarmory|93/100|[from] Recoil
|move|p1a: MISTER UNCHAINED|Spikes|p2a: Skarmory
|-sidestart|p2: Invisible Enemy|Spikes
|
|-weather|Hail|[upkeep]
|-damage|p2a: Skarmory|87/100|[from] Hail
|-heal|p2a: Skarmory|93/100|[from] item: Leftovers
|-heal|p1a: MISTER UNCHAINED|59/100|[from] item: Leftovers
|upkeep
|turn|20
|
|switch|p1a: SIKORSKI|Landorus-Therian, M|56/100
|-ability|p1a: SIKORSKI|Intimidate|boost
|-unboost|p2a: Skarmory|atk|1
|move|p2a: Skarmory|Spikes|p1a: SIKORSKI
|-sidestart|p1: refsunpersons|Spikes
|
|-weather|Hail|[upkeep]
|-damage|p1a: SIKORSKI|50/100|[from] Hail
|-damage|p2a: Skarmory|87/100|[from] Hail
|-heal|p1a: SIKORSKI|56/100|[from] item: Leftovers
|-heal|p2a: Skarmory|93/100|[from] item: Leftovers
|upkeep
|turn|21
|
|switch|p1a: MISTER UNCHAINED|Forretress, M|59/100
|-damage|p1a: MISTER UNCHAINED|47/100|[from] Spikes
|move|p2a: Skarmory|Spikes|p1a: MISTER UNCHAINED
|-sidestart|p1: refsunpersons|Spikes
|
|-weather|Hail|[upkeep]
|-damage|p2a: Skarmory|87/100|[from] Hail
|-heal|p2a: Skarmory|93/100|[from] item: Leftovers
|-heal|p1a: MISTER UNCHAINED|53/100|[from] item: Leftovers
|upkeep
|turn|22
|
|move|p2a: Skarmory|Brave Bird|p1a: MISTER UNCHAINED
|-damage|p1a: MISTER UNCHAINED|40/100
|-damage|p2a: Skarmory|89/100|[from] Recoil
|move|p1a: MISTER UNCHAINED|Rapid Spin|p2a: Skarmory
|-resisted|p2a: Skarmory
|-crit|p2a: Skarmory
|-damage|p2a: Skarmory|86/100
|-sideend|p1: refsunpersons|Spikes|[from] move: Rapid Spin|[of] p1a: MISTER UNCHAINED
|
|-weather|Hail|[upkeep]
|-damage|p2a: Skarmory|80/100|[from] Hail
|-heal|p2a: Skarmory|86/100|[from] item: Leftovers
|-heal|p1a: MISTER UNCHAINED|46/100|[from] item: Leftovers
|upkeep
|turn|23
|
|switch|p2a: Latios|Latios, M|100/100
|-damage|p2a: Latios|88/100|[from] Stealth Rock
|move|p1a: MISTER UNCHAINED|Protect|p1a: MISTER UNCHAINED
|-fail|p1a: MISTER UNCHAINED
|
|-weather|Hail|[upkeep]
|-damage|p2a: Latios|82/100|[from] Hail
|-heal|p1a: MISTER UNCHAINED|51/100|[from] item: Leftovers
|upkeep
|turn|24
|
|switch|p1a: SPECK|Blissey, F|100/100
|move|p2a: Latios|Calm Mind|p2a: Latios
|-boost|p2a: Latios|spa|1
|-boost|p2a: Latios|spd|1
|
|-weather|Hail|[upkeep]
|-damage|p2a: Latios|76/100|[from] Hail
|-damage|p1a: SPECK|94/100|[from] Hail
|-heal|p1a: SPECK|100/100|[from] item: Leftovers
|upkeep
|turn|25
|
|move|p2a: Latios|Calm Mind|p2a: Latios
|-boost|p2a: Latios|spa|1
|-boost|p2a: Latios|spd|1
|move|p1a: SPECK|Toxic|p2a: Latios
|-status|p2a: Latios|tox
|
|-weather|Hail|[upkeep]
|-damage|p2a: Latios|70/100 tox|[from] Hail
|-damage|p1a: SPECK|94/100|[from] Hail
|-heal|p1a: SPECK|100/100|[from] item: Leftovers
|-damage|p2a: Latios|64/100 tox|[from] psn
|upkeep
|turn|26
|
|move|p2a: Latios|Hidden Power|p1a: SPECK
|-damage|p1a: SPECK|83/100
|move|p1a: SPECK|Soft-Boiled|p1a: SPECK
|-heal|p1a: SPECK|100/100
|
|-weather|Hail|[upkeep]
|-damage|p2a: Latios|58/100 tox|[from] Hail
|-damage|p1a: SPECK|94/100|[from] Hail
|-heal|p1a: SPECK|100/100|[from] item: Leftovers
|-damage|p2a: Latios|46/100 tox|[from] psn
|upkeep
|turn|27
|
|move|p2a: Latios|Draco Meteor|p1a: SPECK
|-enditem|p2a: Latios|Dragon Gem|[from] gem|[move] Draco Meteor
|-damage|p1a: SPECK|33/100
|-unboost|p2a: Latios|spa|2
|move|p1a: SPECK|Soft-Boiled|p1a: SPECK
|-heal|p1a: SPECK|83/100
|
|-weather|Hail|[upkeep]
|-damage|p2a: Latios|40/100 tox|[from] Hail
|-damage|p1a: SPECK|77/100|[from] Hail
|-heal|p1a: SPECK|83/100|[from] item: Leftovers
|-damage|p2a: Latios|22/100 tox|[from] psn
|upkeep
|turn|28
|
|switch|p2a: Skarmory|Skarmory, M|86/100
|-damage|p2a: Skarmory|74/100|[from] Stealth Rock
|move|p1a: SPECK|Soft-Boiled|p1a: SPECK
|-heal|p1a: SPECK|100/100
|
|-weather|Hail|[upkeep]
|-damage|p2a: Skarmory|68/100|[from] Hail
|-damage|p1a: SPECK|94/100|[from] Hail
|-heal|p2a: Skarmory|74/100|[from] item: Leftovers
|-heal|p1a: SPECK|100/100|[from] item: Leftovers
|upkeep
|turn|29
|
|move|p2a: Skarmory|Spikes|p1a: SPECK
|-sidestart|p1: refsunpersons|Spikes
|move|p1a: SPECK|Seismic Toss|p2a: Skarmory
|-damage|p2a: Skarmory|44/100
|
|-weather|Hail|[upkeep]
|-damage|p2a: Skarmory|38/100|[from] Hail
|-damage|p1a: SPECK|94/100|[from] Hail
|-heal|p2a: Skarmory|44/100|[from] item: Leftovers
|-heal|p1a: SPECK|100/100|[from] item: Leftovers
|upkeep
|turn|30
|
|switch|p1a: SIKORSKI|Landorus-Therian, M|56/100
|-ability|p1a: SIKORSKI|Intimidate|boost
|-unboost|p2a: Skarmory|atk|1
|move|p2a: Skarmory|Roost|p2a: Skarmory
|-heal|p2a: Skarmory|94/100
|
|-weather|Hail|[upkeep]
|-damage|p1a: SIKORSKI|50/100|[from] Hail
|-damage|p2a: Skarmory|88/100|[from] Hail
|-heal|p1a: SIKORSKI|56/100|[from] item: Leftovers
|-heal|p2a: Skarmory|94/100|[from] item: Leftovers
|upkeep
|turn|31
|
|switch|p1a: MISTER UNCHAINED|Forretress, M|51/100
|-damage|p1a: MISTER UNCHAINED|39/100|[from] Spikes
|move|p2a: Skarmory|Whirlwind|p1a: MISTER UNCHAINED
|drag|p1a: SIKORSKI|Landorus-Therian, M|56/100
|-ability|p1a: SIKORSKI|Intimidate|boost
|-unboost|p2a: Skarmory|atk|1
|
|-weather|Hail|[upkeep]
|-damage|p1a: SIKORSKI|50/100|[from] Hail
|-damage|p2a: Skarmory|88/100|[from] Hail
|-heal|p1a: SIKORSKI|56/100|[from] item: Leftovers
|-heal|p2a: Skarmory|94/100|[from] item: Leftovers
|upkeep
|turn|32
|
|move|p1a: SIKORSKI|Superpower|p2a: Skarmory
|-crit|p2a: Skarmory
|-damage|p2a: Skarmory|42/100
|-unboost|p1a: SIKORSKI|atk|1
|-unboost|p1a: SIKORSKI|def|1
|move|p2a: Skarmory|Spikes|p1a: SIKORSKI
|-sidestart|p1: refsunpersons|Spikes
|
|-weather|Hail|[upkeep]
|-damage|p1a: SIKORSKI|50/100|[from] Hail
|-damage|p2a: Skarmory|36/100|[from] Hail
|-heal|p1a: SIKORSKI|56/100|[from] item: Leftovers
|-heal|p2a: Skarmory|42/100|[from] item: Leftovers
|upkeep
|turn|33
|
|switch|p1a: MISTER UNCHAINED|Forretress, M|39/100
|-damage|p1a: MISTER UNCHAINED|23/100|[from] Spikes
|move|p2a: Skarmory|Roost|p2a: Skarmory
|-heal|p2a: Skarmory|92/100
|
|-weather|Hail|[upkeep]
|-damage|p2a: Skarmory|86/100|[from] Hail
|-heal|p2a: Skarmory|92/100|[from] item: Leftovers
|-heal|p1a: MISTER UNCHAINED|29/100|[from] item: Leftovers
|upkeep
|turn|34
|
|move|p1a: MISTER UNCHAINED|Protect|p1a: MISTER UNCHAINED
|-singleturn|p1a: MISTER UNCHAINED|Protect
|move|p2a: Skarmory|Whirlwind|p1a: MISTER UNCHAINED
|-activate|p1a: MISTER UNCHAINED|move: Protect
|
|-weather|Hail|[upkeep]
|-damage|p2a: Skarmory|86/100|[from] Hail
|-heal|p2a: Skarmory|92/100|[from] item: Leftovers
|-heal|p1a: MISTER UNCHAINED|35/100|[from] item: Leftovers
|upkeep
|turn|35
|
|move|p1a: MISTER UNCHAINED|Rapid Spin|p2a: Skarmory
|-resisted|p2a: Skarmory
|-crit|p2a: Skarmory
|-damage|p2a: Skarmory|89/100
|-sideend|p1: refsunpersons|Spikes|[from] move: Rapid Spin|[of] p1a: MISTER UNCHAINED
|move|p2a: Skarmory|Whirlwind|p1a: MISTER UNCHAINED
|drag|p1a: POISONER YANAGI|Weavile, M|100/100
|-ability|p1a: POISONER YANAGI|Pressure
|
|-weather|Hail|[upkeep]
|-damage|p2a: Skarmory|83/100|[from] Hail
|-heal|p2a: Skarmory|89/100|[from] item: Leftovers
|upkeep
|turn|36
|
|switch|p1a: MISTER UNCHAINED|Forretress, M|35/100
|move|p2a: Skarmory|Spikes|p1a: MISTER UNCHAINED
|-sidestart|p1: refsunpersons|Spikes
|
|-weather|Hail|[upkeep]
|-damage|p2a: Skarmory|83/100|[from] Hail
|-heal|p2a: Skarmory|89/100|[from] item: Leftovers
|-heal|p1a: MISTER UNCHAINED|41/100|[from] item: Leftovers
|upkeep
|turn|37
|
|switch|p2a: Garchomp|Garchomp, M, shiny|32/100
|-damage|p2a: Garchomp|26/100|[from] Stealth Rock
|-damage|p2a: Garchomp|1/100|[from] Spikes
|move|p1a: MISTER UNCHAINED|Gyro Ball|p2a: Garchomp
|-damage|p2a: Garchomp|0 fnt
|-damage|p1a: MISTER UNCHAINED|28/100|[from] ability: Rough Skin|[of] p2a: Garchomp
|faint|p2a: Garchomp
|
|-weather|Hail|[upkeep]
|-heal|p1a: MISTER UNCHAINED|34/100|[from] item: Leftovers
|upkeep
|
|switch|p2a: Skarmory|Skarmory, M|89/100
|-damage|p2a: Skarmory|77/100|[from] Stealth Rock
|turn|38
|
|move|p1a: MISTER UNCHAINED|Protect|p1a: MISTER UNCHAINED
|-singleturn|p1a: MISTER UNCHAINED|Protect
|move|p2a: Skarmory|Brave Bird|p1a: MISTER UNCHAINED
|-activate|p1a: MISTER UNCHAINED|move: Protect
|
|-weather|Hail|[upkeep]
|-damage|p2a: Skarmory|71/100|[from] Hail
|-heal|p2a: Skarmory|77/100|[from] item: Leftovers
|-heal|p1a: MISTER UNCHAINED|40/100|[from] item: Leftovers
|upkeep
|turn|39
|
|switch|p1a: SIKORSKI|Landorus-Therian, M|56/100
|-ability|p1a: SIKORSKI|Intimidate|boost
|-unboost|p2a: Skarmory|atk|1
|move|p2a: Skarmory|Brave Bird|p1a: SIKORSKI
|-damage|p1a: SIKORSKI|35/100
|-damage|p2a: Skarmory|69/100|[from] Recoil
|
|-weather|Hail|[upkeep]
|-damage|p1a: SIKORSKI|29/100|[from] Hail
|-damage|p2a: Skarmory|63/100|[from] Hail
|-heal|p1a: SIKORSKI|35/100|[from] item: Leftovers
|-heal|p2a: Skarmory|69/100|[from] item: Leftovers
|upkeep
|turn|40
|
|move|p1a: SIKORSKI|Superpower|p2a: Skarmory
|-damage|p2a: Skarmory|44/100
|-unboost|p1a: SIKORSKI|atk|1
|-unboost|p1a: SIKORSKI|def|1
|move|p2a: Skarmory|Whirlwind|p1a: SIKORSKI
|drag|p1a: POISONER YANAGI|Weavile, M|100/100
|-damage|p1a: POISONER YANAGI|88/100|[from] Spikes
|-ability|p1a: POISONER YANAGI|Pressure
|
|-weather|Hail|[upkeep]
|-damage|p2a: Skarmory|38/100|[from] Hail
|-heal|p2a: Skarmory|44/100|[from] item: Leftovers
|upkeep
|turn|41
|
|switch|p1a: SIKORSKI|Landorus-Therian, M|35/100
|-ability|p1a: SIKORSKI|Intimidate|boost
|-unboost|p2a: Skarmory|atk|1
|move|p2a: Skarmory|Roost|p2a: Skarmory
|-heal|p2a: Skarmory|94/100
|
|-weather|Hail|[upkeep]
|-damage|p1a: SIKORSKI|29/100|[from] Hail
|-damage|p2a: Skarmory|88/100|[from] Hail
|-heal|p1a: SIKORSKI|35/100|[from] item: Leftovers
|-heal|p2a: Skarmory|94/100|[from] item: Leftovers
|upkeep
|turn|42
|
|move|p1a: SIKORSKI|Superpower|p2a: Skarmory
|-damage|p2a: Skarmory|70/100
|-unboost|p1a: SIKORSKI|atk|1
|-unboost|p1a: SIKORSKI|def|1
|move|p2a: Skarmory|Whirlwind|p1a: SIKORSKI
|drag|p1a: MISTER UNCHAINED|Forretress, M|40/100
|-damage|p1a: MISTER UNCHAINED|28/100|[from] Spikes
|
|-weather|Hail|[upkeep]
|-damage|p2a: Skarmory|64/100|[from] Hail
|-heal|p2a: Skarmory|70/100|[from] item: Leftovers
|-heal|p1a: MISTER UNCHAINED|34/100|[from] item: Leftovers
|upkeep
|turn|43
|
|switch|p2a: Latios|Latios, M|22/100 tox
|-damage|p2a: Latios|10/100 tox|[from] Stealth Rock
|move|p1a: MISTER UNCHAINED|Protect|p1a: MISTER UNCHAINED
|-fail|p1a: MISTER UNCHAINED
|
|-weather|Hail|[upkeep]
|-damage|p2a: Latios|4/100 tox|[from] Hail
|-heal|p1a: MISTER UNCHAINED|40/100|[from] item: Leftovers
|-damage|p2a: Latios|0 fnt|[from] psn
|upkeep
|faint|p2a: Latios
|
|switch|p2a: Skarmory|Skarmory, M|70/100
|-damage|p2a: Skarmory|57/100|[from] Stealth Rock
|turn|44
|
|move|p1a: MISTER UNCHAINED|Protect|p1a: MISTER UNCHAINED
|-singleturn|p1a: MISTER UNCHAINED|Protect
|move|p2a: Skarmory|Roost|p2a: Skarmory
|-heal|p2a: Skarmory|100/100
|
|-weather|Hail|[upkeep]
|-damage|p2a: Skarmory|94/100|[from] Hail
|-heal|p2a: Skarmory|100/100|[from] item: Leftovers
|-heal|p1a: MISTER UNCHAINED|46/100|[from] item: Leftovers
|upkeep
|turn|45
|
|move|p2a: Skarmory|Spikes|p1a: MISTER UNCHAINED
|-sidestart|p1: refsunpersons|Spikes
|move|p1a: MISTER UNCHAINED|Rapid Spin|p2a: Skarmory
|-resisted|p2a: Skarmory
|-damage|p2a: Skarmory|99/100
|-sideend|p1: refsunpersons|Spikes|[from] move: Rapid Spin|[of] p1a: MISTER UNCHAINED
|
|-weather|Hail|[upkeep]
|-damage|p2a: Skarmory|93/100|[from] Hail
|-heal|p2a: Skarmory|99/100|[from] item: Leftovers
|-heal|p1a: MISTER UNCHAINED|52/100|[from] item: Leftovers
|upkeep
|turn|46
|
|switch|p1a: SIKORSKI|Landorus-Therian, M|35/100
|-ability|p1a: SIKORSKI|Intimidate|boost
|-unboost|p2a: Skarmory|atk|1
|move|p2a: Skarmory|Brave Bird|p1a: SIKORSKI
|-damage|p1a: SIKORSKI|15/100
|-damage|p2a: Skarmory|91/100|[from] Recoil
|
|-weather|Hail|[upkeep]
|-damage|p1a: SIKORSKI|9/100|[from] Hail
|-damage|p2a: Skarmory|85/100|[from] Hail
|-heal|p1a: SIKORSKI|15/100|[from] item: Leftovers
|-heal|p2a: Skarmory|91/100|[from] item: Leftovers
|upkeep
|turn|47
|
|move|p1a: SIKORSKI|Rest|p1a: SIKORSKI
|-status|p1a: SIKORSKI|slp
|-heal|p1a: SIKORSKI|100/100 slp|[silent]
|-status|p1a: SIKORSKI|slp|[from] move: Rest
|move|p2a: Skarmory|Spikes|p1a: SIKORSKI
|-sidestart|p1: refsunpersons|Spikes
|
|-weather|Hail|[upkeep]
|-damage|p1a: SIKORSKI|94/100 slp|[from] Hail
|-damage|p2a: Skarmory|85/100|[from] Hail
|-heal|p1a: SIKORSKI|100/100 slp|[from] item: Leftovers
|-heal|p2a: Skarmory|91/100|[from] item: Leftovers
|upkeep
|turn|48
|
|switch|p1a: MISTER UNCHAINED|Forretress, M|52/100
|-damage|p1a: MISTER UNCHAINED|40/100|[from] Spikes
|move|p2a: Skarmory|Spikes|p1a: MISTER UNCHAINED
|-sidestart|p1: refsunpersons|Spikes
|
|-weather|Hail|[upkeep]
|-damage|p2a: Skarmory|85/100|[from] Hail
|-heal|p2a: Skarmory|91/100|[from] item: Leftovers
|-heal|p1a: MISTER UNCHAINED|46/100|[from] item: Leftovers
|upkeep
|turn|49
|
|move|p1a: MISTER UNCHAINED|Protect|p1a: MISTER UNCHAINED
|-singleturn|p1a: MISTER UNCHAINED|Protect
|move|p2a: Skarmory|Whirlwind|p1a: MISTER UNCHAINED
|-activate|p1a: MISTER UNCHAINED|move: Protect
|
|-weather|Hail|[upkeep]
|-damage|p2a: Skarmory|85/100|[from] Hail
|-heal|p2a: Skarmory|91/100|[from] item: Leftovers
|-heal|p1a: MISTER UNCHAINED|52/100|[from] item: Leftovers
|upkeep
|turn|50
|
|move|p2a: Skarmory|Brave Bird|p1a: MISTER UNCHAINED
|-damage|p1a: MISTER UNCHAINED|38/100
|-damage|p2a: Skarmory|86/100|[from] Recoil
|move|p1a: MISTER UNCHAINED|Rapid Spin|p2a: Skarmory
|-resisted|p2a: Skarmory
|-damage|p2a: Skarmory|85/100
|-sideend|p1: refsunpersons|Spikes|[from] move: Rapid Spin|[of] p1a: MISTER UNCHAINED
|
|-weather|Hail|[upkeep]
|-damage|p2a: Skarmory|79/100|[from] Hail
|-heal|p2a: Skarmory|85/100|[from] item: Leftovers
|-heal|p1a: MISTER UNCHAINED|44/100|[from] item: Leftovers
|upkeep
|turn|51
|
|switch|p1a: SIKORSKI|Landorus-Therian, M|100/100 slp
|-ability|p1a: SIKORSKI|Intimidate|boost
|-unboost|p2a: Skarmory|atk|1
|move|p2a: Skarmory|Spikes|p1a: SIKORSKI
|-sidestart|p1: refsunpersons|Spikes
|
|-weather|Hail|[upkeep]
|-damage|p1a: SIKORSKI|94/100 slp|[from] Hail
|-damage|p2a: Skarmory|79/100|[from] Hail
|-heal|p1a: SIKORSKI|100/100 slp|[from] item: Leftovers
|-heal|p2a: Skarmory|85/100|[from] item: Leftovers
|upkeep
|turn|52
|
|switch|p1a: MISTER UNCHAINED|Forretress, M|44/100
|-damage|p1a: MISTER UNCHAINED|32/100|[from] Spikes
|move|p2a: Skarmory|Whirlwind|p1a: MISTER UNCHAINED
|drag|p1a: SIKORSKI|Landorus-Therian, M|100/100 slp
|-ability|p1a: SIKORSKI|Intimidate|boost
|-unboost|p2a: Skarmory|atk|1
|
|-weather|Hail|[upkeep]
|-damage|p1a: SIKORSKI|94/100 slp|[from] Hail
|-damage|p2a: Skarmory|79/100|[from] Hail
|-heal|p1a: SIKORSKI|100/100 slp|[from] item: Leftovers
|-heal|p2a: Skarmory|85/100|[from] item: Leftovers
|upkeep
|turn|53
|
|switch|p1a: MISTER UNCHAINED|Forretress, M|32/100
|-damage|p1a: MISTER UNCHAINED|19/100|[from] Spikes
|move|p2a: Skarmory|Spikes|p1a: MISTER UNCHAINED
|-sidestart|p1: refsunpersons|Spikes
|
|-weather|Hail|[upkeep]
|-damage|p2a: Skarmory|79/100|[from] Hail
|-heal|p2a: Skarmory|85/100|[from] item: Leftovers
|-heal|p1a: MISTER UNCHAINED|25/100|[from] item: Leftovers
|upkeep
|turn|54
|
|switch|p2a: Tyranitar|Tyranitar, F|45/100 tox
|-damage|p2a: Tyranitar|20/100 tox|[from] Spikes
|-damage|p2a: Tyranitar|7/100 tox|[from] Stealth Rock
|-weather|Sandstorm|[from] ability: Sand Stream|[of] p2a: Tyranitar
|move|p1a: MISTER UNCHAINED|Protect|p1a: MISTER UNCHAINED
|-fail|p1a: MISTER UNCHAINED
|
|-weather|Sandstorm|[upkeep]
|-heal|p1a: MISTER UNCHAINED|31/100|[from] item: Leftovers
|-damage|p2a: Tyranitar|1/100 tox|[from] psn
|upkeep
|turn|55
|
|switch|p2a: Skarmory|Skarmory, M|85/100
|-damage|p2a: Skarmory|73/100|[from] Stealth Rock
|move|p1a: MISTER UNCHAINED|Protect|p1a: MISTER UNCHAINED
|-fail|p1a: MISTER UNCHAINED
|
|-weather|Sandstorm|[upkeep]
|-heal|p2a: Skarmory|79/100|[from] item: Leftovers
|-heal|p1a: MISTER UNCHAINED|37/100|[from] item: Leftovers
|upkeep
|turn|56
|
|move|p1a: MISTER UNCHAINED|Protect|p1a: MISTER UNCHAINED
|-singleturn|p1a: MISTER UNCHAINED|Protect
|move|p2a: Skarmory|Brave Bird|p1a: MISTER UNCHAINED
|-activate|p1a: MISTER UNCHAINED|move: Protect
|
|-weather|Sandstorm|[upkeep]
|-heal|p2a: Skarmory|85/100|[from] item: Leftovers
|-heal|p1a: MISTER UNCHAINED|43/100|[from] item: Leftovers
|upkeep
|turn|57
|
|move|p2a: Skarmory|Spikes|p1a: MISTER UNCHAINED
|-sidestart|p1: refsunpersons|Spikes
|move|p1a: MISTER UNCHAINED|Rapid Spin|p2a: Skarmory
|-resisted|p2a: Skarmory
|-damage|p2a: Skarmory|84/100
|-sideend|p1: refsunpersons|Spikes|[from] move: Rapid Spin|[of] p1a: MISTER UNCHAINED
|
|-weather|Sandstorm|[upkeep]
|-heal|p2a: Skarmory|90/100|[from] item: Leftovers
|-heal|p1a: MISTER UNCHAINED|49/100|[from] item: Leftovers
|upkeep
|turn|58
|
|switch|p1a: SIKORSKI|Landorus-Therian, M|100/100 slp
|-ability|p1a: SIKORSKI|Intimidate|boost
|-unboost|p2a: Skarmory|atk|1
|move|p2a: Skarmory|Spikes|p1a: SIKORSKI
|-sidestart|p1: refsunpersons|Spikes
|
|-weather|Sandstorm|[upkeep]
|-heal|p2a: Skarmory|96/100|[from] item: Leftovers
|upkeep
|turn|59
|
|cant|p1a: SIKORSKI|slp
|move|p2a: Skarmory|Whirlwind|p1a: SIKORSKI
|drag|p1a: POISONER YANAGI|Weavile, M|88/100
|-damage|p1a: POISONER YANAGI|76/100|[from] Spikes
|-ability|p1a: POISONER YANAGI|Pressure
|
|-weather|Sandstorm|[upkeep]
|-damage|p1a: POISONER YANAGI|70/100|[from] Sandstorm
|-heal|p2a: Skarmory|100/100|[from] item: Leftovers
|upkeep
|turn|60
|
|switch|p1a: SIKORSKI|Landorus-Therian, M|100/100 slp
|-ability|p1a: SIKORSKI|Intimidate|boost
|-unboost|p2a: Skarmory|atk|1
|move|p2a: Skarmory|Whirlwind|p1a: SIKORSKI
|drag|p1a: POISONER YANAGI|Weavile, M|70/100
|-damage|p1a: POISONER YANAGI|57/100|[from] Spikes
|-ability|p1a: POISONER YANAGI|Pressure
|
|-weather|Sandstorm|[upkeep]
|-damage|p1a: POISONER YANAGI|51/100|[from] Sandstorm
|upkeep
|turn|61
|
|switch|p1a: SIKORSKI|Landorus-Therian, M|100/100 slp
|-ability|p1a: SIKORSKI|Intimidate|boost
|-unboost|p2a: Skarmory|atk|1
|move|p2a: Skarmory|Whirlwind|p1a: SIKORSKI
|drag|p1a: SPECK|Blissey, F|100/100
|-damage|p1a: SPECK|88/100|[from] Spikes
|
|-weather|Sandstorm|[upkeep]
|-damage|p1a: SPECK|82/100|[from] Sandstorm
|-heal|p1a: SPECK|88/100|[from] item: Leftovers
|upkeep
|turn|62
|
|move|p2a: Skarmory|Spikes|p1a: SPECK
|-sidestart|p1: refsunpersons|Spikes
|move|p1a: SPECK|Seismic Toss|p2a: Skarmory
|-damage|p2a: Skarmory|70/100
|
|-weather|Sandstorm|[upkeep]
|-damage|p1a: SPECK|82/100|[from] Sandstorm
|-heal|p2a: Skarmory|76/100|[from] item: Leftovers
|-heal|p1a: SPECK|88/100|[from] item: Leftovers
|upkeep
|turn|63
|
|move|p1a: SPECK|Seismic Toss|p2a: Skarmory
|-damage|p2a: Skarmory|46/100
|move|p2a: Skarmory|Whirlwind|p1a: SPECK
|drag|p1a: POISONER YANAGI|Weavile, M|51/100
|-damage|p1a: POISONER YANAGI|35/100|[from] Spikes
|-ability|p1a: POISONER YANAGI|Pressure
|
|-weather|Sandstorm|[upkeep]
|-damage|p1a: POISONER YANAGI|29/100|[from] Sandstorm
|-heal|p2a: Skarmory|52/100|[from] item: Leftovers
|upkeep
|turn|64
|
|switch|p1a: SIKORSKI|Landorus-Therian, M|100/100 slp
|-ability|p1a: SIKORSKI|Intimidate|boost
|-unboost|p2a: Skarmory|atk|1
|move|p2a: Skarmory|Whirlwind|p1a: SIKORSKI
|drag|p1a: POISONER YANAGI|Weavile, M|29/100
|-damage|p1a: POISONER YANAGI|12/100|[from] Spikes
|-ability|p1a: POISONER YANAGI|Pressure
|
|-weather|Sandstorm|[upkeep]
|-damage|p1a: POISONER YANAGI|6/100|[from] Sandstorm
|-heal|p2a: Skarmory|58/100|[from] item: Leftovers
|upkeep
|turn|65
|
|move|p1a: POISONER YANAGI|Low Kick|p2a: Skarmory
|-damage|p2a: Skarmory|39/100
|-damage|p1a: POISONER YANAGI|0 fnt|[from] item: Life Orb
|faint|p1a: POISONER YANAGI
|move|p2a: Skarmory|Roost|p2a: Skarmory
|-heal|p2a: Skarmory|89/100
|
|-weather|Sandstorm|[upkeep]
|-heal|p2a: Skarmory|95/100|[from] item: Leftovers
|upkeep
|
|switch|p1a: MISTER UNCHAINED|Forretress, M|49/100
|-damage|p1a: MISTER UNCHAINED|33/100|[from] Spikes
|turn|66
|
|switch|p2a: Tyranitar|Tyranitar, F|1/100 tox
|-damage|p2a: Tyranitar|0 fnt|[from] Stealth Rock
|faint|p2a: Tyranitar
|move|p1a: MISTER UNCHAINED|Protect|p1a: MISTER UNCHAINED
|-fail|p1a: MISTER UNCHAINED
|
|-weather|Sandstorm|[upkeep]
|-heal|p1a: MISTER UNCHAINED|39/100|[from] item: Leftovers
|upkeep
|
|switch|p2a: Skarmory|Skarmory, M|95/100
|-damage|p2a: Skarmory|82/100|[from] Stealth Rock
|turn|67
|
|switch|p1a: SIKORSKI|Landorus-Therian, M|100/100 slp
|-ability|p1a: SIKORSKI|Intimidate|boost
|-unboost|p2a: Skarmory|atk|1
|move|p2a: Skarmory|Brave Bird|p1a: SIKORSKI
|-damage|p1a: SIKORSKI|80/100 slp
|-damage|p2a: Skarmory|75/100|[from] Recoil
|
|-weather|Sandstorm|[upkeep]
|-heal|p1a: SIKORSKI|87/100 slp|[from] item: Leftovers
|-heal|p2a: Skarmory|81/100|[from] item: Leftovers
|upkeep
|turn|68
|
|cant|p1a: SIKORSKI|slp
|move|p2a: Skarmory|Spikes|p1a: SIKORSKI
|-sidestart|p1: refsunpersons|Spikes
|
|-weather|Sandstorm|[upkeep]
|-heal|p1a: SIKORSKI|93/100 slp|[from] item: Leftovers
|-heal|p2a: Skarmory|87/100|[from] item: Leftovers
|upkeep
|turn|69
|
|cant|p1a: SIKORSKI|slp
|move|p2a: Skarmory|Whirlwind|p1a: SIKORSKI
|drag|p1a: SPECK|Blissey, F|88/100
|-damage|p1a: SPECK|63/100|[from] Spikes
|
|-weather|Sandstorm|[upkeep]
|-damage|p1a: SPECK|57/100|[from] Sandstorm
|-heal|p2a: Skarmory|93/100|[from] item: Leftovers
|-heal|p1a: SPECK|63/100|[from] item: Leftovers
|upkeep
|turn|70
|
|move|p1a: SPECK|Soft-Boiled|p1a: SPECK
|-heal|p1a: SPECK|100/100
|move|p2a: Skarmory|Whirlwind|p1a: SPECK
|drag|p1a: MISTER UNCHAINED|Forretress, M|39/100
|-damage|p1a: MISTER UNCHAINED|14/100|[from] Spikes
|
|-weather|Sandstorm|[upkeep]
|-heal|p2a: Skarmory|99/100|[from] item: Leftovers
|-heal|p1a: MISTER UNCHAINED|20/100|[from] item: Leftovers
|upkeep
|turn|71
|
|move|p1a: MISTER UNCHAINED|Protect|p1a: MISTER UNCHAINED
|-singleturn|p1a: MISTER UNCHAINED|Protect
|move|p2a: Skarmory|Brave Bird|p1a: MISTER UNCHAINED
|-activate|p1a: MISTER UNCHAINED|move: Protect
|
|-weather|Sandstorm|[upkeep]
|-heal|p2a: Skarmory|100/100|[from] item: Leftovers
|-heal|p1a: MISTER UNCHAINED|26/100|[from] item: Leftovers
|upkeep
|turn|72
|j| james434
|
|move|p1a: MISTER UNCHAINED|Rapid Spin|p2a: Skarmory
|-resisted|p2a: Skarmory
|-damage|p2a: Skarmory|99/100
|-sideend|p1: refsunpersons|Spikes|[from] move: Rapid Spin|[of] p1a: MISTER UNCHAINED
|move|p2a: Skarmory|Whirlwind|p1a: MISTER UNCHAINED
|drag|p1a: SPECK|Blissey, F|100/100
|
|-weather|Sandstorm|[upkeep]
|-damage|p1a: SPECK|94/100|[from] Sandstorm
|-heal|p2a: Skarmory|100/100|[from] item: Leftovers
|-heal|p1a: SPECK|100/100|[from] item: Leftovers
|upkeep
|turn|73
|l| james434
|
|move|p2a: Skarmory|Spikes|p1a: SPECK
|-sidestart|p1: refsunpersons|Spikes
|move|p1a: SPECK|Seismic Toss|p2a: Skarmory
|-damage|p2a: Skarmory|70/100
|
|-weather|Sandstorm|[upkeep]
|-damage|p1a: SPECK|94/100|[from] Sandstorm
|-heal|p2a: Skarmory|76/100|[from] item: Leftovers
|-heal|p1a: SPECK|100/100|[from] item: Leftovers
|upkeep
|turn|74
|
|move|p1a: SPECK|Seismic Toss|p2a: Skarmory
|-damage|p2a: Skarmory|46/100
|move|p2a: Skarmory|Whirlwind|p1a: SPECK
|drag|p1a: MISTER UNCHAINED|Forretress, M|26/100
|-damage|p1a: MISTER UNCHAINED|14/100|[from] Spikes
|
|-weather|Sandstorm|[upkeep]
|-heal|p2a: Skarmory|52/100|[from] item: Leftovers
|-heal|p1a: MISTER UNCHAINED|20/100|[from] item: Leftovers
|upkeep
|turn|75
|
|move|p1a: MISTER UNCHAINED|Protect|p1a: MISTER UNCHAINED
|-singleturn|p1a: MISTER UNCHAINED|Protect
|move|p2a: Skarmory|Roost|p2a: Skarmory
|-heal|p2a: Skarmory|100/100
|
|-weather|Sandstorm|[upkeep]
|-heal|p1a: MISTER UNCHAINED|26/100|[from] item: Leftovers
|upkeep
|turn|76
|
|move|p1a: MISTER UNCHAINED|Rapid Spin|p2a: Skarmory
|-resisted|p2a: Skarmory
|-damage|p2a: Skarmory|99/100
|-sideend|p1: refsunpersons|Spikes|[from] move: Rapid Spin|[of] p1a: MISTER UNCHAINED
|move|p2a: Skarmory|Whirlwind|p1a: MISTER UNCHAINED
|drag|p1a: SPECK|Blissey, F|100/100
|
|-weather|Sandstorm|[upkeep]
|-damage|p1a: SPECK|94/100|[from] Sandstorm
|-heal|p2a: Skarmory|100/100|[from] item: Leftovers
|-heal|p1a: SPECK|100/100|[from] item: Leftovers
|upkeep
|turn|77
|
|move|p2a: Skarmory|Spikes|p1a: SPECK
|-sidestart|p1: refsunpersons|Spikes
|move|p1a: SPECK|Seismic Toss|p2a: Skarmory
|-damage|p2a: Skarmory|70/100
|
|-weather|Sandstorm|[upkeep]
|-damage|p1a: SPECK|94/100|[from] Sandstorm
|-heal|p2a: Skarmory|76/100|[from] item: Leftovers
|-heal|p1a: SPECK|100/100|[from] item: Leftovers
|upkeep
|turn|78
|
|switch|p1a: MISTER UNCHAINED|Forretress, M|26/100
|-damage|p1a: MISTER UNCHAINED|13/100|[from] Spikes
|move|p2a: Skarmory|Spikes|p1a: MISTER UNCHAINED
|-sidestart|p1: refsunpersons|Spikes
|
|-weather|Sandstorm|[upkeep]
|-heal|p2a: Skarmory|82/100|[from] item: Leftovers
|-heal|p1a: MISTER UNCHAINED|19/100|[from] item: Leftovers
|upkeep
|turn|79
|
|switch|p2a: Latias|Latias, F|63/100
|-damage|p2a: Latias|51/100|[from] Stealth Rock
|move|p1a: MISTER UNCHAINED|Protect|p1a: MISTER UNCHAINED
|-fail|p1a: MISTER UNCHAINED
|
|-weather|Sandstorm|[upkeep]
|-damage|p2a: Latias|45/100|[from] Sandstorm
|-heal|p2a: Latias|51/100|[from] item: Leftovers
|-heal|p1a: MISTER UNCHAINED|25/100|[from] item: Leftovers
|upkeep
|turn|80
|
|move|p2a: Latias|Calm Mind|p2a: Latias
|-boost|p2a: Latias|spa|1
|-boost|p2a: Latias|spd|1
|move|p1a: MISTER UNCHAINED|Gyro Ball|p2a: Latias
|-crit|p2a: Latias
|-damage|p2a: Latias|0 fnt
|faint|p2a: Latias
|
|-weather|Sandstorm|[upkeep]
|-heal|p1a: MISTER UNCHAINED|31/100|[from] item: Leftovers
|upkeep
|
|switch|p2a: Skarmory|Skarmory, M|82/100
|-damage|p2a: Skarmory|70/100|[from] Stealth Rock
|turn|81
|-message|Invisible Enemy forfeited.
|
|win|refsunpersons
|raw|refsunpersons's rating: 1265 &rarr; <strong>1300</strong><br />(+35 for winning)
|raw|Invisible Enemy's rating: 1411 &rarr; <strong>1383</strong><br />(-28 for losing)
|l|☆Invisible Enemy
