|j|☆chomp29
|j|☆123perejil123
|t:|1741195446
|gametype|singles
|player|p1|chomp29|lucas|1498
|player|p2|123perejil123|harlequin|1407
|teamsize|p1|6
|teamsize|p2|6
|gen|5
|tier|[Gen 5] OU
|rated|
|rule|Species Clause: Limit one of each Pokémon
|rule|OHKO Clause: OHKO moves are banned
|rule|Moody Clause: Moody is banned
|rule|Evasion Items Clause: Evasion items are banned
|rule|Evasion Moves Clause: Evasion moves are banned
|rule|Endless Battle Clause: Forcing endless battles is banned
|rule|HP Percentage Mod: HP is shown in percentages
|rule|Evasion Abilities Clause: Evasion abilities are banned
|rule|Sleep Moves Clause: Sleep-inducing moves are banned
|rule|Swagger Clause: Swagger is banned
|rule|Baton Pass Stat Clause: No Baton Passer may have a way to boost its stats
|clearpoke
|poke|p1|Espeon, M|item
|poke|p1|Scrafty, M|item
|poke|p1|Floatzel, M|item
|poke|p1|Venomoth, F|item
|poke|p1|Gliscor, M|item
|poke|p1|Salamence, F|item
|poke|p2|Tyranitar, M|item
|poke|p2|Gliscor, M|item
|poke|p2|Ferrothorn, M|item
|poke|p2|Reuniclus, M|item
|poke|p2|Latios, M|item
|poke|p2|Alakazam, F|item
|teampreview
|inactive|Battle timer is ON: inactive players will automatically lose when time's up. (requested by 123perejil123)
|inactive|chomp29 also wants the timer to be on.
|c|☆123perejil123|hi!
|c|☆123perejil123|have fun!
|c|☆chomp29|Heya
|c|☆chomp29|Gl
|
|t:|1741195471
|start
|switch|p1a: Gliscor|Gliscor, M|100/100
|switch|p2a: Gliscor|Gliscor, M, shiny|100/100
|turn|1
|
|t:|1741195493
|switch|p1a: Espeon|Espeon, M|100/100
|move|p2a: Gliscor|U-turn|p1a: Espeon
|-supereffective|p1a: Espeon
|-damage|p1a: Espeon|54/100
|inactive|123perejil123 has 120 seconds left.
|
|t:|1741195517
|switch|p2a: Tyranitar|Tyranitar, M|100/100|[from] U-turn
|-weather|Sandstorm|[from] ability: Sand Stream|[of] p2a: Tyranitar
|
|-weather|Sandstorm|[upkeep]
|-damage|p1a: Espeon|48/100|[from] Sandstorm
|upkeep
|turn|2
|
|t:|1741195521
|move|p1a: Espeon|Baton Pass|p1a: Espeon
|
|t:|1741195525
|switch|p1a: Gliscor|Gliscor, M|100/100|[from] Baton Pass
|move|p2a: Tyranitar|Crunch|p1a: Gliscor
|-damage|p1a: Gliscor|66/100
|
|-weather|Sandstorm|[upkeep]
|-status|p1a: Gliscor|tox|[from] item: Toxic Orb
|upkeep
|turn|3
|
|t:|1741195543
|switch|p2a: Reuniclus|Reuniclus, M, shiny|100/100
|move|p1a: Gliscor|Substitute|p1a: Gliscor
|-start|p1a: Gliscor|Substitute
|-damage|p1a: Gliscor|41/100 tox
|
|-weather|Sandstorm|[upkeep]
|-heal|p1a: Gliscor|53/100 tox|[from] ability: Poison Heal
|upkeep
|turn|4
|
|t:|1741195550
|move|p1a: Gliscor|Taunt|p2a: Reuniclus
|-start|p2a: Reuniclus|move: Taunt
|move|p2a: Reuniclus|Psychic|p1a: Gliscor
|-end|p1a: Gliscor|Substitute
|
|-weather|Sandstorm|[upkeep]
|-heal|p1a: Gliscor|66/100 tox|[from] ability: Poison Heal
|upkeep
|turn|5
|
|t:|1741195559
|move|p1a: Gliscor|Protect|p1a: Gliscor
|-singleturn|p1a: Gliscor|Protect
|move|p2a: Reuniclus|Hidden Power|p1a: Gliscor
|-activate|p1a: Gliscor|move: Protect
|
|-weather|Sandstorm|[upkeep]
|-heal|p1a: Gliscor|78/100 tox|[from] ability: Poison Heal
|upkeep
|turn|6
|
|t:|1741195573
|move|p1a: Gliscor|Baton Pass|p1a: Gliscor
|j| night suwu
|inactive|chomp29 has 120 seconds left.
|
|t:|1741195602
|switch|p1a: Scrafty|Scrafty, M|100/100|[from] Baton Pass
|move|p2a: Reuniclus|Focus Blast|p1a: Scrafty
|-supereffective|p1a: Scrafty
|-damage|p1a: Scrafty|0 fnt
|faint|p1a: Scrafty
|
|-weather|Sandstorm|[upkeep]
|-end|p2a: Reuniclus|move: Taunt
|upkeep
|
|t:|1741195606
|switch|p1a: Espeon|Espeon, M|48/100
|turn|7
|
|t:|1741195618
|move|p1a: Espeon|Light Screen|p1a: Espeon
|-sidestart|p1: chomp29|move: Light Screen
|move|p2a: Reuniclus|Psychic|p1a: Espeon
|-resisted|p1a: Espeon
|-damage|p1a: Espeon|30/100
|-unboost|p1a: Espeon|spd|1
|
|-weather|Sandstorm|[upkeep]
|-damage|p1a: Espeon|24/100|[from] Sandstorm
|upkeep
|turn|8
|
|t:|1741195635
|switch|p1a: Gliscor|Gliscor, M|78/100 tox
|move|p2a: Reuniclus|Psychic|p1a: Gliscor
|-damage|p1a: Gliscor|54/100 tox
|
|-weather|Sandstorm|[upkeep]
|-heal|p1a: Gliscor|67/100 tox|[from] ability: Poison Heal
|upkeep
|turn|9
|
|t:|1741195648
|move|p1a: Gliscor|Protect|p1a: Gliscor
|-singleturn|p1a: Gliscor|Protect
|move|p2a: Reuniclus|Hidden Power|p1a: Gliscor
|-activate|p1a: Gliscor|move: Protect
|
|-weather|Sandstorm|[upkeep]
|-heal|p1a: Gliscor|79/100 tox|[from] ability: Poison Heal
|upkeep
|turn|10
|
|t:|1741195653
|move|p1a: Gliscor|Baton Pass|p1a: Gliscor
|
|t:|1741195656
|switch|p1a: Floatzel|Floatzel, M|100/100|[from] Baton Pass
|move|p2a: Reuniclus|Hidden Power|p1a: Floatzel
|-resisted|p1a: Floatzel
|-damage|p1a: Floatzel|88/100
|-enditem|p1a: Floatzel|Red Card|[of] p2a: Reuniclus
|drag|p2a: Gliscor|Gliscor, M, shiny|100/100
|
|-weather|Sandstorm|[upkeep]
|-damage|p1a: Floatzel|82/100|[from] Sandstorm
|-status|p2a: Gliscor|tox|[from] item: Toxic Orb
|upkeep
|turn|11
|
|t:|1741195677
|move|p1a: Floatzel|Taunt|p2a: Gliscor
|-start|p2a: Gliscor|move: Taunt
|move|p2a: Gliscor|Earthquake|p1a: Floatzel
|-damage|p1a: Floatzel|30/100
|
|-weather|Sandstorm|[upkeep]
|-damage|p1a: Floatzel|23/100|[from] Sandstorm
|upkeep
|turn|12
|
|t:|1741195690
|switch|p1a: Gliscor|Gliscor, M|79/100 tox
|move|p2a: Gliscor|U-turn|p1a: Gliscor
|-resisted|p1a: Gliscor
|-damage|p1a: Gliscor|74/100 tox
|inactive|123perejil123 has 120 seconds left.
|
|t:|1741195710
|switch|p2a: Alakazam|Alakazam, F, shiny|100/100|[from] U-turn
|
|-weather|Sandstorm|[upkeep]
|-heal|p1a: Gliscor|86/100 tox|[from] ability: Poison Heal
|upkeep
|turn|13
|inactive|123perejil123 has 120 seconds left.
|inactive|chomp29 has 120 seconds left.
|
|t:|1741195762
|move|p2a: Alakazam|Psychic|p1a: Gliscor
|-damage|p1a: Gliscor|67/100 tox
|move|p1a: Gliscor|Baton Pass|p1a: Gliscor
|inactive|chomp29 has 90 seconds left.
|
|t:|1741195780
|switch|p1a: Venomoth|Venomoth, F|100/100|[from] Baton Pass
|
|-weather|Sandstorm|[upkeep]
|-damage|p1a: Venomoth|94/100|[from] Sandstorm
|-heal|p1a: Venomoth|100/100|[from] item: Black Sludge
|upkeep
|turn|14
|
|t:|1741195793
|move|p2a: Alakazam|Psychic|p1a: Venomoth
|-supereffective|p1a: Venomoth
|-damage|p1a: Venomoth|32/100
|move|p1a: Venomoth|Disable|p2a: Alakazam
|-start|p2a: Alakazam|Disable|Psychic
|
|-weather|Sandstorm|[upkeep]
|-damage|p1a: Venomoth|26/100|[from] Sandstorm
|-heal|p1a: Venomoth|32/100|[from] item: Black Sludge
|-sideend|p1: chomp29|move: Light Screen
|upkeep
|turn|15
|
|t:|1741195806
|move|p2a: Alakazam|Encore|p1a: Venomoth
|-start|p1a: Venomoth|Encore
|move|p1a: Venomoth|Disable||[still]
|-fail|p1a: Venomoth
|
|-weather|Sandstorm|[upkeep]
|-damage|p1a: Venomoth|26/100|[from] Sandstorm
|-heal|p1a: Venomoth|32/100|[from] item: Black Sludge
|upkeep
|turn|16
|
|t:|1741195820
|move|p2a: Alakazam|Hidden Power|p1a: Venomoth
|-damage|p1a: Venomoth|0 fnt
|faint|p1a: Venomoth
|
|-weather|Sandstorm|[upkeep]
|upkeep
|-message|chomp29 forfeited.
|
|win|123perejil123
|raw|chomp29's rating: 1498 &rarr; <strong>1473</strong><br />(-25 for losing)
|raw|123perejil123's rating: 1407 &rarr; <strong>1432</strong><br />(+25 for winning)
|l|☆chomp29
|player|p1|
|l|☆123perejil123
|player|p2|
