|j|☆tohki
|j|☆tricktrick
|player|p1|tohki|28
|player|p2|tricktrick|266
|teamsize|p1|6
|teamsize|p2|6
|gametype|singles
|gen|5
|tier|[Gen 5] OU
|rated|
|rule|Sleep Clause Mod: Limit one foe put to sleep
|rule|Species Clause: Limit one of each Pokémon
|rule|OHKO Clause: OHKO moves are banned
|rule|Moody Clause: Moody is banned
|rule|Evasion Moves Clause: Evasion moves are banned
|rule|Endless Battle Clause: Forcing endless battles is banned
|rule|HP Percentage Mod: HP is shown in percentages
|rule|Evasion Abilities Clause: Evasion abilities are banned
|rule|Baton Pass Clause: Limit one Baton Passer, can't pass Spe and other stats simultaneously
|rule|Swagger Clause: Swagger is banned
|clearpoke
|poke|p1|Abomasnow, M|item
|poke|p1|Xatu, M|item
|poke|p1|Diglett, F|item
|poke|p1|Garchomp, M|item
|poke|p1|Kyurem|item
|poke|p1|Reuniclus, F|item
|poke|p2|Starmie|item
|poke|p2|Politoed, F|item
|poke|p2|Tornadus, M|item
|poke|p2|Ferrothorn, F|item
|poke|p2|Garchomp, F|item
|poke|p2|Jirachi|item
|teampreview
|c|☆tohki|gl hf
|c|☆tricktrick|gl
|inactive|Battle timer is ON: inactive players will automatically lose when time's up. (requested by tricktrick)
|
|start
|switch|p1a: Abomasnow|Abomasnow, M|100/100
|switch|p2a: Politoed|Politoed, F|100/100
|-weather|RainDance|[from] ability: Drizzle|[of] p2a: Politoed
|-weather|Hail|[from] ability: Snow Warning|[of] p1a: Abomasnow
|turn|1
|inactive|tricktrick has 135 seconds left.
|
|switch|p2a: Ferrothorn|Ferrothorn, F|100/100
|move|p1a: Abomasnow|Hidden Power|p2a: Ferrothorn
|-supereffective|p2a: Ferrothorn
|-damage|p2a: Ferrothorn|42/100
|
|-weather|Hail|[upkeep]
|-damage|p2a: Ferrothorn|36/100|[from] Hail
|-heal|p2a: Ferrothorn|42/100|[from] item: Leftovers
|upkeep
|turn|2
|
|switch|p1a: Xatu|Xatu, M|100/100
|move|p2a: Ferrothorn|Gyro Ball|p1a: Xatu
|-damage|p1a: Xatu|52/100
|-damage|p2a: Ferrothorn|26/100|[from] item: Rocky Helmet|[of] p1a: Xatu
|
|-weather|Hail|[upkeep]
|-damage|p1a: Xatu|46/100|[from] Hail
|-damage|p2a: Ferrothorn|20/100|[from] Hail
|-heal|p2a: Ferrothorn|26/100|[from] item: Leftovers
|upkeep
|turn|3
|
|move|p1a: Xatu|Roost|p1a: Xatu
|-heal|p1a: Xatu|96/100
|move|p2a: Ferrothorn|Gyro Ball|p1a: Xatu
|-damage|p1a: Xatu|49/100
|-damage|p2a: Ferrothorn|9/100|[from] item: Rocky Helmet|[of] p1a: Xatu
|
|-weather|Hail|[upkeep]
|-damage|p1a: Xatu|43/100|[from] Hail
|-damage|p2a: Ferrothorn|3/100|[from] Hail
|-heal|p2a: Ferrothorn|9/100|[from] item: Leftovers
|upkeep
|turn|4
|
|switch|p2a: Politoed|Politoed, F|100/100
|-weather|RainDance|[from] ability: Drizzle|[of] p2a: Politoed
|move|p1a: Xatu|Roost|p1a: Xatu
|-heal|p1a: Xatu|93/100
|
|-weather|RainDance|[upkeep]
|upkeep
|turn|5
|
|move|p2a: Politoed|Hydro Pump|p1a: Xatu|[miss]
|-miss|p2a: Politoed|p1a: Xatu
|move|p1a: Xatu|Toxic|p2a: Politoed
|-status|p2a: Politoed|tox
|
|-weather|RainDance|[upkeep]
|-damage|p2a: Politoed|94/100 tox|[from] psn
|upkeep
|turn|6
|inactive|tohki has 135 seconds left.
|
|switch|p2a: Tornadus|Tornadus, M|100/100
|move|p1a: Xatu|Roost|p1a: Xatu
|-heal|p1a: Xatu|100/100
|
|-weather|RainDance|[upkeep]
|upkeep
|turn|7
|
|move|p2a: Tornadus|U-turn|p1a: Xatu
|-crit|p1a: Xatu
|-damage|p1a: Xatu|69/100
|-damage|p2a: Tornadus|84/100|[from] item: Rocky Helmet|[of] p1a: Xatu
|
|switch|p2a: Jirachi|Jirachi|100/100
|move|p1a: Xatu|U-turn|p2a: Jirachi
|-damage|p2a: Jirachi|91/100
|
|switch|p1a: Diglett|Diglett, F|100/100
|
|-weather|RainDance|[upkeep]
|-heal|p2a: Jirachi|97/100|[from] item: Leftovers
|upkeep
|turn|8
|
|move|p1a: Diglett|Earthquake|p2a: Jirachi
|-supereffective|p2a: Jirachi
|-damage|p2a: Jirachi|43/100
|move|p2a: Jirachi|Psychic|p1a: Diglett
|-enditem|p1a: Diglett|Focus Sash
|-damage|p1a: Diglett|1/100
|
|-weather|RainDance|[upkeep]
|-heal|p2a: Jirachi|49/100|[from] item: Leftovers
|upkeep
|turn|9
|
|move|p1a: Diglett|Earthquake|p2a: Jirachi
|-supereffective|p2a: Jirachi
|-damage|p2a: Jirachi|0 fnt
|faint|p2a: Jirachi
|
|-weather|RainDance|[upkeep]
|upkeep
|
|switch|p2a: Tornadus|Tornadus, M|84/100
|turn|10
|inactive|tohki has 135 seconds left.
|
|switch|p1a: Reuniclus|Reuniclus, F|100/100
|move|p2a: Tornadus|U-turn|p1a: Reuniclus
|-supereffective|p1a: Reuniclus
|-damage|p1a: Reuniclus|77/100
|inactive|tricktrick has 135 seconds left.
|
|switch|p2a: Garchomp|Garchomp, F|100/100
|
|-weather|RainDance|[upkeep]
|-heal|p1a: Reuniclus|83/100|[from] item: Leftovers
|upkeep
|turn|11
|
|switch|p1a: Xatu|Xatu, M|69/100
|move|p2a: Garchomp|Swords Dance|p2a: Garchomp
|-boost|p2a: Garchomp|atk|2
|
|-weather|RainDance|[upkeep]
|upkeep
|turn|12
|
|move|p2a: Garchomp|Aqua Tail|p1a: Xatu
|-damage|p1a: Xatu|0 fnt
|-damage|p2a: Garchomp|84/100|[from] item: Rocky Helmet|[of] p1a: Xatu
|faint|p1a: Xatu
|
|-weather|RainDance|[upkeep]
|upkeep
|
|switch|p1a: Abomasnow|Abomasnow, M|100/100
|-weather|Hail|[from] ability: Snow Warning|[of] p1a: Abomasnow
|turn|13
|
|move|p2a: Garchomp|Earthquake|p1a: Abomasnow
|-resisted|p1a: Abomasnow
|-damage|p1a: Abomasnow|20/100
|move|p1a: Abomasnow|Blizzard|p2a: Garchomp
|-supereffective|p2a: Garchomp
|-enditem|p2a: Garchomp|Yache Berry|[eat]
|-enditem|p2a: Garchomp|Yache Berry|[weaken]
|-damage|p2a: Garchomp|0 fnt
|faint|p2a: Garchomp
|
|-weather|Hail|[upkeep]
|upkeep
|
|switch|p2a: Politoed|Politoed, F|94/100 tox
|-weather|RainDance|[from] ability: Drizzle|[of] p2a: Politoed
|turn|14
|inactive|tohki has 135 seconds left.
|inactive|tohki has 120 seconds left.
|
|switch|p2a: Ferrothorn|Ferrothorn, F|9/100
|move|p1a: Abomasnow|Giga Drain|p2a: Ferrothorn
|-resisted|p2a: Ferrothorn
|-damage|p2a: Ferrothorn|4/100
|-heal|p1a: Abomasnow|23/100|[from] drain|[of] p2a: Ferrothorn
|
|-weather|RainDance|[upkeep]
|-heal|p2a: Ferrothorn|10/100|[from] item: Leftovers
|upkeep
|turn|15
|
|move|p1a: Abomasnow|Hidden Power|p2a: Ferrothorn
|-supereffective|p2a: Ferrothorn
|-damage|p2a: Ferrothorn|0 fnt
|faint|p2a: Ferrothorn
|
|-weather|RainDance|[upkeep]
|upkeep
|
|switch|p2a: Tornadus|Tornadus, M|84/100
|turn|16
|
|move|p1a: Abomasnow|Ice Shard|p2a: Tornadus
|-supereffective|p2a: Tornadus
|-damage|p2a: Tornadus|44/100
|move|p2a: Tornadus|Hurricane|p1a: Abomasnow
|-supereffective|p1a: Abomasnow
|-damage|p1a: Abomasnow|0 fnt
|faint|p1a: Abomasnow
|
|-weather|RainDance|[upkeep]
|upkeep
|
|switch|p1a: Reuniclus|Reuniclus, F|83/100
|turn|17
|
|move|p2a: Tornadus|Hurricane|p1a: Reuniclus
|-damage|p1a: Reuniclus|0 fnt
|faint|p1a: Reuniclus
|
|-weather|RainDance|[upkeep]
|upkeep
|
|switch|p1a: Garchomp|Garchomp, M|100/100
|turn|18
|
|switch|p2a: Starmie|Starmie|100/100
|move|p1a: Garchomp|Outrage|p2a: Starmie
|-damage|p2a: Starmie|0 fnt
|faint|p2a: Starmie
|
|-weather|RainDance|[upkeep]
|upkeep
|
|switch|p2a: Politoed|Politoed, F|94/100 tox
|turn|19
|
|move|p1a: Garchomp|Outrage|p2a: Politoed|[from]lockedmove
|-damage|p2a: Politoed|8/100 tox
|move|p2a: Politoed|Ice Beam|p1a: Garchomp
|-supereffective|p1a: Garchomp
|-damage|p1a: Garchomp|0 fnt
|faint|p1a: Garchomp
|
|-weather|RainDance|[upkeep]
|-damage|p2a: Politoed|2/100 tox|[from] psn
|upkeep
|
|switch|p1a: Diglett|Diglett, F|1/100
|turn|20
|
|move|p2a: Politoed|Ice Beam|p1a: Diglett
|-supereffective|p1a: Diglett
|-damage|p1a: Diglett|0 fnt
|faint|p1a: Diglett
|
|-weather|RainDance|[upkeep]
|-damage|p2a: Politoed|0 fnt|[from] psn
|upkeep
|faint|p2a: Politoed
|
|switch|p1a: Kyurem|Kyurem|100/100
|switch|p2a: Tornadus|Tornadus, M|44/100
|-ability|p1a: Kyurem|Pressure
|turn|21
|
|move|p2a: Tornadus|Hurricane|p1a: Kyurem
|-damage|p1a: Kyurem|13/100
|move|p1a: Kyurem|Blizzard|p2a: Tornadus|[miss]
|-miss|p1a: Kyurem|p2a: Tornadus
|
|-weather|RainDance|[upkeep]
|-heal|p1a: Kyurem|19/100|[from] item: Leftovers
|upkeep
|turn|22
|c|☆tricktrick|gg
|c|☆tohki|gg
|
|move|p2a: Tornadus|Hurricane|p1a: Kyurem
|-damage|p1a: Kyurem|0 fnt
|faint|p1a: Kyurem
|
|win|tricktrick
|raw|tohki's rating: 1364 &rarr; <strong>1338</strong><br />(-26 for losing)
|raw|tricktrick's rating: 1259 &rarr; <strong>1291</strong><br />(+32 for winning)
