|j|☆ddtdh
|j|☆baixiaohen
|t:|1744958657
|gametype|singles
|player|p1|ddtdh|lucas|1416
|player|p2|baixiaohen|n|1375
|teamsize|p1|6
|teamsize|p2|6
|gen|5
|tier|[Gen 5] OU
|rated|
|rule|Species Clause: Limit one of each Pokémon
|rule|OHKO Clause: OHKO moves are banned
|rule|Moody Clause: Moody is banned
|rule|Evasion Items Clause: Evasion items are banned
|rule|Evasion Moves Clause: Evasion moves are banned
|rule|Endless Battle Clause: Forcing endless battles is banned
|rule|HP Percentage Mod: HP is shown in percentages
|rule|Evasion Abilities Clause: Evasion abilities are banned
|rule|Sleep Moves Clause: Sleep-inducing moves are banned
|rule|Swagger Clause: Swagger is banned
|rule|Baton Pass Stat Clause: No Baton Passer may have a way to boost its stats
|clearpoke
|poke|p1|Xatu, F|item
|poke|p1|Blissey, F|mail
|poke|p1|Dragonite, M|item
|poke|p1|Cresselia, F|item
|poke|p1|Excadrill, F|item
|poke|p1|Ninetales, F|item
|poke|p2|Politoed, F|item
|poke|p2|Ferrothorn, F|item
|poke|p2|Tentacruel, M|item
|poke|p2|Keldeo-Resolute|item
|poke|p2|Latios, M|item
|poke|p2|Thundurus-Therian, M|item
|teampreview
|inactive|Battle timer is ON: inactive players will automatically lose when time's up. (requested by ddtdh)
|inactive|baixiaohen also wants the timer to be on.
|
|t:|1744958680
|start
|switch|p1a: Blissey|Blissey, F|100/100
|switch|p2a: Politoed|Politoed, F|100/100
|-weather|RainDance|[from] ability: Drizzle|[of] p2a: Politoed
|turn|1
|
|t:|1744958688
|switch|p2a: Tentacruel|Tentacruel, M|100/100
|move|p1a: Blissey|Stealth Rock|p2a: Tentacruel
|-sidestart|p2: baixiaohen|move: Stealth Rock
|
|-weather|RainDance|[upkeep]
|upkeep
|turn|2
|
|t:|1744958697
|move|p2a: Tentacruel|Knock Off|p1a: Blissey
|-damage|p1a: Blissey|98/100
|-enditem|p1a: Blissey|Mail|[from] move: Knock Off|[of] p2a: Tentacruel
|move|p1a: Blissey|Seismic Toss|p2a: Tentacruel
|-damage|p2a: Tentacruel|73/100
|
|-weather|RainDance|[upkeep]
|-heal|p2a: Tentacruel|79/100|[from] ability: Rain Dish
|-heal|p2a: Tentacruel|85/100|[from] item: Leftovers
|upkeep
|turn|3
|
|t:|1744958708
|switch|p1a: Ninetales|Ninetales, F|100/100
|-weather|SunnyDay|[from] ability: Drought|[of] p1a: Ninetales
|move|p2a: Tentacruel|Rapid Spin|p1a: Ninetales
|-damage|p1a: Ninetales|97/100
|-sideend|p2: baixiaohen|Stealth Rock|[from] move: Rapid Spin|[of] p2a: Tentacruel
|
|-weather|SunnyDay|[upkeep]
|-heal|p1a: Ninetales|100/100|[from] item: Leftovers
|-heal|p2a: Tentacruel|91/100|[from] item: Leftovers
|upkeep
|turn|4
|
|t:|1744958716
|move|p1a: Ninetales|Will-O-Wisp|p2a: Tentacruel
|-status|p2a: Tentacruel|brn
|move|p2a: Tentacruel|Knock Off|p1a: Ninetales
|-damage|p1a: Ninetales|99/100
|-enditem|p1a: Ninetales|Leftovers|[from] move: Knock Off|[of] p2a: Tentacruel
|
|-weather|SunnyDay|[upkeep]
|-heal|p2a: Tentacruel|97/100 brn|[from] item: Leftovers
|-damage|p2a: Tentacruel|85/100 brn|[from] brn
|upkeep
|turn|5
|
|t:|1744958725
|switch|p2a: Politoed|Politoed, F|100/100
|-weather|RainDance|[from] ability: Drizzle|[of] p2a: Politoed
|move|p1a: Ninetales|Will-O-Wisp|p2a: Politoed
|-status|p2a: Politoed|brn
|
|-weather|RainDance|[upkeep]
|-damage|p2a: Politoed|88/100 brn|[from] brn
|upkeep
|turn|6
|
|t:|1744958735
|switch|p2a: Keldeo|Keldeo-Resolute|100/100
|move|p1a: Ninetales|Protect||[still]
|-fail|p1a: Ninetales
|
|-weather|RainDance|[upkeep]
|upkeep
|turn|7
|
|t:|1744958742
|move|p1a: Ninetales|Protect|p1a: Ninetales
|-singleturn|p1a: Ninetales|Protect
|move|p2a: Keldeo|Substitute|p2a: Keldeo
|-start|p2a: Keldeo|Substitute
|-damage|p2a: Keldeo|75/100
|
|-weather|RainDance|[upkeep]
|-heal|p2a: Keldeo|82/100|[from] item: Leftovers
|upkeep
|turn|8
|
|t:|1744958752
|switch|p1a: Dragonite|Dragonite, M|100/100
|move|p2a: Keldeo|Calm Mind|p2a: Keldeo
|-boost|p2a: Keldeo|spa|1
|-boost|p2a: Keldeo|spd|1
|
|-weather|RainDance|[upkeep]
|-heal|p2a: Keldeo|88/100|[from] item: Leftovers
|upkeep
|turn|9
|
|t:|1744958769
|move|p2a: Keldeo|Surf|p1a: Dragonite
|-resisted|p1a: Dragonite
|-damage|p1a: Dragonite|78/100
|move|p1a: Dragonite|Dragon Dance|p1a: Dragonite
|-boost|p1a: Dragonite|atk|1
|-boost|p1a: Dragonite|spe|1
|
|-weather|RainDance|[upkeep]
|-heal|p1a: Dragonite|84/100|[from] item: Leftovers
|-heal|p2a: Keldeo|94/100|[from] item: Leftovers
|upkeep
|turn|10
|
|t:|1744958779
|move|p1a: Dragonite|Dragon Claw|p2a: Keldeo
|-end|p2a: Keldeo|Substitute
|move|p2a: Keldeo|Surf|p1a: Dragonite
|-resisted|p1a: Dragonite
|-damage|p1a: Dragonite|38/100
|
|-weather|RainDance|[upkeep]
|-heal|p1a: Dragonite|45/100|[from] item: Leftovers
|-heal|p2a: Keldeo|99/100|[from] item: Leftovers
|upkeep
|turn|11
|
|t:|1744958792
|move|p1a: Dragonite|Roost|p1a: Dragonite
|-heal|p1a: Dragonite|95/100
|-singleturn|p1a: Dragonite|move: Roost
|move|p2a: Keldeo|Surf|p1a: Dragonite
|-resisted|p1a: Dragonite
|-damage|p1a: Dragonite|50/100
|
|-weather|RainDance|[upkeep]
|-heal|p1a: Dragonite|56/100|[from] item: Leftovers
|-heal|p2a: Keldeo|100/100|[from] item: Leftovers
|upkeep
|turn|12
|
|t:|1744958806
|switch|p2a: Ferrothorn|Ferrothorn, F|100/100
|move|p1a: Dragonite|Roost|p1a: Dragonite
|-heal|p1a: Dragonite|100/100
|-singleturn|p1a: Dragonite|move: Roost
|
|-weather|RainDance|[upkeep]
|upkeep
|turn|13
|
|t:|1744958812
|switch|p1a: Xatu|Xatu, F|100/100
|move|p2a: Ferrothorn|Gyro Ball|p1a: Xatu
|-damage|p1a: Xatu|50/100
|-damage|p2a: Ferrothorn|84/100|[from] item: Rocky Helmet|[of] p1a: Xatu
|
|-weather|RainDance|[upkeep]
|-heal|p2a: Ferrothorn|90/100|[from] item: Leftovers
|upkeep
|turn|14
|
|t:|1744958833
|switch|p2a: Thundurus|Thundurus-Therian, M|100/100
|move|p1a: Xatu|Roost|p1a: Xatu
|-heal|p1a: Xatu|99/100
|-singleturn|p1a: Xatu|move: Roost
|
|-weather|RainDance|[upkeep]
|upkeep
|turn|15
|
|t:|1744958841
|switch|p1a: Ninetales|Ninetales, F|99/100
|-weather|SunnyDay|[from] ability: Drought|[of] p1a: Ninetales
|move|p2a: Thundurus|Thunder|p1a: Ninetales|[miss]
|-miss|p2a: Thundurus|p1a: Ninetales
|
|-weather|SunnyDay|[upkeep]
|upkeep
|turn|16
|
|t:|1744958849
|switch|p1a: Blissey|Blissey, F|98/100
|switch|p2a: Politoed|Politoed, F|88/100 brn
|-weather|RainDance|[from] ability: Drizzle|[of] p2a: Politoed
|
|-weather|RainDance|[upkeep]
|-heal|p2a: Politoed|94/100 brn|[from] item: Leftovers
|-damage|p2a: Politoed|82/100 brn|[from] brn
|upkeep
|turn|17
|
|t:|1744958862
|switch|p2a: Keldeo|Keldeo-Resolute|100/100
|move|p1a: Blissey|Stealth Rock|p2a: Keldeo
|-sidestart|p2: baixiaohen|move: Stealth Rock
|
|-weather|RainDance|[upkeep]
|upkeep
|turn|18
|
|t:|1744958870
|switch|p1a: Dragonite|Dragonite, M|100/100
|move|p2a: Keldeo|Substitute|p2a: Keldeo
|-start|p2a: Keldeo|Substitute
|-damage|p2a: Keldeo|75/100
|
|-weather|RainDance|[upkeep]
|-heal|p2a: Keldeo|82/100|[from] item: Leftovers
|upkeep
|turn|19
|
|t:|1744958877
|move|p2a: Keldeo|Calm Mind|p2a: Keldeo
|-boost|p2a: Keldeo|spa|1
|-boost|p2a: Keldeo|spd|1
|move|p1a: Dragonite|Dragon Dance|p1a: Dragonite
|-boost|p1a: Dragonite|atk|1
|-boost|p1a: Dragonite|spe|1
|
|-weather|RainDance|[upkeep]
|-heal|p2a: Keldeo|88/100|[from] item: Leftovers
|upkeep
|turn|20
|
|t:|1744958884
|move|p1a: Dragonite|Dragon Dance|p1a: Dragonite
|-boost|p1a: Dragonite|atk|1
|-boost|p1a: Dragonite|spe|1
|move|p2a: Keldeo|Surf|p1a: Dragonite
|-resisted|p1a: Dragonite
|-damage|p1a: Dragonite|76/100
|
|-weather|RainDance|[upkeep]
|-heal|p1a: Dragonite|83/100|[from] item: Leftovers
|-heal|p2a: Keldeo|94/100|[from] item: Leftovers
|upkeep
|turn|21
|
|t:|1744958892
|move|p1a: Dragonite|Roost|p1a: Dragonite
|-heal|p1a: Dragonite|100/100
|-singleturn|p1a: Dragonite|move: Roost
|move|p2a: Keldeo|Surf|p1a: Dragonite
|-resisted|p1a: Dragonite
|-damage|p1a: Dragonite|77/100
|
|-weather|RainDance|[upkeep]
|-heal|p1a: Dragonite|83/100|[from] item: Leftovers
|-heal|p2a: Keldeo|99/100|[from] item: Leftovers
|upkeep
|turn|22
|
|t:|1744958902
|move|p1a: Dragonite|Substitute|p1a: Dragonite
|-start|p1a: Dragonite|Substitute
|-damage|p1a: Dragonite|58/100
|move|p2a: Keldeo|Surf|p1a: Dragonite
|-resisted|p1a: Dragonite
|-end|p1a: Dragonite|Substitute
|
|-weather|RainDance|[upkeep]
|-heal|p1a: Dragonite|64/100|[from] item: Leftovers
|-heal|p2a: Keldeo|100/100|[from] item: Leftovers
|upkeep
|turn|23
|
|t:|1744958908
|move|p1a: Dragonite|Roost|p1a: Dragonite
|-heal|p1a: Dragonite|100/100
|-singleturn|p1a: Dragonite|move: Roost
|move|p2a: Keldeo|Surf|p1a: Dragonite
|-resisted|p1a: Dragonite
|-damage|p1a: Dragonite|77/100
|
|-weather|RainDance|[upkeep]
|-heal|p1a: Dragonite|83/100|[from] item: Leftovers
|upkeep
|turn|24
|
|t:|1744958917
|move|p1a: Dragonite|Substitute|p1a: Dragonite
|-start|p1a: Dragonite|Substitute
|-damage|p1a: Dragonite|58/100
|move|p2a: Keldeo|Surf|p1a: Dragonite
|-resisted|p1a: Dragonite
|-end|p1a: Dragonite|Substitute
|
|-weather|RainDance|[upkeep]
|-heal|p1a: Dragonite|64/100|[from] item: Leftovers
|upkeep
|turn|25
|
|t:|1744958925
|move|p1a: Dragonite|Roost|p1a: Dragonite
|-heal|p1a: Dragonite|100/100
|-singleturn|p1a: Dragonite|move: Roost
|move|p2a: Keldeo|Calm Mind|p2a: Keldeo
|-boost|p2a: Keldeo|spa|1
|-boost|p2a: Keldeo|spd|1
|
|-weather|RainDance|[upkeep]
|upkeep
|turn|26
|
|t:|1744958933
|move|p1a: Dragonite|Dragon Claw|p2a: Keldeo
|-crit|p2a: Keldeo
|-end|p2a: Keldeo|Substitute
|move|p2a: Keldeo|Surf|p1a: Dragonite
|-resisted|p1a: Dragonite
|-damage|p1a: Dragonite|71/100
|
|-weather|RainDance|[upkeep]
|-heal|p1a: Dragonite|78/100|[from] item: Leftovers
|upkeep
|turn|27
|
|t:|1744958946
|move|p1a: Dragonite|Substitute|p1a: Dragonite
|-start|p1a: Dragonite|Substitute
|-damage|p1a: Dragonite|53/100
|move|p2a: Keldeo|Surf|p1a: Dragonite
|-resisted|p1a: Dragonite
|-end|p1a: Dragonite|Substitute
|
|-weather|RainDance|[upkeep]
|-heal|p1a: Dragonite|59/100|[from] item: Leftovers
|upkeep
|turn|28
|
|t:|1744958953
|switch|p2a: Ferrothorn|Ferrothorn, F|90/100
|-damage|p2a: Ferrothorn|84/100|[from] Stealth Rock
|move|p1a: Dragonite|Roost|p1a: Dragonite
|-heal|p1a: Dragonite|100/100
|-singleturn|p1a: Dragonite|move: Roost
|
|-weather|RainDance|[upkeep]
|-heal|p2a: Ferrothorn|90/100|[from] item: Leftovers
|upkeep
|turn|29
|
|t:|1744958959
|switch|p1a: Xatu|Xatu, F|99/100
|move|p2a: Ferrothorn|Gyro Ball|p1a: Xatu
|-crit|p1a: Xatu
|-damage|p1a: Xatu|9/100
|-damage|p2a: Ferrothorn|74/100|[from] item: Rocky Helmet|[of] p1a: Xatu
|
|-weather|RainDance|[upkeep]
|-heal|p2a: Ferrothorn|80/100|[from] item: Leftovers
|upkeep
|turn|30
|
|t:|1744958971
|switch|p2a: Latios|Latios, M|100/100
|-damage|p2a: Latios|88/100|[from] Stealth Rock
|move|p1a: Xatu|Roost|p1a: Xatu
|-heal|p1a: Xatu|59/100
|-singleturn|p1a: Xatu|move: Roost
|
|-weather|RainDance|[upkeep]
|upkeep
|turn|31
|
|t:|1744958978
|switch|p1a: Cresselia|Cresselia, F|100/100
|move|p2a: Latios|Trick|p1a: Cresselia
|-activate|p2a: Latios|move: Trick|[of] p1a: Cresselia
|-item|p1a: Cresselia|Choice Scarf|[from] move: Trick
|-item|p2a: Latios|Leftovers|[from] move: Trick
|
|-weather|RainDance|[upkeep]
|-heal|p2a: Latios|94/100|[from] item: Leftovers
|upkeep
|turn|32
|inactive|baixiaohen has 120 seconds left.
|
|t:|1744959011
|switch|p2a: Tentacruel|Tentacruel, M|85/100 brn
|-damage|p2a: Tentacruel|72/100 brn|[from] Stealth Rock
|switch|p1a: Blissey|Blissey, F|98/100
|
|-weather|RainDance|[upkeep]
|-heal|p2a: Tentacruel|79/100 brn|[from] ability: Rain Dish
|-heal|p2a: Tentacruel|85/100 brn|[from] item: Leftovers
|-damage|p2a: Tentacruel|72/100 brn|[from] brn
|upkeep
|turn|33
|
|t:|1744959018
|move|p2a: Tentacruel|Protect|p2a: Tentacruel
|-singleturn|p2a: Tentacruel|Protect
|move|p1a: Blissey|Seismic Toss|p2a: Tentacruel
|-activate|p2a: Tentacruel|move: Protect
|
|-weather|RainDance|[upkeep]
|-heal|p2a: Tentacruel|78/100 brn|[from] ability: Rain Dish
|-heal|p2a: Tentacruel|84/100 brn|[from] item: Leftovers
|-damage|p2a: Tentacruel|72/100 brn|[from] brn
|upkeep
|turn|34
|
|t:|1744959026
|move|p2a: Tentacruel|Rapid Spin|p1a: Blissey
|-damage|p1a: Blissey|96/100
|-sideend|p2: baixiaohen|Stealth Rock|[from] move: Rapid Spin|[of] p2a: Tentacruel
|move|p1a: Blissey|Seismic Toss|p2a: Tentacruel
|-damage|p2a: Tentacruel|44/100 brn
|
|-weather|RainDance|[upkeep]
|-heal|p2a: Tentacruel|50/100 brn|[from] ability: Rain Dish
|-heal|p2a: Tentacruel|57/100 brn|[from] item: Leftovers
|-damage|p2a: Tentacruel|44/100 brn|[from] brn
|upkeep
|turn|35
|
|t:|1744959041
|switch|p2a: Ferrothorn|Ferrothorn, F|80/100
|move|p1a: Blissey|Stealth Rock|p2a: Ferrothorn
|-sidestart|p2: baixiaohen|move: Stealth Rock
|
|-weather|RainDance|[upkeep]
|-heal|p2a: Ferrothorn|86/100|[from] item: Leftovers
|upkeep
|turn|36
|
|t:|1744959047
|switch|p1a: Ninetales|Ninetales, F|99/100
|-weather|SunnyDay|[from] ability: Drought|[of] p1a: Ninetales
|move|p2a: Ferrothorn|Gyro Ball|p1a: Ninetales
|-resisted|p1a: Ninetales
|-damage|p1a: Ninetales|73/100
|
|-weather|SunnyDay|[upkeep]
|-heal|p2a: Ferrothorn|93/100|[from] item: Leftovers
|upkeep
|turn|37
|
|t:|1744959060
|switch|p1a: Blissey|Blissey, F|96/100
|switch|p2a: Politoed|Politoed, F|82/100 brn
|-damage|p2a: Politoed|69/100 brn|[from] Stealth Rock
|-weather|RainDance|[from] ability: Drizzle|[of] p2a: Politoed
|
|-weather|RainDance|[upkeep]
|-heal|p2a: Politoed|75/100 brn|[from] item: Leftovers
|-damage|p2a: Politoed|63/100 brn|[from] brn
|upkeep
|turn|38
|
|t:|1744959067
|switch|p2a: Ferrothorn|Ferrothorn, F|93/100
|-damage|p2a: Ferrothorn|86/100|[from] Stealth Rock
|move|p1a: Blissey|Seismic Toss|p2a: Ferrothorn
|-damage|p2a: Ferrothorn|58/100
|-damage|p1a: Blissey|84/100|[from] ability: Iron Barbs|[of] p2a: Ferrothorn
|
|-weather|RainDance|[upkeep]
|-heal|p2a: Ferrothorn|64/100|[from] item: Leftovers
|upkeep
|turn|39
|
|t:|1744959074
|switch|p1a: Xatu|Xatu, F|59/100
|move|p2a: Ferrothorn|Gyro Ball|p1a: Xatu
|-damage|p1a: Xatu|7/100
|-damage|p2a: Ferrothorn|48/100|[from] item: Rocky Helmet|[of] p1a: Xatu
|
|-weather|RainDance|[upkeep]
|-heal|p2a: Ferrothorn|54/100|[from] item: Leftovers
|upkeep
|turn|40
|
|t:|1744959082
|move|p1a: Xatu|Roost|p1a: Xatu
|-heal|p1a: Xatu|58/100
|-singleturn|p1a: Xatu|move: Roost
|move|p2a: Ferrothorn|Gyro Ball|p1a: Xatu
|-damage|p1a: Xatu|13/100
|-damage|p2a: Ferrothorn|37/100|[from] item: Rocky Helmet|[of] p1a: Xatu
|
|-weather|RainDance|[upkeep]
|-heal|p2a: Ferrothorn|44/100|[from] item: Leftovers
|upkeep
|turn|41
|
|t:|1744959091
|switch|p2a: Keldeo|Keldeo-Resolute|100/100
|-damage|p2a: Keldeo|94/100|[from] Stealth Rock
|move|p1a: Xatu|Roost|p1a: Xatu
|-heal|p1a: Xatu|63/100
|-singleturn|p1a: Xatu|move: Roost
|
|-weather|RainDance|[upkeep]
|-heal|p2a: Keldeo|100/100|[from] item: Leftovers
|upkeep
|turn|42
|-message|baixiaohen forfeited.
|
|win|ddtdh
|raw|ddtdh's rating: 1416 &rarr; <strong>1434</strong><br />(+18 for winning)
|raw|baixiaohen's rating: 1375 &rarr; <strong>1357</strong><br />(-18 for losing)
|l|☆baixiaohen
|player|p2|
