|j|☆qishilu18
|j|☆Crimsonbacon38
|t:|1736187867
|gametype|singles
|player|p1|qishilu18|shauntal|1370
|player|p2|Crimsonbacon38|barry|1360
|teamsize|p1|6
|teamsize|p2|6
|gen|5
|tier|[Gen 5] OU
|rated|
|rule|Species Clause: Limit one of each Pokémon
|rule|OHKO Clause: OHKO moves are banned
|rule|Moody Clause: Moody is banned
|rule|Evasion Items Clause: Evasion items are banned
|rule|Evasion Moves Clause: Evasion moves are banned
|rule|Endless Battle Clause: Forcing endless battles is banned
|rule|HP Percentage Mod: HP is shown in percentages
|rule|Evasion Abilities Clause: Evasion abilities are banned
|rule|Sleep Moves Clause: Sleep-inducing moves are banned
|rule|Swagger Clause: Swagger is banned
|rule|Baton Pass Stat Clause: No Baton Passer may have a way to boost its stats
|clearpoke
|poke|p1|Politoed, M|item
|poke|p1|Tentacruel, F|item
|poke|p1|Ferrothorn, M|item
|poke|p1|Keldeo-Resolute|item
|poke|p1|Thundurus-Therian, M|item
|poke|p1|Latios, M|item
|poke|p2|Tyranitar, F|item
|poke|p2|Excadrill, M|item
|poke|p2|Latios, M|item
|poke|p2|Scizor, F|item
|poke|p2|Garchomp, M|item
|poke|p2|Ferrothorn, F|item
|teampreview
|
|t:|1736187892
|start
|switch|p1a: Thundurus|Thundurus-Therian, M|100/100
|switch|p2a: Tyranitar|Tyranitar, F|100/100
|-weather|Sandstorm|[from] ability: Sand Stream|[of] p2a: Tyranitar
|turn|1
|inactive|Battle timer is ON: inactive players will automatically lose when time's up. (requested by qishilu18)
|
|t:|1736187910
|move|p1a: Thundurus|Focus Blast|p2a: Tyranitar|[miss]
|-miss|p1a: Thundurus|p2a: Tyranitar
|move|p2a: Tyranitar|Ice Punch|p1a: Thundurus
|-supereffective|p1a: Thundurus
|-damage|p1a: Thundurus|8/100
|
|-weather|Sandstorm|[upkeep]
|-damage|p1a: Thundurus|1/100|[from] Sandstorm
|-heal|p1a: Thundurus|8/100|[from] item: Leftovers
|upkeep
|turn|2
|
|t:|1736187929
|switch|p2a: Latios|Latios, M|100/100
|move|p1a: Thundurus|Focus Blast|p2a: Latios
|-resisted|p2a: Latios
|-damage|p2a: Latios|78/100
|
|-weather|Sandstorm|[upkeep]
|-damage|p2a: Latios|72/100|[from] Sandstorm
|-damage|p1a: Thundurus|1/100|[from] Sandstorm
|-heal|p1a: Thundurus|8/100|[from] item: Leftovers
|upkeep
|turn|3
|
|t:|1736187942
|move|p2a: Latios|Psyshock|p1a: Thundurus
|-damage|p1a: Thundurus|0 fnt
|faint|p1a: Thundurus
|
|-weather|Sandstorm|[upkeep]
|-damage|p2a: Latios|66/100|[from] Sandstorm
|upkeep
|
|t:|1736187946
|switch|p1a: Politoed|Politoed, M|100/100
|-weather|RainDance|[from] ability: Drizzle|[of] p1a: Politoed
|turn|4
|
|t:|1736187950
|switch|p2a: Ferrothorn|Ferrothorn, F|100/100
|move|p1a: Politoed|Toxic|p2a: Ferrothorn
|-immune|p2a: Ferrothorn
|
|-weather|RainDance|[upkeep]
|upkeep
|turn|5
|
|t:|1736187959
|switch|p1a: Tentacruel|Tentacruel, F|100/100
|move|p2a: Ferrothorn|Spikes|p1a: Tentacruel
|-sidestart|p1: qishilu18|Spikes
|
|-weather|RainDance|[upkeep]
|upkeep
|turn|6
|
|t:|1736187962
|move|p1a: Tentacruel|Scald|p2a: Ferrothorn
|-resisted|p2a: Ferrothorn
|-damage|p2a: Ferrothorn|89/100
|move|p2a: Ferrothorn|Knock Off|p1a: Tentacruel
|-damage|p1a: Tentacruel|95/100
|-enditem|p1a: Tentacruel|Black Sludge|[from] move: Knock Off|[of] p2a: Ferrothorn
|
|-weather|RainDance|[upkeep]
|-heal|p1a: Tentacruel|100/100|[from] ability: Rain Dish
|-heal|p2a: Ferrothorn|95/100|[from] item: Leftovers
|upkeep
|turn|7
|
|t:|1736187974
|switch|p2a: Latios|Latios, M|66/100
|move|p1a: Tentacruel|Scald|p2a: Latios
|-resisted|p2a: Latios
|-damage|p2a: Latios|48/100
|
|-weather|RainDance|[upkeep]
|upkeep
|turn|8
|
|t:|1736187980
|switch|p2a: Garchomp|Garchomp, M|100/100
|move|p1a: Tentacruel|Toxic|p2a: Garchomp
|-status|p2a: Garchomp|tox
|
|-weather|RainDance|[upkeep]
|-damage|p2a: Garchomp|94/100 tox|[from] psn
|upkeep
|turn|9
|
|t:|1736187986
|move|p2a: Garchomp|Stealth Rock|p1a: Tentacruel
|-sidestart|p1: qishilu18|move: Stealth Rock
|move|p1a: Tentacruel|Scald|p2a: Garchomp
|-damage|p2a: Garchomp|55/100 tox
|
|-weather|RainDance|[upkeep]
|-heal|p2a: Garchomp|62/100 tox|[from] item: Leftovers
|-damage|p2a: Garchomp|49/100 tox|[from] psn
|upkeep
|turn|10
|
|t:|1736187994
|move|p2a: Garchomp|Earthquake|p1a: Tentacruel
|-supereffective|p1a: Tentacruel
|-damage|p1a: Tentacruel|0 fnt
|faint|p1a: Tentacruel
|
|-weather|RainDance|[upkeep]
|-heal|p2a: Garchomp|55/100 tox|[from] item: Leftovers
|-damage|p2a: Garchomp|37/100 tox|[from] psn
|upkeep
|
|t:|1736188002
|switch|p1a: Keldeo|Keldeo-Resolute|100/100
|-damage|p1a: Keldeo|88/100|[from] Spikes
|-damage|p1a: Keldeo|82/100|[from] Stealth Rock
|turn|11
|inactive|Crimsonbacon38 has 120 seconds left.
|inactive|Crimsonbacon38 has 90 seconds left.
|
|t:|1736188063
|switch|p2a: Ferrothorn|Ferrothorn, F|95/100
|move|p1a: Keldeo|Secret Sword|p2a: Ferrothorn
|-supereffective|p2a: Ferrothorn
|-damage|p2a: Ferrothorn|33/100
|
|-weather|RainDance|[upkeep]
|-heal|p2a: Ferrothorn|40/100|[from] item: Leftovers
|upkeep
|turn|12
|inactive|Crimsonbacon38 has 90 seconds left.
|
|t:|1736188075
|switch|p2a: Latios|Latios, M|48/100
|move|p1a: Keldeo|Secret Sword|p2a: Latios
|-resisted|p2a: Latios
|-damage|p2a: Latios|18/100
|
|-weather|RainDance|[upkeep]
|upkeep
|turn|13
|
|t:|1736188081
|move|p2a: Latios|Draco Meteor|p1a: Keldeo
|-crit|p1a: Keldeo
|-damage|p1a: Keldeo|0 fnt
|-unboost|p2a: Latios|spa|2
|faint|p1a: Keldeo
|
|-weather|RainDance|[upkeep]
|upkeep
|
|t:|1736188087
|switch|p1a: Ferrothorn|Ferrothorn, M|100/100
|-damage|p1a: Ferrothorn|88/100|[from] Spikes
|-damage|p1a: Ferrothorn|82/100|[from] Stealth Rock
|turn|14
|inactive|Crimsonbacon38 has 90 seconds left.
|
|t:|1736188110
|switch|p2a: Scizor|Scizor, F|100/100
|move|p1a: Ferrothorn|Power Whip|p2a: Scizor
|-resisted|p2a: Scizor
|-damage|p2a: Scizor|89/100
|
|-weather|RainDance|[upkeep]
|-heal|p1a: Ferrothorn|88/100|[from] item: Leftovers
|upkeep
|turn|15
|
|t:|1736188120
|move|p2a: Scizor|U-turn|p1a: Ferrothorn
|-damage|p1a: Ferrothorn|50/100
|-damage|p2a: Scizor|77/100|[from] ability: Iron Barbs|[of] p1a: Ferrothorn
|
|t:|1736188124
|switch|p2a: Latios|Latios, M|18/100|[from] U-turn
|move|p1a: Ferrothorn|Stealth Rock|p2a: Latios
|-sidestart|p2: Crimsonbacon38|move: Stealth Rock
|
|-weather|RainDance|[upkeep]
|-heal|p1a: Ferrothorn|56/100|[from] item: Leftovers
|upkeep
|turn|16
|
|t:|1736188134
|move|p2a: Latios|Trick|p1a: Ferrothorn
|-activate|p2a: Latios|move: Trick|[of] p1a: Ferrothorn
|-item|p1a: Ferrothorn|Choice Scarf|[from] move: Trick
|-item|p2a: Latios|Leftovers|[from] move: Trick
|move|p1a: Ferrothorn|Power Whip|p2a: Latios
|-resisted|p2a: Latios
|-damage|p2a: Latios|0 fnt
|faint|p2a: Latios
|
|-weather|RainDance|[upkeep]
|upkeep
|
|t:|1736188147
|switch|p2a: Tyranitar|Tyranitar, F|100/100
|-damage|p2a: Tyranitar|88/100|[from] Stealth Rock
|-weather|Sandstorm|[from] ability: Sand Stream|[of] p2a: Tyranitar
|turn|17
|
|t:|1736188149
|move|p2a: Tyranitar|Superpower|p1a: Ferrothorn
|-supereffective|p1a: Ferrothorn
|-damage|p1a: Ferrothorn|0 fnt
|-unboost|p2a: Tyranitar|atk|1
|-unboost|p2a: Tyranitar|def|1
|-damage|p2a: Tyranitar|76/100|[from] ability: Iron Barbs|[of] p1a: Ferrothorn
|faint|p1a: Ferrothorn
|
|-weather|Sandstorm|[upkeep]
|upkeep
|
|t:|1736188152
|switch|p1a: Politoed|Politoed, M|100/100
|-damage|p1a: Politoed|88/100|[from] Spikes
|-damage|p1a: Politoed|76/100|[from] Stealth Rock
|-weather|RainDance|[from] ability: Drizzle|[of] p1a: Politoed
|turn|18
|
|t:|1736188166
|switch|p2a: Ferrothorn|Ferrothorn, F|40/100
|-damage|p2a: Ferrothorn|33/100|[from] Stealth Rock
|move|p1a: Politoed|Scald|p2a: Ferrothorn
|-resisted|p2a: Ferrothorn
|-damage|p2a: Ferrothorn|21/100
|
|-weather|RainDance|[upkeep]
|-heal|p1a: Politoed|82/100|[from] item: Leftovers
|-heal|p2a: Ferrothorn|27/100|[from] item: Leftovers
|upkeep
|turn|19
|
|t:|1736188174
|move|p1a: Politoed|Scald|p2a: Ferrothorn
|-resisted|p2a: Ferrothorn
|-damage|p2a: Ferrothorn|16/100
|move|p2a: Ferrothorn|Knock Off|p1a: Politoed
|-damage|p1a: Politoed|77/100
|-enditem|p1a: Politoed|Leftovers|[from] move: Knock Off|[of] p2a: Ferrothorn
|
|-weather|RainDance|[upkeep]
|-heal|p2a: Ferrothorn|22/100|[from] item: Leftovers
|upkeep
|turn|20
|
|t:|1736188178
|move|p1a: Politoed|Scald|p2a: Ferrothorn
|-resisted|p2a: Ferrothorn
|-damage|p2a: Ferrothorn|10/100
|move|p2a: Ferrothorn|Power Whip|p1a: Politoed|[miss]
|-miss|p2a: Ferrothorn|p1a: Politoed
|
|-weather|RainDance|[upkeep]
|-heal|p2a: Ferrothorn|16/100|[from] item: Leftovers
|upkeep
|turn|21
|
|t:|1736188186
|move|p1a: Politoed|Scald|p2a: Ferrothorn
|-resisted|p2a: Ferrothorn
|-damage|p2a: Ferrothorn|3/100
|move|p2a: Ferrothorn|Power Whip|p1a: Politoed
|-supereffective|p1a: Politoed
|-damage|p1a: Politoed|5/100
|
|-weather|RainDance|[upkeep]
|-heal|p2a: Ferrothorn|10/100|[from] item: Leftovers
|upkeep
|turn|22
|
|t:|1736188193
|switch|p2a: Tyranitar|Tyranitar, F|76/100
|-damage|p2a: Tyranitar|64/100|[from] Stealth Rock
|-weather|Sandstorm|[from] ability: Sand Stream|[of] p2a: Tyranitar
|move|p1a: Politoed|Scald|p2a: Tyranitar
|-supereffective|p2a: Tyranitar
|-damage|p2a: Tyranitar|36/100
|
|-weather|Sandstorm|[upkeep]
|-damage|p1a: Politoed|0 fnt|[from] Sandstorm
|faint|p1a: Politoed
|upkeep
|
|t:|1736188196
|switch|p1a: Latios|Latios, M|100/100
|-damage|p1a: Latios|88/100|[from] Stealth Rock
|turn|23
|
|t:|1736188204
|switch|p2a: Ferrothorn|Ferrothorn, F|10/100
|-damage|p2a: Ferrothorn|3/100|[from] Stealth Rock
|move|p1a: Latios|Surf|p2a: Ferrothorn
|-resisted|p2a: Ferrothorn
|-damage|p2a: Ferrothorn|0 fnt
|faint|p2a: Ferrothorn
|
|-weather|Sandstorm|[upkeep]
|-damage|p1a: Latios|82/100|[from] Sandstorm
|upkeep
|
|t:|1736188228
|switch|p2a: Excadrill|Excadrill, M|100/100
|-damage|p2a: Excadrill|97/100|[from] Stealth Rock
|turn|24
|
|t:|1736188232
|switch|p2a: Garchomp|Garchomp, M|37/100 tox
|-damage|p2a: Garchomp|31/100 tox|[from] Stealth Rock
|move|p1a: Latios|Surf|p2a: Garchomp
|-damage|p2a: Garchomp|0 fnt
|faint|p2a: Garchomp
|
|-weather|Sandstorm|[upkeep]
|-damage|p1a: Latios|76/100|[from] Sandstorm
|upkeep
|
|t:|1736188241
|switch|p2a: Excadrill|Excadrill, M|97/100
|-damage|p2a: Excadrill|94/100|[from] Stealth Rock
|turn|25
|
|t:|1736188243
|switch|p2a: Tyranitar|Tyranitar, F|36/100
|-damage|p2a: Tyranitar|24/100|[from] Stealth Rock
|move|p1a: Latios|Surf|p2a: Tyranitar
|-supereffective|p2a: Tyranitar
|-damage|p2a: Tyranitar|0 fnt
|faint|p2a: Tyranitar
|
|-weather|Sandstorm|[upkeep]
|-damage|p1a: Latios|70/100|[from] Sandstorm
|upkeep
|
|t:|1736188244
|switch|p2a: Excadrill|Excadrill, M|94/100
|-damage|p2a: Excadrill|91/100|[from] Stealth Rock
|turn|26
|
|t:|1736188246
|move|p1a: Latios|Surf|p2a: Excadrill
|-supereffective|p2a: Excadrill
|-crit|p2a: Excadrill
|-damage|p2a: Excadrill|0 fnt
|faint|p2a: Excadrill
|
|-weather|Sandstorm|[upkeep]
|-damage|p1a: Latios|64/100|[from] Sandstorm
|upkeep
|
|t:|1736188249
|switch|p2a: Scizor|Scizor, F|77/100
|-damage|p2a: Scizor|65/100|[from] Stealth Rock
|turn|27
|
|t:|1736188250
|move|p2a: Scizor|Bullet Punch|p1a: Latios
|-damage|p1a: Latios|1/100
|move|p1a: Latios|Surf|p2a: Scizor
|-damage|p2a: Scizor|0 fnt
|faint|p2a: Scizor
|
|win|qishilu18
|raw|qishilu18's rating: 1370 &rarr; <strong>1389</strong><br />(+19 for winning)
|raw|Crimsonbacon38's rating: 1360 &rarr; <strong>1341</strong><br />(-19 for losing)
|c|☆Crimsonbacon38|damn; gg
|c|☆qishilu18|lolz gg
|l|☆Crimsonbacon38
|player|p2|
|l|☆qishilu18
|player|p1|
|j|☆qishilu18
|player|p1|qishilu18|shauntal|
|j|☆Crimsonbacon38
|player|p2|Crimsonbacon38|barry|
