|j|☆Simplexous
|j|☆french k.gambit
|t:|1742505249
|gametype|singles
|player|p1|Simplexous|colress|1261
|player|p2|french k.gambit|rocketgrunt|1349
|teamsize|p1|6
|teamsize|p2|6
|gen|5
|tier|[Gen 5] OU
|rated|
|rule|Species Clause: Limit one of each Pokémon
|rule|OHKO Clause: OHKO moves are banned
|rule|Moody Clause: Moody is banned
|rule|Evasion Items Clause: Evasion items are banned
|rule|Evasion Moves Clause: Evasion moves are banned
|rule|Endless Battle Clause: Forcing endless battles is banned
|rule|HP Percentage Mod: HP is shown in percentages
|rule|Evasion Abilities Clause: Evasion abilities are banned
|rule|Sleep Moves Clause: Sleep-inducing moves are banned
|rule|Swagger Clause: Swagger is banned
|rule|Baton Pass Stat Clause: No Baton Passer may have a way to boost its stats
|clearpoke
|poke|p1|Abomasnow, M|item
|poke|p1|Gliscor, F|item
|poke|p1|Forretress, M|item
|poke|p1|Blissey, F|item
|poke|p1|Latios, M|item
|poke|p1|Reuniclus, M|item
|poke|p2|Breloom, M|item
|poke|p2|Skarmory, M|item
|poke|p2|Cofagrigus, M|item
|poke|p2|Dragonite, M|item
|poke|p2|Rotom-Wash|item
|poke|p2|Scizor, M|item
|teampreview
|inactive|Battle timer is ON: inactive players will automatically lose when time's up. (requested by Simplexous)
|inactive|french k.gambit has 120 seconds left.
|
|t:|1742505286
|start
|switch|p1a: MERRY CHRISTMAS|Abomasnow, M|100/100
|switch|p2a: Skarmory|Skarmory, M|100/100
|-weather|Hail|[from] ability: Snow Warning|[of] p1a: MERRY CHRISTMAS
|turn|1
|inactive|Simplexous has 120 seconds left.
|
|t:|1742505324
|move|p2a: Skarmory|Brave Bird|p1a: MERRY CHRISTMAS
|-supereffective|p1a: MERRY CHRISTMAS
|-damage|p1a: MERRY CHRISTMAS|2/100
|-damage|p2a: Skarmory|48/100|[from] Recoil
|move|p1a: MERRY CHRISTMAS|Blizzard|p2a: Skarmory
|-damage|p2a: Skarmory|0 fnt
|faint|p2a: Skarmory
|
|-weather|Hail|[upkeep]
|-heal|p1a: MERRY CHRISTMAS|8/100|[from] item: Leftovers
|upkeep
|inactive|french k.gambit has 120 seconds left.
|
|t:|1742505364
|switch|p2a: Scizor|Scizor, M|100/100
|turn|2
|
|t:|1742505372
|move|p2a: Scizor|Bullet Punch|p1a: MERRY CHRISTMAS
|-supereffective|p1a: MERRY CHRISTMAS
|-damage|p1a: MERRY CHRISTMAS|0 fnt
|faint|p1a: MERRY CHRISTMAS
|
|-weather|Hail|[upkeep]
|-damage|p2a: Scizor|94/100|[from] Hail
|upkeep
|
|t:|1742505387
|switch|p1a: Racist Uncle|Gliscor, F|100/100
|turn|3
|
|t:|1742505399
|switch|p2a: Rotom|Rotom-Wash|100/100
|move|p1a: Racist Uncle|Stealth Rock|p2a: Rotom
|-sidestart|p2: french k.gambit|move: Stealth Rock
|
|-weather|Hail|[upkeep]
|-damage|p2a: Rotom|94/100|[from] Hail
|-damage|p1a: Racist Uncle|94/100|[from] Hail
|-heal|p2a: Rotom|100/100|[from] item: Leftovers
|-status|p1a: Racist Uncle|tox|[from] item: Toxic Orb
|upkeep
|turn|4
|
|t:|1742505413
|switch|p1a: Eggnog|Blissey, F|100/100
|move|p2a: Rotom|Hydro Pump|p1a: Eggnog|[miss]
|-miss|p2a: Rotom|p1a: Eggnog
|
|-weather|Hail|[upkeep]
|-damage|p2a: Rotom|94/100|[from] Hail
|-damage|p1a: Eggnog|94/100|[from] Hail
|-heal|p2a: Rotom|100/100|[from] item: Leftovers
|-heal|p1a: Eggnog|100/100|[from] item: Leftovers
|upkeep
|turn|5
|
|t:|1742505422
|move|p2a: Rotom|Volt Switch|p1a: Eggnog
|-damage|p1a: Eggnog|90/100
|
|t:|1742505443
|switch|p2a: Cofagrigus|Cofagrigus, M|100/100|[from] Volt Switch
|-damage|p2a: Cofagrigus|88/100|[from] Stealth Rock
|move|p1a: Eggnog|Thunder Wave|p2a: Cofagrigus
|-status|p2a: Cofagrigus|par
|
|-weather|Hail|[upkeep]
|-damage|p1a: Eggnog|84/100|[from] Hail
|-damage|p2a: Cofagrigus|82/100 par|[from] Hail
|-heal|p1a: Eggnog|90/100|[from] item: Leftovers
|-heal|p2a: Cofagrigus|88/100 par|[from] item: Leftovers
|upkeep
|turn|6
|
|t:|1742505465
|switch|p1a: Dreidel|Forretress, M|100/100
|move|p2a: Cofagrigus|Nasty Plot|p2a: Cofagrigus
|-boost|p2a: Cofagrigus|spa|2
|
|-weather|Hail|[upkeep]
|-damage|p2a: Cofagrigus|82/100 par|[from] Hail
|-heal|p2a: Cofagrigus|88/100 par|[from] item: Leftovers
|upkeep
|turn|7
|
|t:|1742505474
|move|p1a: Dreidel|Spikes|p2a: Cofagrigus
|-sidestart|p2: french k.gambit|Spikes
|move|p2a: Cofagrigus|Nasty Plot|p2a: Cofagrigus
|-boost|p2a: Cofagrigus|spa|2
|
|-weather|Hail|[upkeep]
|-damage|p2a: Cofagrigus|82/100 par|[from] Hail
|-heal|p2a: Cofagrigus|88/100 par|[from] item: Leftovers
|upkeep
|turn|8
|
|t:|1742505486
|move|p1a: Dreidel|Earthquake|p2a: Cofagrigus
|-damage|p2a: Cofagrigus|73/100 par
|cant|p2a: Cofagrigus|par
|
|-weather|Hail|[upkeep]
|-damage|p2a: Cofagrigus|67/100 par|[from] Hail
|-heal|p2a: Cofagrigus|73/100 par|[from] item: Leftovers
|upkeep
|turn|9
|
|t:|1742505499
|move|p1a: Dreidel|Earthquake|p2a: Cofagrigus
|-damage|p2a: Cofagrigus|55/100 par
|move|p2a: Cofagrigus|Trick Room|p2a: Cofagrigus
|-fieldstart|move: Trick Room|[of] p2a: Cofagrigus
|
|-weather|Hail|[upkeep]
|-damage|p2a: Cofagrigus|49/100 par|[from] Hail
|-heal|p2a: Cofagrigus|55/100 par|[from] item: Leftovers
|upkeep
|turn|10
|
|t:|1742505508
|cant|p2a: Cofagrigus|par
|move|p1a: Dreidel|Earthquake|p2a: Cofagrigus
|-damage|p2a: Cofagrigus|39/100 par
|
|-weather|Hail|[upkeep]
|-damage|p2a: Cofagrigus|33/100 par|[from] Hail
|-heal|p2a: Cofagrigus|39/100 par|[from] item: Leftovers
|upkeep
|turn|11
|inactive|french k.gambit has 120 seconds left.
|
|t:|1742505516
|move|p2a: Cofagrigus|Hidden Power|p1a: Dreidel
|-damage|p1a: Dreidel|15/100
|move|p1a: Dreidel|Earthquake|p2a: Cofagrigus
|-damage|p2a: Cofagrigus|22/100 par
|
|-weather|Hail|[upkeep]
|-damage|p2a: Cofagrigus|16/100 par|[from] Hail
|-heal|p2a: Cofagrigus|22/100 par|[from] item: Leftovers
|-heal|p1a: Dreidel|21/100|[from] item: Leftovers
|upkeep
|turn|12
|
|t:|1742505526
|cant|p2a: Cofagrigus|par
|move|p1a: Dreidel|Earthquake|p2a: Cofagrigus
|-crit|p2a: Cofagrigus
|-damage|p2a: Cofagrigus|0 fnt
|faint|p2a: Cofagrigus
|
|-weather|Hail|[upkeep]
|-heal|p1a: Dreidel|27/100|[from] item: Leftovers
|upkeep
|c|☆french k.gambit|bruh
|inactive|french k.gambit has 120 seconds left.
|c|☆Simplexous|Your whole team seems really crippled by para
|c|☆Simplexous|A blissey would really help absorb all of that
|inactive|french k.gambit has 90 seconds left.
|c|☆Simplexous|or a gliscor
|
|t:|1742505577
|switch|p2a: Breloom|Breloom, M|100/100
|-damage|p2a: Breloom|94/100|[from] Stealth Rock
|-damage|p2a: Breloom|82/100|[from] Spikes
|turn|13
|c|☆Simplexous|Have a swords dance gliscor and you'll be fire
|
|t:|1742505585
|move|p2a: Breloom|Mach Punch|p1a: Dreidel
|-damage|p1a: Dreidel|5/100
|-damage|p2a: Breloom|72/100|[from] item: Life Orb
|move|p1a: Dreidel|Gyro Ball|p2a: Breloom
|-damage|p2a: Breloom|32/100
|
|-weather|Hail|[upkeep]
|-damage|p2a: Breloom|26/100|[from] Hail
|-heal|p1a: Dreidel|11/100|[from] item: Leftovers
|-fieldend|move: Trick Room
|upkeep
|turn|14
|inactive|french k.gambit has 90 seconds left.
|
|t:|1742505596
|move|p2a: Breloom|Bullet Seed|p1a: Dreidel
|-resisted|p1a: Dreidel
|-damage|p1a: Dreidel|8/100
|-resisted|p1a: Dreidel
|-damage|p1a: Dreidel|4/100
|-resisted|p1a: Dreidel
|-damage|p1a: Dreidel|1/100
|-resisted|p1a: Dreidel
|-damage|p1a: Dreidel|0 fnt
|faint|p1a: Dreidel
|-hitcount|p1: Dreidel|4
|-damage|p2a: Breloom|16/100|[from] item: Life Orb
|
|-weather|Hail|[upkeep]
|-damage|p2a: Breloom|10/100|[from] Hail
|upkeep
|
|t:|1742505603
|switch|p1a: Racist Uncle|Gliscor, F|94/100 tox
|turn|15
|
|t:|1742505613
|move|p1a: Racist Uncle|Protect|p1a: Racist Uncle
|-singleturn|p1a: Racist Uncle|Protect
|move|p2a: Breloom|Swords Dance|p2a: Breloom
|-boost|p2a: Breloom|atk|2
|
|-weather|Hail|[upkeep]
|-damage|p2a: Breloom|4/100|[from] Hail
|-damage|p1a: Racist Uncle|88/100 tox|[from] Hail
|-heal|p1a: Racist Uncle|100/100 tox|[from] ability: Poison Heal
|upkeep
|turn|16
|
|t:|1742505625
|move|p1a: Racist Uncle|Protect||[still]
|-fail|p1a: Racist Uncle
|move|p2a: Breloom|Bullet Seed|p1a: Racist Uncle
|-damage|p1a: Racist Uncle|63/100 tox
|-damage|p1a: Racist Uncle|25/100 tox
|-hitcount|p1a: Racist Uncle|2
|-damage|p2a: Breloom|0 fnt|[from] item: Life Orb
|faint|p2a: Breloom
|
|-weather|Hail|[upkeep]
|-damage|p1a: Racist Uncle|19/100 tox|[from] Hail
|-heal|p1a: Racist Uncle|31/100 tox|[from] ability: Poison Heal
|upkeep
|c|☆Simplexous|WOOO I DIDN'T DESERVBE THAT
|inactive|french k.gambit has 90 seconds left.
|
|t:|1742505654
|switch|p2a: Scizor|Scizor, M|94/100
|-damage|p2a: Scizor|82/100|[from] Stealth Rock
|-damage|p2a: Scizor|70/100|[from] Spikes
|turn|17
|
|t:|1742505662
|move|p1a: Racist Uncle|Protect|p1a: Racist Uncle
|-singleturn|p1a: Racist Uncle|Protect
|move|p2a: Scizor|Bullet Punch|p1a: Racist Uncle
|-activate|p1a: Racist Uncle|move: Protect
|
|-weather|Hail|[upkeep]
|-damage|p1a: Racist Uncle|25/100 tox|[from] Hail
|-damage|p2a: Scizor|64/100|[from] Hail
|-heal|p1a: Racist Uncle|38/100 tox|[from] ability: Poison Heal
|upkeep
|turn|18
|inactive|french k.gambit has 90 seconds left.
|
|t:|1742505673
|move|p2a: Scizor|Bullet Punch|p1a: Racist Uncle
|-damage|p1a: Racist Uncle|2/100 tox
|move|p1a: Racist Uncle|Earthquake|p2a: Scizor
|-damage|p2a: Scizor|34/100
|
|-weather|Hail|[upkeep]
|-damage|p1a: Racist Uncle|0 fnt|[from] Hail
|-damage|p2a: Scizor|28/100|[from] Hail
|faint|p1a: Racist Uncle
|upkeep
|
|t:|1742505682
|switch|p1a: Christmas Baby|Latios, M, shiny|100/100
|turn|19
|
|t:|1742505688
|move|p2a: Scizor|Bullet Punch|p1a: Christmas Baby
|-damage|p1a: Christmas Baby|29/100
|move|p1a: Christmas Baby|Surf|p2a: Scizor
|-damage|p2a: Scizor|0 fnt
|faint|p2a: Scizor
|
|-weather|Hail|[upkeep]
|-damage|p1a: Christmas Baby|23/100|[from] Hail
|upkeep
|inactive|french k.gambit has 90 seconds left.
|
|t:|1742505707
|switch|p2a: Dragonite|Dragonite, M|100/100
|-damage|p2a: Dragonite|76/100|[from] Stealth Rock
|turn|20
|
|t:|1742505711
|move|p2a: Dragonite|Extreme Speed|p1a: Christmas Baby
|-damage|p1a: Christmas Baby|0 fnt
|faint|p1a: Christmas Baby
|
|-weather|Hail|[upkeep]
|-damage|p2a: Dragonite|70/100|[from] Hail
|upkeep
|
|t:|1742505713
|switch|p1a: Eggnog|Blissey, F|90/100
|turn|21
|
|t:|1742505724
|switch|p2a: Rotom|Rotom-Wash|100/100
|-damage|p2a: Rotom|88/100|[from] Stealth Rock
|move|p1a: Eggnog|Thunder Wave|p2a: Rotom
|-status|p2a: Rotom|par
|
|-weather|Hail|[upkeep]
|-damage|p1a: Eggnog|84/100|[from] Hail
|-damage|p2a: Rotom|82/100 par|[from] Hail
|-heal|p1a: Eggnog|90/100|[from] item: Leftovers
|-heal|p2a: Rotom|88/100 par|[from] item: Leftovers
|upkeep
|turn|22
|
|t:|1742505739
|move|p1a: Eggnog|Thunder Wave|p2a: Rotom
|-fail|p2a: Rotom|par
|move|p2a: Rotom|Volt Switch|p1a: Eggnog
|-crit|p1a: Eggnog
|-damage|p1a: Eggnog|67/100
|
|t:|1742505744
|switch|p2a: Dragonite|Dragonite, M|70/100|[from] Volt Switch
|-damage|p2a: Dragonite|45/100|[from] Stealth Rock
|
|-weather|Hail|[upkeep]
|-damage|p2a: Dragonite|39/100|[from] Hail
|-damage|p1a: Eggnog|61/100|[from] Hail
|-heal|p1a: Eggnog|67/100|[from] item: Leftovers
|upkeep
|turn|23
|
|t:|1742505755
|switch|p1a: Chistmas Embryo|Reuniclus, M|100/100
|move|p2a: Dragonite|Superpower|p1a: Chistmas Embryo
|-resisted|p1a: Chistmas Embryo
|-damage|p1a: Chistmas Embryo|78/100
|-unboost|p2a: Dragonite|atk|1
|-unboost|p2a: Dragonite|def|1
|
|-weather|Hail|[upkeep]
|-damage|p2a: Dragonite|32/100|[from] Hail
|-heal|p1a: Chistmas Embryo|84/100|[from] item: Leftovers
|upkeep
|turn|24
|
|t:|1742505761
|switch|p2a: Rotom|Rotom-Wash|88/100 par
|-damage|p2a: Rotom|76/100 par|[from] Stealth Rock
|move|p1a: Chistmas Embryo|Psychic|p2a: Rotom
|-damage|p2a: Rotom|35/100 par
|
|-weather|Hail|[upkeep]
|-damage|p2a: Rotom|29/100 par|[from] Hail
|-heal|p1a: Chistmas Embryo|90/100|[from] item: Leftovers
|-heal|p2a: Rotom|35/100 par|[from] item: Leftovers
|upkeep
|turn|25
|
|t:|1742505788
|move|p1a: Chistmas Embryo|Psychic|p2a: Rotom
|-damage|p2a: Rotom|0 fnt
|faint|p2a: Rotom
|
|-weather|Hail|[upkeep]
|-heal|p1a: Chistmas Embryo|96/100|[from] item: Leftovers
|upkeep
|
|t:|1742505794
|switch|p2a: Dragonite|Dragonite, M|32/100
|-damage|p2a: Dragonite|8/100|[from] Stealth Rock
|turn|26
|
|t:|1742505798
|move|p2a: Dragonite|Outrage|p1a: Chistmas Embryo
|-damage|p1a: Chistmas Embryo|24/100
|move|p1a: Chistmas Embryo|Psychic|p2a: Dragonite
|-damage|p2a: Dragonite|0 fnt
|faint|p2a: Dragonite
|
|win|Simplexous
|raw|Simplexous's rating: 1281 &rarr; <strong>1311</strong><br />(+30 for winning)
|raw|french k.gambit's rating: 1349 &rarr; <strong>1325</strong><br />(-24 for losing)
|c|☆Simplexous|gg
|c|☆french k.gambit|i actually couldve won
|c|☆Simplexous|Having a para absorber helps a lot
|c|☆french k.gambit|nah u switched
|c|☆french k.gambit|if i outraged u lost
|c|☆french k.gambit|u made a horrible play
|l|☆french k.gambit
|player|p2|
