|j|☆blackkaiser
|j|☆EMP activated
|player|p1|blackkaiser|170|1436
|player|p2|EMP activated|ingo|1424
|teamsize|p1|6
|teamsize|p2|6
|gametype|singles
|gen|5
|tier|[Gen 5] OU
|rated|
|rule|Sleep Clause Mod: Limit one foe put to sleep
|rule|Species Clause: Limit one of each Pokémon
|rule|OHKO Clause: OHKO moves are banned
|rule|Moody Clause: Moody is banned
|rule|Evasion Moves Clause: Evasion moves are banned
|rule|Endless Battle Clause: Forcing endless battles is banned
|rule|HP Percentage Mod: HP is shown in percentages
|rule|Evasion Abilities Clause: Evasion abilities are banned
|rule|Baton Pass Clause: Limit one Baton Passer, can't pass Spe and other stats simultaneously
|rule|Swagger Clause: Swagger is banned
|clearpoke
|poke|p1|Hippowdon, M|item
|poke|p1|Ferrothorn, F|item
|poke|p1|Jellicent, M|item
|poke|p1|Latios, M|item
|poke|p1|Garchomp, M|item
|poke|p1|Scizor, M|item
|poke|p2|Politoed, M|item
|poke|p2|Breloom, M|item
|poke|p2|Tentacruel, F|item
|poke|p2|Jirachi|item
|poke|p2|Tornadus, M|item
|poke|p2|Garchomp, M|item
|teampreview
|inactive|Battle timer is ON: inactive players will automatically lose when time's up. (requested by blackkaiser)
|
|start
|switch|p1a: Latios|Latios, M, shiny|100/100
|switch|p2a: Breloom|Breloom, M|100/100
|turn|1
|
|switch|p2a: Jirachi|Jirachi|100/100
|move|p1a: Latios|Psyshock|p2a: Jirachi
|-resisted|p2a: Jirachi
|-damage|p2a: Jirachi|88/100
|
|-heal|p2a: Jirachi|95/100|[from] item: Leftovers
|upkeep
|turn|2
|
|switch|p1a: Hippowdon|Hippowdon, M|100/100
|-weather|Sandstorm|[from] ability: Sand Stream|[of] p1a: Hippowdon
|move|p2a: Jirachi|Stealth Rock|p1a: Hippowdon
|-sidestart|p1: blackkaiser|move: Stealth Rock
|
|-weather|Sandstorm|[upkeep]
|-heal|p2a: Jirachi|100/100|[from] item: Leftovers
|upkeep
|turn|3
|
|switch|p2a: Politoed|Politoed, M|100/100
|-weather|RainDance|[from] ability: Drizzle|[of] p2a: Politoed
|move|p1a: Hippowdon|Stealth Rock|p2a: Politoed
|-sidestart|p2: EMP activated|move: Stealth Rock
|
|-weather|RainDance|[upkeep]
|upkeep
|turn|4
|
|switch|p2a: Breloom|Breloom, M|100/100
|-damage|p2a: Breloom|94/100|[from] Stealth Rock
|switch|p1a: Jellicent|Jellicent, M|100/100
|-damage|p1a: Jellicent|88/100|[from] Stealth Rock
|
|-weather|RainDance|[upkeep]
|-heal|p1a: Jellicent|94/100|[from] item: Leftovers
|-status|p2a: Breloom|tox|[from] item: Toxic Orb
|upkeep
|turn|5
|
|switch|p1a: Garchomp|Garchomp, M|100/100
|-damage|p1a: Garchomp|94/100|[from] Stealth Rock
|move|p2a: Breloom|Spore|p1a: Garchomp
|-status|p1a: Garchomp|slp|[from] move: Spore
|
|-weather|RainDance|[upkeep]
|-heal|p2a: Breloom|100/100 tox|[from] ability: Poison Heal
|upkeep
|turn|6
|
|switch|p1a: Latios|Latios, M, shiny|100/100
|-damage|p1a: Latios|88/100|[from] Stealth Rock
|move|p2a: Breloom|Facade|p1a: Latios
|-damage|p1a: Latios|29/100
|
|-weather|RainDance|[upkeep]
|upkeep
|turn|7
|
|switch|p2a: Jirachi|Jirachi|100/100
|-damage|p2a: Jirachi|94/100|[from] Stealth Rock
|move|p1a: Latios|Trick|p2a: Jirachi
|-activate|p1a: Latios|move: Trick|[of] p2a: Jirachi
|-item|p2a: Jirachi|Choice Specs|[from] move: Trick
|-item|p1a: Latios|Leftovers|[from] move: Trick
|
|-weather|RainDance|[upkeep]
|-heal|p1a: Latios|35/100|[from] item: Leftovers
|upkeep
|turn|8
|
|switch|p1a: Ferrothorn|Ferrothorn, F|100/100
|-damage|p1a: Ferrothorn|95/100|[from] Stealth Rock
|move|p2a: Jirachi|U-turn|p1a: Ferrothorn
|-damage|p1a: Ferrothorn|85/100
|-damage|p2a: Jirachi|82/100|[from] ability: Iron Barbs|[of] p1a: Ferrothorn
|-damage|p2a: Jirachi|65/100|[from] item: Rocky Helmet|[of] p1a: Ferrothorn
|
|switch|p2a: Tentacruel|Tentacruel, F|100/100|[from]move: U-turn
|-damage|p2a: Tentacruel|88/100|[from] Stealth Rock
|
|-weather|RainDance|[upkeep]
|-heal|p2a: Tentacruel|94/100|[from] ability: Rain Dish
|-heal|p2a: Tentacruel|99/100|[from] item: Black Sludge
|upkeep
|turn|9
|
|move|p2a: Tentacruel|Scald|p1a: Ferrothorn
|-resisted|p1a: Ferrothorn
|-damage|p1a: Ferrothorn|69/100
|move|p1a: Ferrothorn|Leech Seed|p2a: Tentacruel
|-start|p2a: Tentacruel|move: Leech Seed
|
|-weather|RainDance|[upkeep]
|-heal|p2a: Tentacruel|100/100|[from] ability: Rain Dish
|-damage|p2a: Tentacruel|88/100|[from] Leech Seed|[of] p1a: Ferrothorn
|-heal|p1a: Ferrothorn|82/100|[silent]
|upkeep
|turn|10
|
|switch|p1a: Jellicent|Jellicent, M|94/100
|-damage|p1a: Jellicent|82/100|[from] Stealth Rock
|move|p2a: Tentacruel|Scald|p1a: Jellicent
|-heal|p1a: Jellicent|100/100|[from] ability: Water Absorb|[of] p2a: Tentacruel
|
|-weather|RainDance|[upkeep]
|-heal|p2a: Tentacruel|94/100|[from] ability: Rain Dish
|-heal|p2a: Tentacruel|99/100|[from] item: Black Sludge
|-damage|p2a: Tentacruel|88/100|[from] Leech Seed|[of] p1a: Jellicent
|upkeep
|turn|11
|
|switch|p1a: Latios|Latios, M, shiny|35/100
|-damage|p1a: Latios|23/100|[from] Stealth Rock
|move|p2a: Tentacruel|Toxic|p1a: Latios
|-status|p1a: Latios|tox
|
|-weather|RainDance|[upkeep]
|-heal|p2a: Tentacruel|94/100|[from] ability: Rain Dish
|-heal|p1a: Latios|29/100 tox|[from] item: Leftovers
|-heal|p2a: Tentacruel|99/100|[from] item: Black Sludge
|-damage|p2a: Tentacruel|88/100|[from] Leech Seed|[of] p1a: Latios
|-heal|p1a: Latios|44/100 tox|[silent]
|-damage|p1a: Latios|38/100 tox|[from] psn
|upkeep
|turn|12
|
|switch|p2a: Jirachi|Jirachi|65/100
|-damage|p2a: Jirachi|59/100|[from] Stealth Rock
|move|p1a: Latios|Psyshock|p2a: Jirachi
|-resisted|p2a: Jirachi
|-damage|p2a: Jirachi|50/100
|
|-weather|RainDance|[upkeep]
|-heal|p1a: Latios|44/100 tox|[from] item: Leftovers
|-damage|p1a: Latios|32/100 tox|[from] psn
|upkeep
|turn|13
|
|switch|p1a: Ferrothorn|Ferrothorn, F|82/100
|-damage|p1a: Ferrothorn|76/100|[from] Stealth Rock
|switch|p2a: Tornadus|Tornadus, M|100/100
|-damage|p2a: Tornadus|76/100|[from] Stealth Rock
|
|-weather|RainDance|[upkeep]
|upkeep
|turn|14
|
|switch|p1a: Hippowdon|Hippowdon, M|100/100
|-damage|p1a: Hippowdon|94/100|[from] Stealth Rock
|-weather|Sandstorm|[from] ability: Sand Stream|[of] p1a: Hippowdon
|move|p2a: Tornadus|Hurricane|p1a: Hippowdon|[miss]
|-miss|p2a: Tornadus|p1a: Hippowdon
|
|-weather|Sandstorm|[upkeep]
|-damage|p2a: Tornadus|70/100|[from] Sandstorm
|-heal|p1a: Hippowdon|100/100|[from] item: Leftovers
|upkeep
|turn|15
|
|switch|p1a: Jellicent|Jellicent, M|100/100
|-damage|p1a: Jellicent|88/100|[from] Stealth Rock
|move|p2a: Tornadus|U-turn|p1a: Jellicent
|-resisted|p1a: Jellicent
|-damage|p1a: Jellicent|79/100
|
|switch|p2a: Tentacruel|Tentacruel, F|88/100|[from]move: U-turn
|-damage|p2a: Tentacruel|75/100|[from] Stealth Rock
|
|-weather|Sandstorm|[upkeep]
|-damage|p2a: Tentacruel|69/100|[from] Sandstorm
|-damage|p1a: Jellicent|73/100|[from] Sandstorm
|-heal|p2a: Tentacruel|75/100|[from] item: Black Sludge
|-heal|p1a: Jellicent|79/100|[from] item: Leftovers
|upkeep
|turn|16
|
|move|p2a: Tentacruel|Toxic|p1a: Jellicent|[miss]
|-miss|p2a: Tentacruel|p1a: Jellicent
|move|p1a: Jellicent|Will-O-Wisp|p2a: Tentacruel
|-status|p2a: Tentacruel|brn
|
|-weather|Sandstorm|[upkeep]
|-damage|p2a: Tentacruel|69/100 brn|[from] Sandstorm
|-damage|p1a: Jellicent|73/100|[from] Sandstorm
|-heal|p2a: Tentacruel|75/100 brn|[from] item: Black Sludge
|-heal|p1a: Jellicent|79/100|[from] item: Leftovers
|-damage|p2a: Tentacruel|63/100 brn|[from] brn
|upkeep
|turn|17
|
|move|p2a: Tentacruel|Toxic|p1a: Jellicent
|-status|p1a: Jellicent|tox
|move|p1a: Jellicent|Shadow Ball|p2a: Tentacruel
|-damage|p2a: Tentacruel|44/100 brn
|
|-weather|Sandstorm|[upkeep]
|-damage|p2a: Tentacruel|38/100 brn|[from] Sandstorm
|-damage|p1a: Jellicent|73/100 tox|[from] Sandstorm
|-heal|p2a: Tentacruel|44/100 brn|[from] item: Black Sludge
|-heal|p1a: Jellicent|79/100 tox|[from] item: Leftovers
|-damage|p2a: Tentacruel|32/100 brn|[from] brn
|-damage|p1a: Jellicent|73/100 tox|[from] psn
|upkeep
|turn|18
|
|switch|p2a: Politoed|Politoed, M|100/100
|-damage|p2a: Politoed|88/100|[from] Stealth Rock
|-weather|RainDance|[from] ability: Drizzle|[of] p2a: Politoed
|move|p1a: Jellicent|Shadow Ball|p2a: Politoed
|-damage|p2a: Politoed|64/100
|
|-weather|RainDance|[upkeep]
|-heal|p1a: Jellicent|79/100 tox|[from] item: Leftovers
|-damage|p1a: Jellicent|67/100 tox|[from] psn
|upkeep
|turn|19
|
|switch|p2a: Tornadus|Tornadus, M|70/100
|-damage|p2a: Tornadus|45/100|[from] Stealth Rock
|switch|p1a: Hippowdon|Hippowdon, M|100/100
|-damage|p1a: Hippowdon|94/100|[from] Stealth Rock
|-weather|Sandstorm|[from] ability: Sand Stream|[of] p1a: Hippowdon
|
|-weather|Sandstorm|[upkeep]
|-damage|p2a: Tornadus|39/100|[from] Sandstorm
|-heal|p1a: Hippowdon|100/100|[from] item: Leftovers
|upkeep
|turn|20
|
|switch|p1a: Jellicent|Jellicent, M|67/100 tox
|-damage|p1a: Jellicent|55/100 tox|[from] Stealth Rock
|move|p2a: Tornadus|Hurricane|p1a: Jellicent
|-damage|p1a: Jellicent|14/100 tox
|
|-weather|Sandstorm|[upkeep]
|-damage|p2a: Tornadus|33/100|[from] Sandstorm
|-damage|p1a: Jellicent|7/100 tox|[from] Sandstorm
|-heal|p1a: Jellicent|14/100 tox|[from] item: Leftovers
|-damage|p1a: Jellicent|7/100 tox|[from] psn
|upkeep
|turn|21
|
|move|p2a: Tornadus|U-turn|p1a: Jellicent
|-resisted|p1a: Jellicent
|-damage|p1a: Jellicent|0 fnt
|faint|p1a: Jellicent
|
|switch|p2a: Politoed|Politoed, M|64/100|[from]move: U-turn
|-damage|p2a: Politoed|52/100|[from] Stealth Rock
|-weather|RainDance|[from] ability: Drizzle|[of] p2a: Politoed
|
|-weather|RainDance|[upkeep]
|upkeep
|
|switch|p1a: Hippowdon|Hippowdon, M|100/100
|-damage|p1a: Hippowdon|94/100|[from] Stealth Rock
|-weather|Sandstorm|[from] ability: Sand Stream|[of] p1a: Hippowdon
|turn|22
|
|switch|p2a: Breloom|Breloom, M|100/100 tox
|-damage|p2a: Breloom|94/100 tox|[from] Stealth Rock
|switch|p1a: Ferrothorn|Ferrothorn, F|76/100
|-damage|p1a: Ferrothorn|70/100|[from] Stealth Rock
|
|-weather|Sandstorm|[upkeep]
|-damage|p2a: Breloom|88/100 tox|[from] Sandstorm
|-heal|p2a: Breloom|100/100 tox|[from] ability: Poison Heal
|upkeep
|turn|23
|
|move|p2a: Breloom|Bulk Up|p2a: Breloom
|-boost|p2a: Breloom|atk|1
|-boost|p2a: Breloom|def|1
|move|p1a: Ferrothorn|Spikes|p2a: Breloom
|-sidestart|p2: EMP activated|Spikes
|
|-weather|Sandstorm|[upkeep]
|-damage|p2a: Breloom|94/100 tox|[from] Sandstorm
|-heal|p2a: Breloom|100/100 tox|[from] ability: Poison Heal
|upkeep
|turn|24
|
|move|p2a: Breloom|Drain Punch|p1a: Ferrothorn
|-supereffective|p1a: Ferrothorn
|-damage|p1a: Ferrothorn|17/100
|-damage|p2a: Breloom|88/100 tox|[from] ability: Iron Barbs|[of] p1a: Ferrothorn
|-damage|p2a: Breloom|71/100 tox|[from] item: Rocky Helmet|[of] p1a: Ferrothorn
|move|p1a: Ferrothorn|Spikes|p2a: Breloom
|-sidestart|p2: EMP activated|Spikes
|
|-weather|Sandstorm|[upkeep]
|-damage|p2a: Breloom|65/100 tox|[from] Sandstorm
|-heal|p2a: Breloom|78/100 tox|[from] ability: Poison Heal
|upkeep
|turn|25
|
|move|p2a: Breloom|Bulk Up|p2a: Breloom
|-boost|p2a: Breloom|atk|1
|-boost|p2a: Breloom|def|1
|move|p1a: Ferrothorn|Spikes|p2a: Breloom
|-sidestart|p2: EMP activated|Spikes
|
|-weather|Sandstorm|[upkeep]
|-damage|p2a: Breloom|71/100 tox|[from] Sandstorm
|-heal|p2a: Breloom|84/100 tox|[from] ability: Poison Heal
|upkeep
|turn|26
|
|switch|p1a: Hippowdon|Hippowdon, M|94/100
|-damage|p1a: Hippowdon|88/100|[from] Stealth Rock
|move|p2a: Breloom|Bulk Up|p2a: Breloom
|-boost|p2a: Breloom|atk|1
|-boost|p2a: Breloom|def|1
|
|-weather|Sandstorm|[upkeep]
|-damage|p2a: Breloom|78/100 tox|[from] Sandstorm
|-heal|p1a: Hippowdon|94/100|[from] item: Leftovers
|-heal|p2a: Breloom|90/100 tox|[from] ability: Poison Heal
|upkeep
|turn|27
|
|switch|p1a: Ferrothorn|Ferrothorn, F|17/100
|-damage|p1a: Ferrothorn|11/100|[from] Stealth Rock
|move|p2a: Breloom|Facade|p1a: Ferrothorn
|-resisted|p1a: Ferrothorn
|-damage|p1a: Ferrothorn|0 fnt
|-damage|p2a: Breloom|78/100 tox|[from] ability: Iron Barbs|[of] p1a: Ferrothorn
|-damage|p2a: Breloom|61/100 tox|[from] item: Rocky Helmet|[of] p1a: Ferrothorn
|faint|p1a: Ferrothorn
|
|-weather|Sandstorm|[upkeep]
|-damage|p2a: Breloom|55/100 tox|[from] Sandstorm
|-heal|p2a: Breloom|67/100 tox|[from] ability: Poison Heal
|upkeep
|
|switch|p1a: Latios|Latios, M, shiny|32/100 tox
|-damage|p1a: Latios|19/100 tox|[from] Stealth Rock
|turn|28
|
|move|p1a: Latios|Draco Meteor|p2a: Breloom
|-crit|p2a: Breloom
|-damage|p2a: Breloom|0 fnt
|-unboost|p1a: Latios|spa|2
|faint|p2a: Breloom
|
|-weather|Sandstorm|[upkeep]
|-damage|p1a: Latios|13/100 tox|[from] Sandstorm
|-heal|p1a: Latios|19/100 tox|[from] item: Leftovers
|-damage|p1a: Latios|13/100 tox|[from] psn
|upkeep
|c|☆EMP activated|？
|
|switch|p2a: Politoed|Politoed, M|52/100
|-damage|p2a: Politoed|40/100|[from] Stealth Rock
|-damage|p2a: Politoed|15/100|[from] Spikes
|-weather|RainDance|[from] ability: Drizzle|[of] p2a: Politoed
|turn|29
|
|switch|p1a: Hippowdon|Hippowdon, M|94/100
|-damage|p1a: Hippowdon|88/100|[from] Stealth Rock
|-weather|Sandstorm|[from] ability: Sand Stream|[of] p1a: Hippowdon
|move|p2a: Politoed|Hydro Pump|p1a: Hippowdon
|-supereffective|p1a: Hippowdon
|-damage|p1a: Hippowdon|0 fnt
|faint|p1a: Hippowdon
|
|-weather|Sandstorm|[upkeep]
|-damage|p2a: Politoed|9/100|[from] Sandstorm
|upkeep
|
|switch|p1a: Scizor|Scizor, M|100/100
|-damage|p1a: Scizor|88/100|[from] Stealth Rock
|turn|30
|
|move|p1a: Scizor|Bullet Punch|p2a: Politoed
|-resisted|p2a: Politoed
|-damage|p2a: Politoed|0 fnt
|faint|p2a: Politoed
|
|-weather|Sandstorm|[upkeep]
|upkeep
|
|switch|p2a: Garchomp|Garchomp, M|100/100
|-damage|p2a: Garchomp|76/100|[from] Spikes
|-damage|p2a: Garchomp|69/100|[from] Stealth Rock
|turn|31
|
|switch|p1a: Garchomp|Garchomp, M|94/100 slp
|-damage|p1a: Garchomp|88/100 slp|[from] Stealth Rock
|move|p2a: Garchomp|Outrage|p1a: Garchomp
|-supereffective|p1a: Garchomp
|-damage|p1a: Garchomp|0 fnt
|-damage|p2a: Garchomp|57/100|[from] ability: Rough Skin|[of] p1a: Garchomp
|faint|p1a: Garchomp
|
|-weather|Sandstorm|[upkeep]
|upkeep
|c|☆blackkaiser|whats your spread
|inactive|blackkaiser has 120 seconds left.
|c|☆EMP activated|which
|inactive|blackkaiser has 90 seconds left.
|c|☆blackkaiser|for your loom
|c|☆EMP activated|252hp 252sdef
|c|☆EMP activated|so
|inactive|blackkaiser has 60 seconds left.
|c|☆blackkaiser|its a roll
|c|☆blackkaiser|64.8 max for 252 and 252 spd
|
|switch|p1a: Scizor|Scizor, M|88/100
|-damage|p1a: Scizor|76/100|[from] Stealth Rock
|turn|32
|c|☆EMP activated|ok
|
|move|p1a: Scizor|Bullet Punch|p2a: Garchomp
|-damage|p2a: Garchomp|8/100
|-damage|p1a: Scizor|64/100|[from] ability: Rough Skin|[of] p2a: Garchomp
|move|p2a: Garchomp|Outrage|p1a: Scizor|[from]lockedmove
|-resisted|p1a: Scizor
|-damage|p1a: Scizor|16/100
|-start|p2a: Garchomp|confusion|[fatigue]
|
|-weather|Sandstorm|[upkeep]
|upkeep
|turn|33
|
|switch|p1a: Latios|Latios, M, shiny|13/100 tox
|-damage|p1a: Latios|1/100 tox|[from] Stealth Rock
|-activate|p2a: Garchomp|confusion
|-damage|p2a: Garchomp|0 fnt|[from] confusion
|faint|p2a: Garchomp
|
|-weather|Sandstorm|[upkeep]
|-damage|p1a: Latios|0 fnt|[from] Sandstorm
|faint|p1a: Latios
|upkeep
|
|switch|p1a: Scizor|Scizor, M|16/100
|switch|p2a: Tornadus|Tornadus, M|33/100
|-damage|p2a: Tornadus|8/100|[from] Stealth Rock
|-damage|p1a: Scizor|4/100|[from] Stealth Rock
|turn|34
|inactive|blackkaiser has 60 seconds left.
|
|move|p1a: Scizor|Bullet Punch|p2a: Tornadus
|-damage|p2a: Tornadus|0 fnt
|faint|p2a: Tornadus
|
|-weather|Sandstorm|[upkeep]
|upkeep
|
|switch|p2a: Jirachi|Jirachi|50/100
|-damage|p2a: Jirachi|25/100|[from] Spikes
|-damage|p2a: Jirachi|19/100|[from] Stealth Rock
|turn|35
|
|move|p1a: Scizor|Bullet Punch|p2a: Jirachi
|-resisted|p2a: Jirachi
|-damage|p2a: Jirachi|0 fnt
|faint|p2a: Jirachi
|
|-weather|Sandstorm|[upkeep]
|upkeep
|
|switch|p2a: Tentacruel|Tentacruel, F|32/100 brn
|-damage|p2a: Tentacruel|7/100 brn|[from] Spikes
|-damage|p2a: Tentacruel|0 fnt|[from] Stealth Rock
|faint|p2a: Tentacruel
|
|win|blackkaiser
|raw|blackkaiser's rating: 1461 &rarr; <strong>1479</strong><br />(+18 for winning)
|raw|EMP activated's rating: 1424 &rarr; <strong>1406</strong><br />(-18 for losing)
