|j|assndix
|j|Shyguy94
|player|p1|assndix|167
|player|p2|Shyguy94|166
|gametype|singles
|gen|5
|tier|[Gen 5] OU
|rated
|seed|47782,29974,12572,65189
|rule|Evasion Abilities Clause: Evasion abilities are banned
|rule|Baton Pass Clause: Limit one Baton Passer, can't pass Spe and other stats simultaneously
|rule|Swagger Clause: Swagger is banned
|clearpoke
|poke|p1|Tyranitar, M|item
|poke|p1|Bronzong|item
|poke|p1|Hydreigon, M|item
|poke|p1|Rotom-Wash|item
|poke|p1|Landorus-Therian, M|item
|poke|p1|Heatran, M|item
|poke|p2|Volcarona, M, shiny|item
|poke|p2|Ninetales, M, shiny|item
|poke|p2|Latias, F|item
|poke|p2|Amoonguss, M, shiny|item
|poke|p2|Heatran, M, shiny|item
|poke|p2|Donphan, M|item
|rule|Sleep Clause Mod: Limit one foe put to sleep
|rule|Species Clause: Limit one of each Pokémon
|rule|OHKO Clause: OHKO moves are banned
|rule|Moody Clause: Moody is banned
|rule|Evasion Moves Clause: Evasion moves are banned
|rule|Endless Battle Clause: Forcing endless battles is banned
|rule|HP Percentage Mod: HP is shown in percentages
|teampreview
|choice|team 5, team 2, team 3, team 4, team 1, team 6|team 2, team 1, team 3, team 4, team 5, team 6
|
|start
|switch|p1a: Landorus|Landorus-Therian, M|319/319
|switch|p2a: Ninetales|Ninetales, M, shiny|349/349
|-ability|p1a: Landorus|Intimidate|boost
|-unboost|p2a: Ninetales|atk|1
|-weather|SunnyDay|[from] ability: Drought|[of] p2a: Ninetales
|turn|1
|choice|move uturn|switch 6
|
|switch|p2a: Donphan|Donphan, M|384/384
|move|p1a: Landorus|U-turn|p2a: Donphan
|-damage|p2a: Donphan|324/384
|j|outside players=.=
|choice|switch 3|
|
|switch|p1a: Hydreigon|Hydreigon, M|329/329
|
|-weather|SunnyDay|[upkeep]
|-heal|p2a: Donphan|348/384|[from] item: Leftovers
|upkeep
|turn|2
|choice|move dracometeor|switch 5
|
|switch|p2a: Heatran|Heatran, M, shiny|323/323
|move|p1a: Hydreigon|Draco Meteor|p2a: Heatran
|-resisted|p2a: Heatran
|-damage|p2a: Heatran|187/323
|-unboost|p1a: Hydreigon|spa|2
|-damage|p1a: Hydreigon|297/329|[from] item: Life Orb
|
|-weather|SunnyDay|[upkeep]
|upkeep
|turn|3
|choice|switch 5|switch 3
|
|switch|p1a: Tyranitar|Tyranitar, M|369/369
|-weather|Sandstorm|[from] ability: Sand Stream|[of] p1a: Tyranitar
|switch|p2a: Latias|Latias, F|317/317
|
|-weather|Sandstorm|[upkeep]
|-damage|p2a: Latias|298/317|[from] sandstorm
|upkeep
|turn|4
|choice|move pursuit|move dracometeor
|
|move|p2a: Latias|Draco Meteor|p1a: Tyranitar
|-damage|p1a: Tyranitar|230/369
|-unboost|p2a: Latias|spa|2
|move|p1a: Tyranitar|Pursuit|p2a: Latias
|-supereffective|p2a: Latias
|-damage|p2a: Latias|16/317
|
|-weather|Sandstorm|[upkeep]
|-damage|p2a: Latias|0 fnt|[from] sandstorm
|upkeep
|faint|p2a: Latias
|choice||switch 5
|
|switch|p2a: Donphan|Donphan, M|348/384
|turn|5
|choice|switch 2|move stealthrock
|
|switch|p1a: Bronzong|Bronzong|337/337
|move|p2a: Donphan|Stealth Rock|p1a: Bronzong
|-sidestart|p1: assndix|move: Stealth Rock
|
|-weather|Sandstorm|[upkeep]
|-heal|p2a: Donphan|372/384|[from] item: Leftovers
|upkeep
|turn|6
|choice|move stealthrock|switch 3
|
|switch|p2a: Heatran|Heatran, M, shiny|187/323
|move|p1a: Bronzong|Stealth Rock|p2a: Heatran
|-sidestart|p2: Shyguy94|move: Stealth Rock
|
|-weather|Sandstorm|[upkeep]
|upkeep
|turn|7
|choice|switch 5|move magmastorm
|
|switch|p1a: Hydreigon|Hydreigon, M|297/329
|-damage|p1a: Hydreigon|256/329|[from] Stealth Rock
|move|p2a: Heatran|Magma Storm|p1a: Hydreigon
|-resisted|p1a: Hydreigon
|-damage|p1a: Hydreigon|138/329
|-activate|p1a: Hydreigon|move: Magma Storm|[of] p2a: Heatran
|
|-weather|Sandstorm|[upkeep]
|-damage|p1a: Hydreigon|118/329|[from] sandstorm
|-damage|p1a: Hydreigon|98/329|[from] move: Magma Storm|[partiallytrapped]
|upkeep
|turn|8
|choice|move focusblast|switch 4
|
|switch|p2a: Amoonguss|Amoonguss, M, shiny|432/432
|-damage|p2a: Amoonguss|378/432|[from] Stealth Rock
|move|p1a: Hydreigon|Focus Blast|p2a: Amoonguss
|-resisted|p2a: Amoonguss
|-damage|p2a: Amoonguss|277/432
|-damage|p1a: Hydreigon|66/329|[from] item: Life Orb
|
|-weather|Sandstorm|[upkeep]
|-damage|p1a: Hydreigon|46/329|[from] sandstorm
|-damage|p2a: Amoonguss|250/432|[from] sandstorm
|-heal|p2a: Amoonguss|277/432|[from] item: Black Sludge
|upkeep
|turn|9
|choice|move dracometeor|move spore
|
|move|p1a: Hydreigon|Draco Meteor|p2a: Amoonguss
|-damage|p2a: Amoonguss|0 fnt
|-unboost|p1a: Hydreigon|spa|2
|-damage|p1a: Hydreigon|14/329|[from] item: Life Orb
|faint|p2a: Amoonguss
|
|-weather|Sandstorm|[upkeep]
|-damage|p1a: Hydreigon|0 fnt|[from] sandstorm
|upkeep
|faint|p1a: Hydreigon
|choice|switch 4|switch 3
|
|switch|p1a: Rotom|Rotom-Wash|303/303
|switch|p2a: Donphan|Donphan, M|372/384
|-damage|p1a: Rotom|266/303|[from] Stealth Rock
|-damage|p2a: Donphan|348/384|[from] Stealth Rock
|turn|10
|choice|move hydropump|switch 6
|
|switch|p2a: Ninetales|Ninetales, M, shiny|349/349
|-damage|p2a: Ninetales|262/349|[from] Stealth Rock
|-weather|SunnyDay|[from] ability: Drought|[of] p2a: Ninetales
|move|p1a: Rotom|Hydro Pump|p2a: Ninetales
|-supereffective|p2a: Ninetales
|-damage|p2a: Ninetales|164/349
|
|-weather|SunnyDay|[upkeep]
|-heal|p2a: Ninetales|185/349|[from] item: Leftovers
|-heal|p1a: Rotom|284/303|[from] item: Leftovers
|upkeep
|turn|11
|choice|move voltswitch|move protect
|
|move|p2a: Ninetales|Protect|p2a: Ninetales
|-singleturn|p2a: Ninetales|Protect
|move|p1a: Rotom|Volt Switch|p2a: Ninetales
|-activate|p2a: Ninetales|move: Protect
|
|-weather|SunnyDay|[upkeep]
|-heal|p2a: Ninetales|206/349|[from] item: Leftovers
|-heal|p1a: Rotom|302/303|[from] item: Leftovers
|upkeep
|turn|12
|choice|switch 6|move roar
|
|switch|p1a: Heatran|Heatran, M|337/337
|-damage|p1a: Heatran|295/337|[from] Stealth Rock
|move|p2a: Ninetales|Roar|p1a: Heatran
|drag|p1a: Tyranitar|Tyranitar, M|230/369
|-damage|p1a: Tyranitar|184/369|[from] Stealth Rock
|-weather|Sandstorm|[from] ability: Sand Stream|[of] p1a: Tyranitar
|
|-weather|Sandstorm|[upkeep]
|-damage|p2a: Ninetales|185/349|[from] sandstorm
|-heal|p2a: Ninetales|206/349|[from] item: Leftovers
|upkeep
|turn|13
|choice|move crunch|move protect
|
|move|p2a: Ninetales|Protect|p2a: Ninetales
|-singleturn|p2a: Ninetales|Protect
|move|p1a: Tyranitar|Crunch|p2a: Ninetales
|-activate|p2a: Ninetales|move: Protect
|
|-weather|Sandstorm|[upkeep]
|-damage|p2a: Ninetales|185/349|[from] sandstorm
|-heal|p2a: Ninetales|206/349|[from] item: Leftovers
|upkeep
|turn|14
|choice|move crunch|switch 4
|
|switch|p2a: Heatran|Heatran, M, shiny|187/323
|-damage|p2a: Heatran|147/323|[from] Stealth Rock
|move|p1a: Tyranitar|Crunch|p2a: Heatran
|-resisted|p2a: Heatran
|-damage|p2a: Heatran|31/323
|
|-weather|Sandstorm|[upkeep]
|upkeep
|turn|15
|choice|switch 6|move hiddenpower
|
|switch|p1a: Rotom|Rotom-Wash|302/303
|-damage|p1a: Rotom|265/303|[from] Stealth Rock
|move|p2a: Heatran|Hidden Power|p1a: Rotom
|-resisted|p1a: Rotom
|-damage|p1a: Rotom|228/303
|
|-weather|Sandstorm|[upkeep]
|-damage|p1a: Rotom|210/303|[from] sandstorm
|-heal|p1a: Rotom|228/303|[from] item: Leftovers
|upkeep
|turn|16
|choice|move voltswitch|move solarbeam
|
|move|p2a: Heatran|Solar Beam|p1a: Rotom|[still]
|-prepare|p2a: Heatran|Solar Beam|p1a: Rotom
|-enditem|p2a: Heatran|Power Herb
|-anim|p2a: Heatran|Solar Beam|p1a: Rotom
|-supereffective|p1a: Rotom
|-damage|p1a: Rotom|92/303
|move|p1a: Rotom|Volt Switch|p2a: Heatran
|-damage|p2a: Heatran|0 fnt
|faint|p2a: Heatran
|choice|switch 2|
|
|switch|p1a: Heatran|Heatran, M|295/337
|-damage|p1a: Heatran|253/337|[from] Stealth Rock
|
|-weather|Sandstorm|[upkeep]
|-heal|p1a: Heatran|274/337|[from] item: Leftovers
|upkeep
|choice||switch 6
|
|switch|p2a: Donphan|Donphan, M|348/384
|-damage|p2a: Donphan|324/384|[from] Stealth Rock
|turn|17
|choice|move flamethrower|move rapidspin
|
|move|p1a: Heatran|Flamethrower|p2a: Donphan
|-damage|p2a: Donphan|77/384
|move|p2a: Donphan|Rapid Spin|p1a: Heatran
|-resisted|p1a: Heatran
|-damage|p1a: Heatran|266/337
|-sideend|p2: Shyguy94|Stealth Rock|[from] move: Rapid Spin|[of] p2a: Donphan
|
|-weather|Sandstorm|[upkeep]
|-heal|p1a: Heatran|287/337|[from] item: Leftovers
|-heal|p2a: Donphan|101/384|[from] item: Leftovers
|upkeep
|turn|18
|j|Captain Solosis
|choice|move flamethrower|switch 4
|
|switch|p2a: Ninetales|Ninetales, M, shiny|206/349
|-weather|SunnyDay|[from] ability: Drought|[of] p2a: Ninetales
|move|p1a: Heatran|Flamethrower|p2a: Ninetales
|-resisted|p2a: Ninetales
|-damage|p2a: Ninetales|110/349
|
|-weather|SunnyDay|[upkeep]
|-heal|p1a: Heatran|308/337|[from] item: Leftovers
|-heal|p2a: Ninetales|131/349|[from] item: Leftovers
|upkeep
|turn|19
|choice|move earthpower|switch 4
|
|switch|p2a: Donphan|Donphan, M|101/384
|move|p1a: Heatran|Earth Power|p2a: Donphan
|-damage|p2a: Donphan|0 fnt
|faint|p2a: Donphan
|
|-weather|SunnyDay|[upkeep]
|-heal|p1a: Heatran|329/337|[from] item: Leftovers
|upkeep
|choice||switch 2
|
|switch|p2a: Volcarona|Volcarona, M, shiny|329/329
|turn|20
|choice|move flamethrower|move quiverdance
|
|move|p2a: Volcarona|Quiver Dance|p2a: Volcarona
|-boost|p2a: Volcarona|spa|1
|-boost|p2a: Volcarona|spd|1
|-boost|p2a: Volcarona|spe|1
|move|p1a: Heatran|Flamethrower|p2a: Volcarona
|-damage|p2a: Volcarona|175/329
|
|-weather|SunnyDay|[upkeep]
|-heal|p1a: Heatran|337/337|[from] item: Leftovers
|upkeep
|turn|21
|choice|move flamethrower|move quiverdance
|
|move|p2a: Volcarona|Quiver Dance|p2a: Volcarona
|-boost|p2a: Volcarona|spa|1
|-boost|p2a: Volcarona|spd|1
|-boost|p2a: Volcarona|spe|1
|move|p1a: Heatran|Flamethrower|p2a: Volcarona
|-damage|p2a: Volcarona|51/329
|
|-weather|SunnyDay|[upkeep]
|upkeep
|turn|22
|choice|move flamethrower|move hiddenpower
|
|move|p2a: Volcarona|Hidden Power|p1a: Heatran
|-supereffective|p1a: Heatran
|-damage|p1a: Heatran|0 fnt
|faint|p1a: Heatran
|
|-weather|SunnyDay|[upkeep]
|upkeep
|choice|switch 6|
|
|switch|p1a: Tyranitar|Tyranitar, M|184/369
|-damage|p1a: Tyranitar|138/369|[from] Stealth Rock
|-weather|Sandstorm|[from] ability: Sand Stream|[of] p1a: Tyranitar
|turn|23
|choice|move crunch|move gigadrain
|
|move|p2a: Volcarona|Giga Drain|p1a: Tyranitar
|-supereffective|p1a: Tyranitar
|-damage|p1a: Tyranitar|0 fnt
|-heal|p2a: Volcarona|120/329|[from] drain|[of] p1a: Tyranitar
|faint|p1a: Tyranitar
|
|-weather|Sandstorm|[upkeep]
|-damage|p2a: Volcarona|100/329|[from] sandstorm
|upkeep
|choice|switch 3|
|
|switch|p1a: Landorus|Landorus-Therian, M|319/319
|-damage|p1a: Landorus|280/319|[from] Stealth Rock
|-ability|p1a: Landorus|Intimidate|boost
|-unboost|p2a: Volcarona|atk|1
|turn|24
|choice|move earthquake|move fierydance
|
|move|p2a: Volcarona|Fiery Dance|p1a: Landorus
|-damage|p1a: Landorus|0 fnt
|-boost|p2a: Volcarona|spa|1
|faint|p1a: Landorus
|
|-weather|Sandstorm|[upkeep]
|-damage|p2a: Volcarona|80/329|[from] sandstorm
|upkeep
|-message|assndix forfeited.
|
|win|Shyguy94
|l|assndix
|l|Captain Solosis
|raw|assndix's rating: 1391 &rarr; <strong>1374</strong><br />(-17 for losing)
|raw|Shyguy94's rating: 1438 &rarr; <strong>1456</strong><br />(+18 for winning)
|l|Shyguy94