|j|☆Auxplr
|j|☆fangqiang
|t:|1720447454
|gametype|singles
|player|p1|Auxplr|101|1327
|player|p2|fangqiang|lance|1315
|teamsize|p1|6
|teamsize|p2|6
|gen|5
|tier|[Gen 5] OU
|rated|
|rule|Species Clause: Limit one of each Pokémon
|rule|OHKO Clause: OHKO moves are banned
|rule|Moody Clause: Moody is banned
|rule|Evasion Items Clause: Evasion items are banned
|rule|Evasion Moves Clause: Evasion moves are banned
|rule|Endless Battle Clause: Forcing endless battles is banned
|rule|HP Percentage Mod: HP is shown in percentages
|rule|Evasion Abilities Clause: Evasion abilities are banned
|rule|Sleep Moves Clause: Sleep-inducing moves are banned
|rule|Swagger Clause: Swagger is banned
|rule|Baton Pass Stat Clause: No Baton Passer may have a way to boost its stats
|clearpoke
|poke|p1|Heatran, M|item
|poke|p1|Ninetales, M|item
|poke|p1|Victini|item
|poke|p1|Xatu, F|item
|poke|p1|Excadrill, F|item
|poke|p1|Latias, F|item
|poke|p2|Excadrill, M|item
|poke|p2|Volcarona, M|item
|poke|p2|Espeon, M|item
|poke|p2|Dragonite, M|item
|poke|p2|Latias, F|item
|poke|p2|Lucario, M|item
|teampreview
|inactive|Battle timer is ON: inactive players will automatically lose when time's up. (requested by fangqiang)
|
|t:|1720447461
|start
|switch|p1a: Ninetales|Ninetales, M|100/100
|switch|p2a: Excadrill|Excadrill, M, shiny|100/100
|-weather|SunnyDay|[from] ability: Drought|[of] p1a: Ninetales
|-ability|p2a: Excadrill|Mold Breaker
|turn|1
|
|t:|1720447470
|switch|p1a: Xatu|Xatu, F|100/100
|move|p2a: Excadrill|Stealth Rock|p1a: Xatu
|-sidestart|p1: Auxplr|move: Stealth Rock
|
|-weather|SunnyDay|[upkeep]
|upkeep
|turn|2
|inactive|Auxplr has 120 seconds left.
|
|t:|1720447504
|move|p2a: Excadrill|Rock Slide|p1a: Xatu
|-supereffective|p1a: Xatu
|-damage|p1a: Xatu|53/100
|move|p1a: Xatu|Reflect|p1a: Xatu
|-sidestart|p1: Auxplr|Reflect
|
|-weather|SunnyDay|[upkeep]
|upkeep
|turn|3
|
|t:|1720447514
|switch|p2a: Espeon|Espeon, M, shiny|100/100
|move|p1a: Xatu|Roost|p1a: Xatu
|-heal|p1a: Xatu|100/100
|-singleturn|p1a: Xatu|move: Roost
|
|-weather|SunnyDay|[upkeep]
|upkeep
|turn|4
|
|t:|1720447524
|move|p2a: Espeon|Light Screen|p2a: Espeon
|-sidestart|p2: fangqiang|move: Light Screen
|move|p1a: Xatu|U-turn|p2a: Espeon
|-supereffective|p2a: Espeon
|-damage|p2a: Espeon|59/100
|inactive|Auxplr has 120 seconds left.
|
|t:|1720447562
|switch|p1a: Excadrill|Excadrill, F|100/100|[from] U-turn
|-damage|p1a: Excadrill|98/100|[from] Stealth Rock
|-ability|p1a: Excadrill|Mold Breaker
|
|-weather|SunnyDay|[upkeep]
|-heal|p1a: Excadrill|100/100|[from] item: Leftovers
|upkeep
|turn|5
|
|t:|1720447572
|move|p2a: Espeon|Reflect|p2a: Espeon
|-sidestart|p2: fangqiang|Reflect
|move|p1a: Excadrill|Stealth Rock|p2a: Espeon
|-sidestart|p2: fangqiang|move: Stealth Rock
|
|-weather|SunnyDay|[upkeep]
|upkeep
|turn|6
|
|t:|1720447580
|move|p2a: Espeon|Wish|p2a: Espeon
|move|p1a: Excadrill|Rapid Spin|p2a: Espeon
|-damage|p2a: Espeon|54/100
|-sideend|p1: Auxplr|Stealth Rock|[from] move: Rapid Spin|[of] p1a: Excadrill
|
|-weather|SunnyDay|[upkeep]
|-sideend|p1: Auxplr|Reflect
|upkeep
|turn|7
|
|t:|1720447596
|switch|p2a: Lucario|Lucario, M, shiny|100/100
|-damage|p2a: Lucario|98/100|[from] Stealth Rock
|switch|p1a: Latias|Latias, F|100/100
|
|-weather|SunnyDay|[upkeep]
|-heal|p2a: Lucario|100/100|[from] move: Wish|[wisher] Espeon
|upkeep
|turn|8
|
|t:|1720447608
|move|p2a: Lucario|Swords Dance|p2a: Lucario
|-boost|p2a: Lucario|atk|2
|move|p1a: Latias|Roar|p2a: Lucario
|drag|p2a: Latias|Latias, F, shiny|100/100
|-damage|p2a: Latias|88/100|[from] Stealth Rock
|
|-weather|SunnyDay|[upkeep]
|upkeep
|turn|9
|
|t:|1720447621
|move|p2a: Latias|Draco Meteor|p1a: Latias
|-supereffective|p1a: Latias
|-damage|p1a: Latias|21/100
|-unboost|p2a: Latias|spa|2
|move|p1a: Latias|Roar|p2a: Latias
|drag|p2a: Dragonite|Dragonite, M, shiny|100/100
|-damage|p2a: Dragonite|75/100|[from] Stealth Rock
|
|-weather|SunnyDay|[upkeep]
|-heal|p1a: Latias|27/100|[from] item: Leftovers
|-heal|p2a: Dragonite|82/100|[from] item: Leftovers
|upkeep
|turn|10
|
|t:|1720447636
|move|p1a: Latias|Roost|p1a: Latias
|-heal|p1a: Latias|77/100
|-singleturn|p1a: Latias|move: Roost
|move|p2a: Dragonite|Dragon Claw|p1a: Latias
|-supereffective|p1a: Latias
|-damage|p1a: Latias|0 fnt
|faint|p1a: Latias
|
|-weather|SunnyDay|[upkeep]
|-heal|p2a: Dragonite|88/100|[from] item: Leftovers
|upkeep
|
|t:|1720447647
|switch|p1a: Ninetales|Ninetales, M|100/100
|turn|11
|
|t:|1720447653
|switch|p2a: Espeon|Espeon, M, shiny|54/100
|-damage|p2a: Espeon|42/100|[from] Stealth Rock
|move|p1a: Ninetales|Will-O-Wisp|p2a: Espeon
|move|p2a: Espeon|Will-O-Wisp|p1a: Ninetales|[from]ability: Magic Bounce
|-immune|p1a: Ninetales
|
|-weather|SunnyDay|[upkeep]
|-sideend|p2: fangqiang|move: Light Screen
|upkeep
|turn|12
|
|t:|1720447665
|move|p2a: Espeon|Light Screen|p2a: Espeon
|-sidestart|p2: fangqiang|move: Light Screen
|move|p1a: Ninetales|Flamethrower|p2a: Espeon
|-damage|p2a: Espeon|20/100
|
|-weather|SunnyDay|[upkeep]
|-sideend|p2: fangqiang|Reflect
|upkeep
|turn|13
|
|t:|1720447672
|move|p2a: Espeon|Reflect|p2a: Espeon
|-sidestart|p2: fangqiang|Reflect
|move|p1a: Ninetales|Flamethrower|p2a: Espeon
|-damage|p2a: Espeon|0 fnt
|faint|p2a: Espeon
|
|-weather|SunnyDay|[upkeep]
|upkeep
|
|t:|1720447683
|switch|p2a: Excadrill|Excadrill, M, shiny|100/100
|-damage|p2a: Excadrill|97/100|[from] Stealth Rock
|-ability|p2a: Excadrill|Mold Breaker
|turn|14
|
|t:|1720447692
|switch|p1a: Heatran|Heatran, M|100/100
|move|p2a: Excadrill|Rapid Spin|p1a: Heatran
|-resisted|p1a: Heatran
|-damage|p1a: Heatran|96/100
|-sideend|p2: fangqiang|Stealth Rock|[from] move: Rapid Spin|[of] p2a: Excadrill
|
|-weather|SunnyDay|[upkeep]
|upkeep
|turn|15
|
|t:|1720447703
|move|p1a: Heatran|Fire Blast|p2a: Excadrill
|-supereffective|p2a: Excadrill
|-damage|p2a: Excadrill|0 fnt
|faint|p2a: Excadrill
|
|-weather|SunnyDay|[upkeep]
|upkeep
|
|t:|1720447715
|switch|p2a: Lucario|Lucario, M, shiny|100/100
|turn|16
|
|t:|1720447718
|move|p1a: Heatran|Fire Blast|p2a: Lucario
|-supereffective|p2a: Lucario
|-damage|p2a: Lucario|0 fnt
|faint|p2a: Lucario
|
|-weather|SunnyDay|[upkeep]
|upkeep
|
|t:|1720447726
|switch|p2a: Dragonite|Dragonite, M, shiny|88/100
|turn|17
|
|t:|1720447730
|switch|p1a: Ninetales|Ninetales, M|100/100
|move|p2a: Dragonite|Dragon Dance|p2a: Dragonite
|-boost|p2a: Dragonite|atk|1
|-boost|p2a: Dragonite|spe|1
|
|-weather|SunnyDay|[upkeep]
|-heal|p2a: Dragonite|94/100|[from] item: Leftovers
|upkeep
|turn|18
|
|t:|1720447740
|move|p2a: Dragonite|Dragon Claw|p1a: Ninetales
|-damage|p1a: Ninetales|22/100
|move|p1a: Ninetales|Will-O-Wisp|p2a: Dragonite
|-status|p2a: Dragonite|brn
|
|-weather|SunnyDay|[upkeep]
|-heal|p2a: Dragonite|99/100 brn|[from] item: Leftovers
|-heal|p1a: Ninetales|29/100|[from] item: Leftovers
|-damage|p2a: Dragonite|88/100 brn|[from] brn
|upkeep
|turn|19
|
|t:|1720447757
|switch|p1a: Xatu|Xatu, F|100/100
|move|p2a: Dragonite|Dragon Claw|p1a: Xatu
|-crit|p1a: Xatu
|-damage|p1a: Xatu|34/100
|-damage|p2a: Dragonite|71/100 brn|[from] item: Rocky Helmet|[of] p1a: Xatu
|
|-weather|SunnyDay|[upkeep]
|-heal|p2a: Dragonite|77/100 brn|[from] item: Leftovers
|-damage|p2a: Dragonite|65/100 brn|[from] brn
|-sideend|p2: fangqiang|move: Light Screen
|upkeep
|turn|20
|
|t:|1720447770
|switch|p2a: Latias|Latias, F, shiny|88/100
|move|p1a: Xatu|Roost|p1a: Xatu
|-heal|p1a: Xatu|84/100
|-singleturn|p1a: Xatu|move: Roost
|
|-weather|SunnyDay|[upkeep]
|-sideend|p2: fangqiang|Reflect
|upkeep
|turn|21
|
|t:|1720447781
|move|p2a: Latias|Light Screen|p2a: Latias
|-sidestart|p2: fangqiang|move: Light Screen
|move|p1a: Xatu|U-turn|p2a: Latias
|-supereffective|p2a: Latias
|-damage|p2a: Latias|62/100
|
|t:|1720447783
|switch|p1a: Excadrill|Excadrill, F|100/100|[from] U-turn
|-ability|p1a: Excadrill|Mold Breaker
|
|-weather|SunnyDay|[upkeep]
|upkeep
|turn|22
|
|t:|1720447792
|move|p2a: Latias|Reflect|p2a: Latias
|-sidestart|p2: fangqiang|Reflect
|move|p1a: Excadrill|Stealth Rock|p2a: Latias
|-sidestart|p2: fangqiang|move: Stealth Rock
|
|-weather|SunnyDay|[upkeep]
|upkeep
|turn|23
|
|t:|1720447798
|move|p2a: Latias|Healing Wish|p2a: Latias
|faint|p2a: Latias
|move|p1a: Excadrill|Earthquake|p2: Latias|[notarget]
|-fail|p1a: Excadrill
|
|-weather|SunnyDay|[upkeep]
|upkeep
|
|t:|1720447805
|switch|p2a: Dragonite|Dragonite, M, shiny|65/100 brn
|-heal|p2a: Dragonite|100/100|[from] move: Healing Wish
|-damage|p2a: Dragonite|75/100|[from] Stealth Rock
|turn|24
|
|t:|1720447811
|switch|p1a: Heatran|Heatran, M|96/100
|move|p2a: Dragonite|Dragon Dance|p2a: Dragonite
|-boost|p2a: Dragonite|atk|1
|-boost|p2a: Dragonite|spe|1
|
|-weather|SunnyDay|[upkeep]
|-heal|p2a: Dragonite|82/100|[from] item: Leftovers
|upkeep
|turn|25
|
|t:|1720447821
|move|p2a: Dragonite|Dragon Dance|p2a: Dragonite
|-boost|p2a: Dragonite|atk|1
|-boost|p2a: Dragonite|spe|1
|move|p1a: Heatran|Hidden Power|p2a: Dragonite
|-supereffective|p2a: Dragonite
|-damage|p2a: Dragonite|26/100
|
|-weather|SunnyDay|[upkeep]
|-heal|p2a: Dragonite|32/100|[from] item: Leftovers
|upkeep
|turn|26
|
|t:|1720447836
|move|p2a: Dragonite|Dragon Claw|p1a: Heatran
|-resisted|p1a: Heatran
|-damage|p1a: Heatran|53/100
|move|p1a: Heatran|Hidden Power|p2a: Dragonite
|-supereffective|p2a: Dragonite
|-damage|p2a: Dragonite|0 fnt
|faint|p2a: Dragonite
|
|-weather|SunnyDay|[upkeep]
|upkeep
|
|t:|1720447846
|switch|p2a: Volcarona|Volcarona, M, shiny|100/100
|-damage|p2a: Volcarona|51/100|[from] Stealth Rock
|turn|27
|
|t:|1720447851
|switch|p1a: Victini|Victini|100/100
|move|p2a: Volcarona|Quiver Dance|p2a: Volcarona
|-boost|p2a: Volcarona|spa|1
|-boost|p2a: Volcarona|spd|1
|-boost|p2a: Volcarona|spe|1
|
|-weather|SunnyDay|[upkeep]
|upkeep
|turn|28
|
|t:|1720447860
|move|p2a: Volcarona|Psychic|p1a: Victini
|-resisted|p1a: Victini
|-damage|p1a: Victini|71/100
|-damage|p2a: Volcarona|41/100|[from] item: Life Orb
|move|p1a: Victini|V-create|p2a: Volcarona
|-damage|p2a: Volcarona|0 fnt
|-unboost|p1a: Victini|spe|1
|-unboost|p1a: Victini|def|1
|-unboost|p1a: Victini|spd|1
|faint|p2a: Volcarona
|
|win|Auxplr
|raw|Auxplr's rating: 1327 &rarr; <strong>1346</strong><br />(+19 for winning)
|raw|fangqiang's rating: 1315 &rarr; <strong>1296</strong><br />(-19 for losing)
|l|☆fangqiang
|player|p2|
