|j|☆mello bwfan#1
|j|☆cdrgcde
|t:|1743769411
|gametype|singles
|player|p1|mello bwfan#1|eusine-gen2|1281
|player|p2|cdrgcde|dawn|1335
|teamsize|p1|6
|teamsize|p2|6
|gen|5
|tier|[Gen 5] OU
|rated|
|rule|Species Clause: Limit one of each Pokémon
|rule|OHKO Clause: OHKO moves are banned
|rule|Moody Clause: Moody is banned
|rule|Evasion Items Clause: Evasion items are banned
|rule|Evasion Moves Clause: Evasion moves are banned
|rule|Endless Battle Clause: Forcing endless battles is banned
|rule|HP Percentage Mod: HP is shown in percentages
|rule|Evasion Abilities Clause: Evasion abilities are banned
|rule|Sleep Moves Clause: Sleep-inducing moves are banned
|rule|Swagger Clause: Swagger is banned
|rule|Baton Pass Stat Clause: No Baton Passer may have a way to boost its stats
|clearpoke
|poke|p1|Mew|item
|poke|p1|Garchomp, F|item
|poke|p1|Tornadus, M|item
|poke|p1|Kyurem-Black|item
|poke|p1|Scizor, M|item
|poke|p1|Gyarados, F|item
|poke|p2|Tyranitar, F|item
|poke|p2|Ferrothorn, M|item
|poke|p2|Magnezone|item
|poke|p2|Latios, M|item
|poke|p2|Garchomp, M|item
|poke|p2|Reuniclus, M|item
|teampreview
|inactive|Battle timer is ON: inactive players will automatically lose when time's up. (requested by cdrgcde)
|
|t:|1743769425
|start
|switch|p1a: Mew|Mew|100/100
|switch|p2a: Garchomp|Garchomp, M|100/100
|turn|1
|
|t:|1743769432
|move|p2a: Garchomp|Stealth Rock|p1a: Mew
|-sidestart|p1: mello bwfan#1|move: Stealth Rock
|move|p1a: Mew|Stealth Rock|p2a: Garchomp
|-sidestart|p2: cdrgcde|move: Stealth Rock
|
|upkeep
|turn|2
|
|t:|1743769435
|switch|p2a: Ferrothorn|Ferrothorn, M|100/100
|-damage|p2a: Ferrothorn|94/100|[from] Stealth Rock
|move|p1a: Mew|Tailwind|p1a: Mew
|-sidestart|p1: mello bwfan#1|move: Tailwind
|
|-heal|p2a: Ferrothorn|100/100|[from] item: Leftovers
|upkeep
|turn|3
|
|t:|1743769442
|move|p1a: Mew|Explosion|p2a: Ferrothorn
|-resisted|p2a: Ferrothorn
|-damage|p2a: Ferrothorn|73/100
|faint|p1a: Mew
|move|p2a: Ferrothorn|Spikes|p1: Mew
|-sidestart|p1: mello bwfan#1|Spikes
|
|-heal|p2a: Ferrothorn|79/100|[from] item: Leftovers
|upkeep
|
|t:|1743769447
|switch|p1a: Scizor|Scizor, M|100/100
|-damage|p1a: Scizor|88/100|[from] Stealth Rock
|-damage|p1a: Scizor|76/100|[from] Spikes
|turn|4
|
|t:|1743769454
|move|p1a: Scizor|Swords Dance|p1a: Scizor
|-boost|p1a: Scizor|atk|2
|move|p2a: Ferrothorn|Leech Seed|p1a: Scizor
|-start|p1a: Scizor|move: Leech Seed
|
|-heal|p2a: Ferrothorn|85/100|[from] item: Leftovers
|-damage|p1a: Scizor|63/100|[from] Leech Seed|[of] p2a: Ferrothorn
|-heal|p2a: Ferrothorn|95/100|[silent]
|upkeep
|turn|5
|
|t:|1743769459
|move|p2a: Ferrothorn|Protect|p2a: Ferrothorn
|-singleturn|p2a: Ferrothorn|Protect
|move|p1a: Scizor|Superpower|p2a: Ferrothorn
|-activate|p2a: Ferrothorn|move: Protect
|
|-heal|p2a: Ferrothorn|100/100|[from] item: Leftovers
|-damage|p1a: Scizor|51/100|[from] Leech Seed|[of] p2a: Ferrothorn
|-sideend|p1: mello bwfan#1|move: Tailwind
|upkeep
|turn|6
|
|t:|1743769468
|move|p1a: Scizor|Superpower|p2a: Ferrothorn
|-supereffective|p2a: Ferrothorn
|-damage|p2a: Ferrothorn|0 fnt
|-unboost|p1a: Scizor|atk|1
|-unboost|p1a: Scizor|def|1
|-damage|p1a: Scizor|38/100|[from] ability: Iron Barbs|[of] p2a: Ferrothorn
|faint|p2a: Ferrothorn
|-damage|p1a: Scizor|28/100|[from] item: Life Orb
|
|upkeep
|
|t:|1743769480
|switch|p2a: Magnezone|Magnezone|100/100
|-damage|p2a: Magnezone|94/100|[from] Stealth Rock
|-item|p2a: Magnezone|Air Balloon
|turn|7
|
|t:|1743769484
|move|p2a: Magnezone|Hidden Power|p1a: Scizor
|-supereffective|p1a: Scizor
|-damage|p1a: Scizor|0 fnt
|faint|p1a: Scizor
|
|upkeep
|
|t:|1743769495
|switch|p1a: Gyarados|Gyarados, F|100/100
|-damage|p1a: Gyarados|76/100|[from] Stealth Rock
|-ability|p1a: Gyarados|Intimidate|boost
|-unboost|p2a: Magnezone|atk|1
|turn|8
|
|t:|1743769502
|move|p1a: Gyarados|Waterfall|p2a: Magnezone
|-crit|p2a: Magnezone
|-damage|p2a: Magnezone|9/100
|-enditem|p2a: Magnezone|Air Balloon
|move|p2a: Magnezone|Thunderbolt|p1a: Gyarados
|-supereffective|p1a: Gyarados
|-damage|p1a: Gyarados|0 fnt
|faint|p1a: Gyarados
|
|upkeep
|inactive|mello bwfan#1 has 120 seconds left.
|
|t:|1743769532
|switch|p1a: Tornadus|Tornadus, M, shiny|100/100
|-damage|p1a: Tornadus|76/100|[from] Stealth Rock
|turn|9
|
|t:|1743769537
|move|p1a: Tornadus|Tailwind|p1a: Tornadus
|-sidestart|p1: mello bwfan#1|move: Tailwind
|move|p2a: Magnezone|Thunderbolt|p1a: Tornadus
|-supereffective|p1a: Tornadus
|-damage|p1a: Tornadus|0 fnt
|faint|p1a: Tornadus
|
|upkeep
|
|t:|1743769539
|switch|p1a: Kyurem|Kyurem-Black, shiny|100/100
|-damage|p1a: Kyurem|76/100|[from] Stealth Rock
|-damage|p1a: Kyurem|63/100|[from] Spikes
|-ability|p1a: Kyurem|Teravolt
|turn|10
|
|t:|1743769542
|move|p1a: Kyurem|Outrage|p2a: Magnezone
|-resisted|p2a: Magnezone
|-damage|p2a: Magnezone|0 fnt
|faint|p2a: Magnezone
|
|upkeep
|
|t:|1743769548
|switch|p2a: Tyranitar|Tyranitar, F|100/100
|-damage|p2a: Tyranitar|88/100|[from] Stealth Rock
|-weather|Sandstorm|[from] ability: Sand Stream|[of] p2a: Tyranitar
|turn|11
|inactive|mello bwfan#1 has 120 seconds left.
|
|t:|1743769595
|move|p1a: Kyurem|Outrage|p2a: Tyranitar|[from] lockedmove
|-crit|p2a: Tyranitar
|-damage|p2a: Tyranitar|0 fnt
|faint|p2a: Tyranitar
|
|-weather|Sandstorm|[upkeep]
|-damage|p1a: Kyurem|57/100|[from] Sandstorm
|upkeep
|
|t:|1743769603
|switch|p2a: Reuniclus|Reuniclus, M|100/100
|turn|12
|
|t:|1743769616
|move|p1a: Kyurem|Outrage|p2a: Reuniclus|[from] lockedmove
|-damage|p2a: Reuniclus|17/100
|-start|p1a: Kyurem|confusion|[fatigue]
|move|p2a: Reuniclus|Calm Mind|p2a: Reuniclus
|-boost|p2a: Reuniclus|spa|1
|-boost|p2a: Reuniclus|spd|1
|
|-weather|Sandstorm|[upkeep]
|-damage|p1a: Kyurem|51/100|[from] Sandstorm
|-heal|p2a: Reuniclus|23/100|[from] item: Leftovers
|-sideend|p1: mello bwfan#1|move: Tailwind
|upkeep
|turn|13
|
|t:|1743769619
|-activate|p1a: Kyurem|confusion
|move|p1a: Kyurem|Outrage|p2a: Reuniclus
|-damage|p2a: Reuniclus|0 fnt
|faint|p2a: Reuniclus
|
|-weather|Sandstorm|[upkeep]
|-damage|p1a: Kyurem|45/100|[from] Sandstorm
|upkeep
|
|t:|1743769621
|switch|p2a: Latios|Latios, M|100/100
|-damage|p2a: Latios|88/100|[from] Stealth Rock
|turn|14
|
|t:|1743769624
|move|p2a: Latios|Draco Meteor|p1a: Kyurem
|-supereffective|p1a: Kyurem
|-damage|p1a: Kyurem|0 fnt
|-unboost|p2a: Latios|spa|2
|faint|p1a: Kyurem
|
|-weather|Sandstorm|[upkeep]
|-damage|p2a: Latios|82/100|[from] Sandstorm
|upkeep
|
|t:|1743769626
|switch|p1a: Garchomp|Garchomp, F, shiny|100/100
|-damage|p1a: Garchomp|94/100|[from] Stealth Rock
|-damage|p1a: Garchomp|82/100|[from] Spikes
|turn|15
|
|t:|1743769628
|move|p2a: Latios|Draco Meteor|p1a: Garchomp
|-supereffective|p1a: Garchomp
|-damage|p1a: Garchomp|0 fnt
|-unboost|p2a: Latios|spa|2
|faint|p1a: Garchomp
|
|win|cdrgcde
|raw|mello bwfan#1's rating: 1310 &rarr; <strong>1291</strong><br />(-19 for losing)
|raw|cdrgcde's rating: 1335 &rarr; <strong>1354</strong><br />(+19 for winning)
|l|☆mello bwfan#1
|player|p1|
