|j|☆swagmiester3000
|j|☆killerfishsandiego
|t:|1716574159
|gametype|singles
|player|p1|swagmiester3000|alder|1283
|player|p2|killerfishsandiego|101|1467
|teamsize|p1|6
|teamsize|p2|6
|gen|5
|tier|[Gen 5] OU
|rated|
|rule|Species Clause: Limit one of each Pokémon
|rule|OHKO Clause: OHKO moves are banned
|rule|Moody Clause: Moody is banned
|rule|Evasion Items Clause: Evasion items are banned
|rule|Evasion Moves Clause: Evasion moves are banned
|rule|Endless Battle Clause: Forcing endless battles is banned
|rule|HP Percentage Mod: HP is shown in percentages
|rule|Evasion Abilities Clause: Evasion abilities are banned
|rule|Sleep Moves Clause: Sleep-inducing moves are banned
|rule|Swagger Clause: Swagger is banned
|rule|Baton Pass Stat Clause: No Baton Passer may have a way to boost its stats
|clearpoke
|poke|p1|Jolteon, M|item
|poke|p1|Heracross, M|item
|poke|p1|Mew|item
|poke|p1|Snorlax, M|item
|poke|p1|Dragonite, M|item
|poke|p1|Gyarados, M|item
|poke|p2|Gliscor, M|item
|poke|p2|Starmie|item
|poke|p2|Blissey, F|item
|poke|p2|Quagsire, F|item
|poke|p2|Tyranitar, M|item
|poke|p2|Skarmory, F|item
|teampreview
|
|t:|1716574174
|start
|switch|p1a: Jolteon|Jolteon, M|100/100
|switch|p2a: Gliscor|Gliscor, M|100/100
|turn|1
|
|t:|1716574179
|move|p2a: Gliscor|Protect|p2a: Gliscor
|-singleturn|p2a: Gliscor|Protect
|move|p1a: Jolteon|Hidden Power|p2a: Gliscor
|-activate|p2a: Gliscor|move: Protect
|
|-status|p2a: Gliscor|tox|[from] item: Toxic Orb
|upkeep
|turn|2
|
|t:|1716574186
|switch|p2a: Blissey|Blissey, F|100/100
|move|p1a: Jolteon|Hidden Power|p2a: Blissey
|-damage|p2a: Blissey|92/100
|
|-heal|p2a: Blissey|99/100|[from] item: Leftovers
|upkeep
|turn|3
|
|t:|1716574194
|move|p1a: Jolteon|Toxic|p2a: Blissey|[miss]
|-miss|p1a: Jolteon|p2a: Blissey
|move|p2a: Blissey|Seismic Toss|p1a: Jolteon
|-damage|p1a: Jolteon|64/100
|
|-heal|p2a: Blissey|100/100|[from] item: Leftovers
|upkeep
|turn|4
|
|t:|1716574201
|move|p1a: Jolteon|Volt Switch|p2a: Blissey
|-damage|p2a: Blissey|89/100
|
|t:|1716574204
|switch|p1a: Snorlax|Snorlax, M|100/100|[from] Volt Switch
|move|p2a: Blissey|Seismic Toss|p1a: Snorlax
|-damage|p1a: Snorlax|81/100
|
|-heal|p2a: Blissey|95/100|[from] item: Leftovers
|-heal|p1a: Snorlax|88/100|[from] item: Leftovers
|upkeep
|turn|5
|
|t:|1716574212
|switch|p2a: Gliscor|Gliscor, M|100/100 tox
|move|p1a: Snorlax|Curse|p1a: Snorlax
|-unboost|p1a: Snorlax|spe|1
|-boost|p1a: Snorlax|atk|1
|-boost|p1a: Snorlax|def|1
|
|-heal|p1a: Snorlax|94/100|[from] item: Leftovers
|upkeep
|turn|6
|
|t:|1716574220
|move|p2a: Gliscor|Taunt|p1a: Snorlax
|-start|p1a: Snorlax|move: Taunt
|move|p1a: Snorlax|Body Slam|p2a: Gliscor
|-damage|p2a: Gliscor|56/100 tox
|
|-heal|p1a: Snorlax|99/100|[from] item: Leftovers
|-heal|p2a: Gliscor|68/100 tox|[from] ability: Poison Heal
|upkeep
|turn|7
|
|t:|1716574228
|move|p2a: Gliscor|Protect|p2a: Gliscor
|-singleturn|p2a: Gliscor|Protect
|move|p1a: Snorlax|Body Slam|p2a: Gliscor
|-activate|p2a: Gliscor|move: Protect
|
|-heal|p1a: Snorlax|100/100|[from] item: Leftovers
|-heal|p2a: Gliscor|81/100 tox|[from] ability: Poison Heal
|upkeep
|turn|8
|
|t:|1716574236
|move|p2a: Gliscor|Stealth Rock|p1a: Snorlax
|-sidestart|p1: swagmiester3000|move: Stealth Rock
|move|p1a: Snorlax|Body Slam|p2a: Gliscor
|-damage|p2a: Gliscor|38/100 tox
|
|-heal|p2a: Gliscor|51/100 tox|[from] ability: Poison Heal
|-end|p1a: Snorlax|move: Taunt
|upkeep
|turn|9
|
|t:|1716574243
|move|p2a: Gliscor|Protect|p2a: Gliscor
|-singleturn|p2a: Gliscor|Protect
|move|p1a: Snorlax|Curse|p1a: Snorlax
|-unboost|p1a: Snorlax|spe|1
|-boost|p1a: Snorlax|atk|1
|-boost|p1a: Snorlax|def|1
|
|-heal|p2a: Gliscor|63/100 tox|[from] ability: Poison Heal
|upkeep
|turn|10
|
|t:|1716574251
|switch|p2a: Skarmory|Skarmory, F|100/100
|move|p1a: Snorlax|Body Slam|p2a: Skarmory
|-resisted|p2a: Skarmory
|-damage|p2a: Skarmory|73/100
|-status|p2a: Skarmory|par
|-damage|p1a: Snorlax|84/100|[from] item: Rocky Helmet|[of] p2a: Skarmory
|
|-heal|p1a: Snorlax|90/100|[from] item: Leftovers
|upkeep
|turn|11
|
|t:|1716574260
|move|p1a: Snorlax|Brick Break|p2a: Skarmory
|-damage|p2a: Skarmory|43/100 par
|-damage|p1a: Snorlax|73/100|[from] item: Rocky Helmet|[of] p2a: Skarmory
|move|p2a: Skarmory|Iron Defense|p2a: Skarmory
|-boost|p2a: Skarmory|def|2
|
|-heal|p1a: Snorlax|80/100|[from] item: Leftovers
|upkeep
|turn|12
|
|t:|1716574267
|move|p1a: Snorlax|Brick Break|p2a: Skarmory
|-damage|p2a: Skarmory|28/100 par
|-damage|p1a: Snorlax|63/100|[from] item: Rocky Helmet|[of] p2a: Skarmory
|move|p2a: Skarmory|Roost|p2a: Skarmory
|-heal|p2a: Skarmory|78/100 par
|-singleturn|p2a: Skarmory|move: Roost
|
|-heal|p1a: Snorlax|69/100|[from] item: Leftovers
|upkeep
|turn|13
|
|t:|1716574276
|move|p1a: Snorlax|Curse|p1a: Snorlax
|-unboost|p1a: Snorlax|spe|1
|-boost|p1a: Snorlax|atk|1
|-boost|p1a: Snorlax|def|1
|cant|p2a: Skarmory|par
|
|-heal|p1a: Snorlax|75/100|[from] item: Leftovers
|upkeep
|turn|14
|
|t:|1716574283
|move|p2a: Skarmory|Spikes|p1a: Snorlax
|-sidestart|p1: swagmiester3000|Spikes
|move|p1a: Snorlax|Curse|p1a: Snorlax
|-unboost|p1a: Snorlax|spe|1
|-boost|p1a: Snorlax|atk|1
|-boost|p1a: Snorlax|def|1
|
|-heal|p1a: Snorlax|81/100|[from] item: Leftovers
|upkeep
|turn|15
|
|t:|1716574291
|move|p2a: Skarmory|Iron Defense|p2a: Skarmory
|-boost|p2a: Skarmory|def|2
|move|p1a: Snorlax|Curse|p1a: Snorlax
|-unboost|p1a: Snorlax|spe|1
|-boost|p1a: Snorlax|atk|1
|-boost|p1a: Snorlax|def|1
|
|-heal|p1a: Snorlax|87/100|[from] item: Leftovers
|upkeep
|turn|16
|j| CertamenMeum
|
|t:|1716574300
|move|p1a: Snorlax|Curse|p1a: Snorlax
|-unboost|p1a: Snorlax|spe|1
|-boost|p1a: Snorlax|atk|1
|-boost|p1a: Snorlax|def|1
|cant|p2a: Skarmory|par
|
|-heal|p1a: Snorlax|93/100|[from] item: Leftovers
|upkeep
|turn|17
|l| CertamenMeum
|
|t:|1716574314
|switch|p2a: Quagsire|Quagsire, F|100/100
|move|p1a: Snorlax|Brick Break|p2a: Quagsire
|-damage|p2a: Quagsire|83/100
|
|-heal|p2a: Quagsire|89/100|[from] item: Leftovers
|-heal|p1a: Snorlax|99/100|[from] item: Leftovers
|upkeep
|turn|18
|
|t:|1716574322
|move|p2a: Quagsire|Ice Beam|p1a: Snorlax
|-damage|p1a: Snorlax|90/100
|-status|p1a: Snorlax|frz
|cant|p1a: Snorlax|frz
|
|-heal|p2a: Quagsire|95/100|[from] item: Leftovers
|-heal|p1a: Snorlax|96/100 frz|[from] item: Leftovers
|upkeep
|turn|19
|
|t:|1716574330
|move|p2a: Quagsire|Earthquake|p1a: Snorlax
|-damage|p1a: Snorlax|69/100 frz
|-curestatus|p1a: Snorlax|frz|[msg]
|move|p1a: Snorlax|Body Slam|p2a: Quagsire
|-damage|p2a: Quagsire|64/100
|
|-heal|p2a: Quagsire|70/100|[from] item: Leftovers
|-heal|p1a: Snorlax|75/100|[from] item: Leftovers
|upkeep
|turn|20
|
|t:|1716574339
|move|p2a: Quagsire|Earthquake|p1a: Snorlax
|-damage|p1a: Snorlax|51/100
|move|p1a: Snorlax|Body Slam|p2a: Quagsire
|-damage|p2a: Quagsire|41/100
|-status|p2a: Quagsire|par
|
|-heal|p2a: Quagsire|47/100 par|[from] item: Leftovers
|-heal|p1a: Snorlax|57/100|[from] item: Leftovers
|upkeep
|turn|21
|
|t:|1716574349
|move|p2a: Quagsire|Recover|p2a: Quagsire
|-heal|p2a: Quagsire|97/100 par
|move|p1a: Snorlax|Body Slam|p2a: Quagsire
|-damage|p2a: Quagsire|66/100 par
|
|-heal|p2a: Quagsire|72/100 par|[from] item: Leftovers
|-heal|p1a: Snorlax|63/100|[from] item: Leftovers
|upkeep
|turn|22
|
|t:|1716574371
|move|p2a: Quagsire|Earthquake|p1a: Snorlax
|-damage|p1a: Snorlax|39/100
|move|p1a: Snorlax|Body Slam|p2a: Quagsire
|-damage|p2a: Quagsire|41/100 par
|
|-heal|p2a: Quagsire|47/100 par|[from] item: Leftovers
|-heal|p1a: Snorlax|45/100|[from] item: Leftovers
|upkeep
|turn|23
|
|t:|1716574392
|move|p2a: Quagsire|Recover|p2a: Quagsire
|-heal|p2a: Quagsire|97/100 par
|move|p1a: Snorlax|Body Slam|p2a: Quagsire
|-damage|p2a: Quagsire|66/100 par
|
|-heal|p2a: Quagsire|73/100 par|[from] item: Leftovers
|-heal|p1a: Snorlax|51/100|[from] item: Leftovers
|upkeep
|turn|24
|
|t:|1716574399
|move|p2a: Quagsire|Earthquake|p1a: Snorlax
|-damage|p1a: Snorlax|25/100
|move|p1a: Snorlax|Body Slam|p2a: Quagsire
|-damage|p2a: Quagsire|43/100 par
|
|-heal|p2a: Quagsire|49/100 par|[from] item: Leftovers
|-heal|p1a: Snorlax|31/100|[from] item: Leftovers
|upkeep
|turn|25
|
|t:|1716574407
|cant|p2a: Quagsire|par
|move|p1a: Snorlax|Body Slam|p2a: Quagsire
|-damage|p2a: Quagsire|19/100 par
|
|-heal|p2a: Quagsire|25/100 par|[from] item: Leftovers
|-heal|p1a: Snorlax|37/100|[from] item: Leftovers
|upkeep
|turn|26
|
|t:|1716574414
|cant|p2a: Quagsire|par
|move|p1a: Snorlax|Body Slam|p2a: Quagsire
|-damage|p2a: Quagsire|0 fnt
|faint|p2a: Quagsire
|
|-heal|p1a: Snorlax|43/100|[from] item: Leftovers
|upkeep
|c|☆killerfishsandiego|of
|c|☆killerfishsandiego|course
|c|☆killerfishsandiego|this lucky bastard
|c|☆swagmiester3000|lol
|
|t:|1716574435
|switch|p2a: Skarmory|Skarmory, F|78/100 par
|turn|27
|
|t:|1716574438
|move|p2a: Skarmory|Iron Defense|p2a: Skarmory
|-boost|p2a: Skarmory|def|2
|move|p1a: Snorlax|Brick Break|p2a: Skarmory
|-crit|p2a: Skarmory
|-damage|p2a: Skarmory|0 fnt
|-damage|p1a: Snorlax|27/100|[from] item: Rocky Helmet|[of] p2a: Skarmory
|faint|p2a: Skarmory
|
|-heal|p1a: Snorlax|33/100|[from] item: Leftovers
|upkeep
|
|t:|1716574454
|switch|p2a: Tyranitar|Tyranitar, M|100/100
|-weather|Sandstorm|[from] ability: Sand Stream|[of] p2a: Tyranitar
|turn|28
|
|t:|1716574458
|move|p2a: Tyranitar|Superpower|p1a: Snorlax
|-supereffective|p1a: Snorlax
|-damage|p1a: Snorlax|12/100
|-unboost|p2a: Tyranitar|atk|1
|-unboost|p2a: Tyranitar|def|1
|move|p1a: Snorlax|Brick Break|p2a: Tyranitar
|-supereffective|p2a: Tyranitar
|-damage|p2a: Tyranitar|0 fnt
|faint|p2a: Tyranitar
|
|-weather|Sandstorm|[upkeep]
|-damage|p1a: Snorlax|6/100|[from] Sandstorm
|-heal|p1a: Snorlax|12/100|[from] item: Leftovers
|upkeep
|
|t:|1716574462
|switch|p2a: Blissey|Blissey, F|95/100
|turn|29
|c|☆killerfishsandiego|just insane
|c|☆killerfishsandiego|fuck this shit
|c|☆killerfishsandiego|luckiest fuckjng dogshit fucking bastards
|c|☆killerfishsandiego|play this meta
|c|☆swagmiester3000|LOL
|
|t:|1716574485
|move|p2a: Blissey|Seismic Toss|p1a: Snorlax
|-damage|p1a: Snorlax|0 fnt
|faint|p1a: Snorlax
|
|-weather|Sandstorm|[upkeep]
|-damage|p2a: Blissey|89/100|[from] Sandstorm
|-heal|p2a: Blissey|95/100|[from] item: Leftovers
|upkeep
|c|☆killerfishsandiego|sych fucking. bullshit
|c|☆swagmiester3000|im dying
|c|☆killerfishsandiego|eat shit
|
|t:|1716574508
|switch|p1a: Dragonite|Dragonite, M|100/100
|-damage|p1a: Dragonite|76/100|[from] Stealth Rock
|turn|30
|
|t:|1716574512
|move|p1a: Dragonite|Superpower|p2a: Blissey
|-supereffective|p2a: Blissey
|-damage|p2a: Blissey|0 fnt
|-unboost|p1a: Dragonite|atk|1
|-unboost|p1a: Dragonite|def|1
|faint|p2a: Blissey
|
|-weather|Sandstorm|[upkeep]
|-damage|p1a: Dragonite|70/100|[from] Sandstorm
|upkeep
|
|t:|1716574515
|switch|p2a: Starmie|Starmie|100/100
|turn|31
|
|t:|1716574526
|switch|p1a: Mew|Mew|100/100
|-damage|p1a: Mew|88/100|[from] Stealth Rock
|-damage|p1a: Mew|76/100|[from] Spikes
|move|p2a: Starmie|Psyshock|p1a: Mew
|-resisted|p1a: Mew
|-damage|p1a: Mew|66/100
|
|-weather|Sandstorm|[upkeep]
|-damage|p2a: Starmie|94/100|[from] Sandstorm
|-damage|p1a: Mew|59/100|[from] Sandstorm
|-heal|p2a: Starmie|100/100|[from] item: Leftovers
|-heal|p1a: Mew|66/100|[from] item: Leftovers
|upkeep
|turn|32
|-message|killerfishsandiego forfeited.
|
|win|swagmiester3000
|raw|swagmiester3000's rating: 1283 &rarr; <strong>1320</strong><br />(+37 for winning)
|raw|killerfishsandiego's rating: 1467 &rarr; <strong>1437</strong><br />(-30 for losing)
|l|☆killerfishsandiego
|player|p2|
