|j|☆blossummm
|j|☆CringLord!
|t:|1717116372
|gametype|singles
|player|p1|blossummm|bianca|1377
|player|p2|CringLord!|caitlin|1435
|teamsize|p1|6
|teamsize|p2|6
|gen|5
|tier|[Gen 5] OU
|rated|
|rule|Species Clause: Limit one of each Pokémon
|rule|OHKO Clause: OHKO moves are banned
|rule|Moody Clause: Moody is banned
|rule|Evasion Items Clause: Evasion items are banned
|rule|Evasion Moves Clause: Evasion moves are banned
|rule|Endless Battle Clause: Forcing endless battles is banned
|rule|HP Percentage Mod: HP is shown in percentages
|rule|Evasion Abilities Clause: Evasion abilities are banned
|rule|Sleep Moves Clause: Sleep-inducing moves are banned
|rule|Swagger Clause: Swagger is banned
|rule|Baton Pass Stat Clause: No Baton Passer may have a way to boost its stats
|clearpoke
|poke|p1|Tyranitar, F|item
|poke|p1|Alakazam, F|item
|poke|p1|Latios, M|item
|poke|p1|Ferrothorn, F|item
|poke|p1|Keldeo|item
|poke|p1|Landorus-Therian, M|item
|poke|p2|Hippowdon, M|item
|poke|p2|Skarmory, M|item
|poke|p2|Reuniclus, F|item
|poke|p2|Clefable, F|item
|poke|p2|Latias, F|item
|poke|p2|Bronzong|item
|teampreview
|inactive|Battle timer is ON: inactive players will automatically lose when time's up. (requested by CringLord!)
|
|t:|1717116404
|start
|switch|p1a: Keldeo|Keldeo|100/100
|switch|p2a: Hippowdon|Hippowdon, M|100/100
|-weather|Sandstorm|[from] ability: Sand Stream|[of] p2a: Hippowdon
|turn|1
|
|t:|1717116408
|switch|p2a: Latias|Latias, F|100/100
|move|p1a: Keldeo|Scald|p2a: Latias
|-resisted|p2a: Latias
|-damage|p2a: Latias|83/100
|
|-weather|Sandstorm|[upkeep]
|-damage|p2a: Latias|77/100|[from] Sandstorm
|-damage|p1a: Keldeo|94/100|[from] Sandstorm
|-heal|p1a: Keldeo|100/100|[from] item: Leftovers
|upkeep
|turn|2
|
|t:|1717116414
|switch|p1a: Ferrothorn|Ferrothorn, F|100/100
|move|p2a: Latias|Thunder Wave|p1a: Ferrothorn
|-status|p1a: Ferrothorn|par
|
|-weather|Sandstorm|[upkeep]
|-damage|p2a: Latias|71/100|[from] Sandstorm
|upkeep
|turn|3
|
|t:|1717116424
|switch|p2a: Skarmory|Skarmory, M|100/100
|move|p1a: Ferrothorn|Spikes|p2a: Skarmory
|-sidestart|p2: CringLord!|Spikes
|
|-weather|Sandstorm|[upkeep]
|upkeep
|turn|4
|
|t:|1717116431
|move|p2a: Skarmory|Spikes|p1a: Ferrothorn
|-sidestart|p1: blossummm|Spikes
|move|p1a: Ferrothorn|Knock Off|p2a: Skarmory
|-resisted|p2a: Skarmory
|-damage|p2a: Skarmory|99/100
|-damage|p1a: Ferrothorn|84/100 par|[from] item: Rocky Helmet|[of] p2a: Skarmory
|-enditem|p2a: Skarmory|Rocky Helmet|[from] move: Knock Off|[of] p1a: Ferrothorn
|
|-weather|Sandstorm|[upkeep]
|upkeep
|turn|5
|
|t:|1717116435
|switch|p1a: Keldeo|Keldeo|100/100
|-damage|p1a: Keldeo|88/100|[from] Spikes
|move|p2a: Skarmory|Spikes|p1a: Keldeo
|-sidestart|p1: blossummm|Spikes
|
|-weather|Sandstorm|[upkeep]
|-damage|p1a: Keldeo|82/100|[from] Sandstorm
|-heal|p1a: Keldeo|88/100|[from] item: Leftovers
|upkeep
|turn|6
|
|t:|1717116438
|switch|p2a: Latias|Latias, F|71/100
|move|p1a: Keldeo|Scald|p2a: Latias
|-resisted|p2a: Latias
|-damage|p2a: Latias|53/100
|
|-weather|Sandstorm|[upkeep]
|-damage|p2a: Latias|47/100|[from] Sandstorm
|-damage|p1a: Keldeo|82/100|[from] Sandstorm
|-heal|p1a: Keldeo|88/100|[from] item: Leftovers
|upkeep
|turn|7
|
|t:|1717116445
|switch|p1a: Ferrothorn|Ferrothorn, F|84/100 par
|-damage|p1a: Ferrothorn|67/100 par|[from] Spikes
|move|p2a: Latias|Recover|p2a: Latias
|-heal|p2a: Latias|97/100
|
|-weather|Sandstorm|[upkeep]
|-damage|p2a: Latias|91/100|[from] Sandstorm
|upkeep
|turn|8
|
|t:|1717116450
|switch|p2a: Hippowdon|Hippowdon, M|100/100
|-damage|p2a: Hippowdon|88/100|[from] Spikes
|move|p1a: Ferrothorn|Gyro Ball|p2a: Hippowdon
|-damage|p2a: Hippowdon|50/100
|
|-weather|Sandstorm|[upkeep]
|-heal|p2a: Hippowdon|56/100|[from] item: Leftovers
|upkeep
|turn|9
|
|t:|1717116453
|move|p2a: Hippowdon|Stealth Rock|p1a: Ferrothorn
|-sidestart|p1: blossummm|move: Stealth Rock
|cant|p1a: Ferrothorn|par
|
|-weather|Sandstorm|[upkeep]
|-heal|p2a: Hippowdon|63/100|[from] item: Leftovers
|upkeep
|turn|10
|
|t:|1717116457
|move|p2a: Hippowdon|Earthquake|p1a: Ferrothorn
|-crit|p1a: Ferrothorn
|-damage|p1a: Ferrothorn|18/100 par
|move|p1a: Ferrothorn|Power Whip|p2a: Hippowdon
|-supereffective|p2a: Hippowdon
|-damage|p2a: Hippowdon|0 fnt
|faint|p2a: Hippowdon
|
|-weather|Sandstorm|[upkeep]
|upkeep
|
|t:|1717116475
|switch|p2a: Clefable|Clefable, F|100/100
|turn|11
|
|t:|1717116482
|move|p2a: Clefable|Seismic Toss|p1a: Ferrothorn
|-damage|p1a: Ferrothorn|0 fnt
|faint|p1a: Ferrothorn
|
|-weather|Sandstorm|[upkeep]
|upkeep
|
|t:|1717116488
|switch|p1a: Keldeo|Keldeo|88/100
|-damage|p1a: Keldeo|72/100|[from] Spikes
|-damage|p1a: Keldeo|66/100|[from] Stealth Rock
|turn|12
|
|t:|1717116491
|switch|p2a: Latias|Latias, F|91/100
|move|p1a: Keldeo|Secret Sword|p2a: Latias
|-resisted|p2a: Latias
|-damage|p2a: Latias|65/100
|
|-weather|Sandstorm|[upkeep]
|-damage|p2a: Latias|59/100|[from] Sandstorm
|-damage|p1a: Keldeo|59/100|[from] Sandstorm
|-heal|p1a: Keldeo|66/100|[from] item: Leftovers
|upkeep
|turn|13
|
|t:|1717116498
|switch|p1a: Landorus|Landorus-Therian, M|100/100
|-damage|p1a: Landorus|88/100|[from] Stealth Rock
|-ability|p1a: Landorus|Intimidate|boost
|-unboost|p2a: Latias|atk|1
|move|p2a: Latias|Thunder Wave|p1a: Landorus
|-immune|p1a: Landorus
|
|-weather|Sandstorm|[upkeep]
|-damage|p2a: Latias|53/100|[from] Sandstorm
|-heal|p1a: Landorus|94/100|[from] item: Leftovers
|upkeep
|turn|14
|
|t:|1717116517
|switch|p2a: Skarmory|Skarmory, M|99/100
|move|p1a: Landorus|U-turn|p2a: Skarmory
|-resisted|p2a: Skarmory
|-damage|p2a: Skarmory|96/100
|
|t:|1717116522
|switch|p1a: Keldeo|Keldeo|66/100|[from] U-turn
|-damage|p1a: Keldeo|49/100|[from] Spikes
|-damage|p1a: Keldeo|43/100|[from] Stealth Rock
|
|-weather|Sandstorm|[upkeep]
|-damage|p1a: Keldeo|37/100|[from] Sandstorm
|-heal|p1a: Keldeo|43/100|[from] item: Leftovers
|upkeep
|turn|15
|
|t:|1717116540
|switch|p2a: Reuniclus|Reuniclus, F|100/100
|move|p1a: Keldeo|Scald|p2a: Reuniclus
|-damage|p2a: Reuniclus|63/100
|
|-weather|Sandstorm|[upkeep]
|-damage|p1a: Keldeo|37/100|[from] Sandstorm
|-heal|p1a: Keldeo|43/100|[from] item: Leftovers
|-heal|p2a: Reuniclus|69/100|[from] item: Leftovers
|upkeep
|turn|16
|
|t:|1717116553
|switch|p1a: Tyranitar|Tyranitar, F, shiny|100/100
|-damage|p1a: Tyranitar|84/100|[from] Spikes
|-damage|p1a: Tyranitar|71/100|[from] Stealth Rock
|switch|p2a: Clefable|Clefable, F|100/100
|
|-weather|Sandstorm|[upkeep]
|upkeep
|turn|17
|
|t:|1717116560
|switch|p1a: Landorus|Landorus-Therian, M|94/100
|-damage|p1a: Landorus|82/100|[from] Stealth Rock
|-ability|p1a: Landorus|Intimidate|boost
|-unboost|p2a: Clefable|atk|1
|move|p2a: Clefable|Knock Off|p1a: Landorus
|-damage|p1a: Landorus|80/100
|-enditem|p1a: Landorus|Leftovers|[from] move: Knock Off|[of] p2a: Clefable
|
|-weather|Sandstorm|[upkeep]
|upkeep
|turn|18
|
|t:|1717116573
|switch|p2a: Skarmory|Skarmory, M|96/100
|move|p1a: Landorus|U-turn|p2a: Skarmory
|-resisted|p2a: Skarmory
|-damage|p2a: Skarmory|93/100
|
|t:|1717116580
|switch|p1a: Keldeo|Keldeo|43/100|[from] U-turn
|-damage|p1a: Keldeo|27/100|[from] Spikes
|-damage|p1a: Keldeo|20/100|[from] Stealth Rock
|
|-weather|Sandstorm|[upkeep]
|-damage|p1a: Keldeo|14/100|[from] Sandstorm
|-heal|p1a: Keldeo|20/100|[from] item: Leftovers
|upkeep
|turn|19
|
|t:|1717116593
|switch|p2a: Bronzong|Bronzong|100/100
|move|p1a: Keldeo|Scald|p2a: Bronzong
|-damage|p2a: Bronzong|70/100
|-status|p2a: Bronzong|brn
|
|-weather|Sandstorm|[upkeep]
|-damage|p1a: Keldeo|14/100|[from] Sandstorm
|-heal|p1a: Keldeo|20/100|[from] item: Leftovers
|-heal|p2a: Bronzong|76/100 brn|[from] item: Leftovers
|-damage|p2a: Bronzong|64/100 brn|[from] brn
|upkeep
|turn|20
|
|t:|1717116599
|move|p1a: Keldeo|Scald|p2a: Bronzong
|-damage|p2a: Bronzong|35/100 brn
|move|p2a: Bronzong|Toxic|p1a: Keldeo
|-status|p1a: Keldeo|tox
|
|-weather|Sandstorm|[upkeep]
|-damage|p1a: Keldeo|14/100 tox|[from] Sandstorm
|-heal|p1a: Keldeo|20/100 tox|[from] item: Leftovers
|-heal|p2a: Bronzong|41/100 brn|[from] item: Leftovers
|-damage|p1a: Keldeo|14/100 tox|[from] psn
|-damage|p2a: Bronzong|29/100 brn|[from] brn
|upkeep
|turn|21
|
|t:|1717116605
|move|p2a: Bronzong|Protect|p2a: Bronzong
|-singleturn|p2a: Bronzong|Protect
|move|p1a: Keldeo|Scald|p2a: Bronzong
|-activate|p2a: Bronzong|move: Protect
|
|-weather|Sandstorm|[upkeep]
|-damage|p1a: Keldeo|8/100 tox|[from] Sandstorm
|-heal|p1a: Keldeo|14/100 tox|[from] item: Leftovers
|-heal|p2a: Bronzong|35/100 brn|[from] item: Leftovers
|-damage|p1a: Keldeo|2/100 tox|[from] psn
|-damage|p2a: Bronzong|23/100 brn|[from] brn
|upkeep
|turn|22
|
|t:|1717116608
|move|p1a: Keldeo|Scald|p2a: Bronzong
|-crit|p2a: Bronzong
|-damage|p2a: Bronzong|0 fnt
|faint|p2a: Bronzong
|
|-weather|Sandstorm|[upkeep]
|-damage|p1a: Keldeo|0 fnt|[from] Sandstorm
|faint|p1a: Keldeo
|upkeep
|
|t:|1717116618
|switch|p1a: Landorus|Landorus-Therian, M|80/100
|switch|p2a: Clefable|Clefable, F|100/100
|-damage|p1a: Landorus|67/100|[from] Stealth Rock
|-ability|p1a: Landorus|Intimidate|boost
|-unboost|p2a: Clefable|atk|1
|turn|23
|
|t:|1717116621
|move|p1a: Landorus|Earthquake|p2a: Clefable
|-damage|p2a: Clefable|47/100
|move|p2a: Clefable|Soft-Boiled|p2a: Clefable
|-heal|p2a: Clefable|97/100
|
|-weather|Sandstorm|[upkeep]
|-heal|p2a: Clefable|100/100|[from] item: Leftovers
|upkeep
|turn|24
|
|t:|1717116629
|move|p1a: Landorus|Earthquake|p2a: Clefable
|-damage|p2a: Clefable|44/100
|move|p2a: Clefable|Soft-Boiled|p2a: Clefable
|-heal|p2a: Clefable|94/100
|
|-weather|Sandstorm|[upkeep]
|-heal|p2a: Clefable|99/100|[from] item: Leftovers
|upkeep
|turn|25
|
|t:|1717116633
|switch|p2a: Skarmory|Skarmory, M|93/100
|move|p1a: Landorus|Earthquake|p2a: Skarmory
|-immune|p2a: Skarmory
|
|-weather|Sandstorm|[upkeep]
|upkeep
|turn|26
|
|t:|1717116639
|move|p1a: Landorus|U-turn|p2a: Skarmory
|-resisted|p2a: Skarmory
|-damage|p2a: Skarmory|90/100
|
|t:|1717116644
|switch|p1a: Alakazam|Alakazam, F|100/100|[from] U-turn
|move|p2a: Skarmory|Whirlwind|p1a: Alakazam
|drag|p1a: Latios|Latios, M|100/100
|-damage|p1a: Latios|88/100|[from] Stealth Rock
|
|-weather|Sandstorm|[upkeep]
|-damage|p1a: Latios|82/100|[from] Sandstorm
|upkeep
|turn|27
|
|t:|1717116648
|move|p1a: Latios|Surf|p2a: Skarmory
|-damage|p2a: Skarmory|45/100
|move|p2a: Skarmory|Roost|p2a: Skarmory
|-heal|p2a: Skarmory|95/100
|-singleturn|p2a: Skarmory|move: Roost
|
|-weather|Sandstorm|[upkeep]
|-damage|p1a: Latios|76/100|[from] Sandstorm
|upkeep
|turn|28
|
|t:|1717116653
|switch|p1a: Alakazam|Alakazam, F|100/100
|move|p2a: Skarmory|Roost|p2a: Skarmory
|-heal|p2a: Skarmory|100/100
|-singleturn|p2a: Skarmory|move: Roost
|
|-weather|Sandstorm|[upkeep]
|upkeep
|turn|29
|
|t:|1717116657
|switch|p2a: Clefable|Clefable, F|99/100
|move|p1a: Alakazam|Hidden Power|p2a: Clefable
|-damage|p2a: Clefable|80/100
|
|-weather|Sandstorm|[upkeep]
|-heal|p2a: Clefable|86/100|[from] item: Leftovers
|upkeep
|turn|30
|
|t:|1717116666
|switch|p1a: Tyranitar|Tyranitar, F, shiny|71/100
|-damage|p1a: Tyranitar|55/100|[from] Spikes
|-damage|p1a: Tyranitar|42/100|[from] Stealth Rock
|switch|p2a: Reuniclus|Reuniclus, F|69/100
|
|-weather|Sandstorm|[upkeep]
|-heal|p2a: Reuniclus|75/100|[from] item: Leftovers
|upkeep
|turn|31
|
|t:|1717116672
|switch|p2a: Skarmory|Skarmory, M|100/100
|move|p1a: Tyranitar|Crunch|p2a: Skarmory
|-resisted|p2a: Skarmory
|-crit|p2a: Skarmory
|-damage|p2a: Skarmory|77/100
|
|-weather|Sandstorm|[upkeep]
|upkeep
|turn|32
|
|t:|1717116682
|move|p2a: Skarmory|Roost|p2a: Skarmory
|-heal|p2a: Skarmory|100/100
|-singleturn|p2a: Skarmory|move: Roost
|move|p1a: Tyranitar|Thunder Wave|p2a: Skarmory
|-status|p2a: Skarmory|par
|
|-weather|Sandstorm|[upkeep]
|upkeep
|turn|33
|
|t:|1717116689
|move|p1a: Tyranitar|Crunch|p2a: Skarmory
|-resisted|p2a: Skarmory
|-crit|p2a: Skarmory
|-damage|p2a: Skarmory|75/100 par
|move|p2a: Skarmory|Brave Bird|p1a: Tyranitar
|-resisted|p1a: Tyranitar
|-crit|p1a: Tyranitar
|-damage|p1a: Tyranitar|18/100
|-damage|p2a: Skarmory|65/100 par|[from] Recoil
|
|-weather|Sandstorm|[upkeep]
|upkeep
|turn|34
|
|t:|1717116705
|move|p1a: Tyranitar|Crunch|p2a: Skarmory
|-resisted|p2a: Skarmory
|-damage|p2a: Skarmory|55/100 par
|move|p2a: Skarmory|Roost|p2a: Skarmory
|-heal|p2a: Skarmory|100/100 par
|-singleturn|p2a: Skarmory|move: Roost
|
|-weather|Sandstorm|[upkeep]
|upkeep
|turn|35
|
|t:|1717116710
|move|p1a: Tyranitar|Crunch|p2a: Skarmory
|-resisted|p2a: Skarmory
|-damage|p2a: Skarmory|90/100 par
|move|p2a: Skarmory|Brave Bird|p1a: Tyranitar
|-resisted|p1a: Tyranitar
|-crit|p1a: Tyranitar
|-damage|p1a: Tyranitar|0 fnt
|faint|p1a: Tyranitar
|-damage|p2a: Skarmory|83/100 par|[from] Recoil
|
|-weather|Sandstorm|[upkeep]
|upkeep
|
|t:|1717116720
|switch|p1a: Alakazam|Alakazam, F|100/100
|turn|36
|
|t:|1717116722
|switch|p2a: Clefable|Clefable, F|86/100
|move|p1a: Alakazam|Hidden Power|p2a: Clefable
|-damage|p2a: Clefable|64/100
|
|-weather|Sandstorm|[upkeep]
|-heal|p2a: Clefable|70/100|[from] item: Leftovers
|upkeep
|turn|37
|
|t:|1717116732
|move|p1a: Alakazam|Psychic|p2a: Clefable
|-damage|p2a: Clefable|30/100
|move|p2a: Clefable|Seismic Toss|p1a: Alakazam
|-damage|p1a: Alakazam|61/100
|
|-weather|Sandstorm|[upkeep]
|-heal|p2a: Clefable|37/100|[from] item: Leftovers
|upkeep
|turn|38
|
|t:|1717116744
|switch|p2a: Skarmory|Skarmory, M|83/100 par
|move|p1a: Alakazam|Psychic|p2a: Skarmory
|-resisted|p2a: Skarmory
|-damage|p2a: Skarmory|40/100 par
|
|-weather|Sandstorm|[upkeep]
|upkeep
|turn|39
|
|t:|1717116768
|move|p1a: Alakazam|Hidden Power|p2a: Skarmory
|-supereffective|p2a: Skarmory
|-damage|p2a: Skarmory|0 fnt
|faint|p2a: Skarmory
|
|-weather|Sandstorm|[upkeep]
|upkeep
|
|t:|1717116772
|switch|p2a: Reuniclus|Reuniclus, F|75/100
|turn|40
|
|t:|1717116778
|move|p1a: Alakazam|Shadow Ball|p2a: Reuniclus
|-supereffective|p2a: Reuniclus
|-damage|p2a: Reuniclus|13/100
|move|p2a: Reuniclus|Thunder|p1a: Alakazam
|-crit|p1a: Alakazam
|-damage|p1a: Alakazam|0 fnt
|faint|p1a: Alakazam
|
|-weather|Sandstorm|[upkeep]
|-heal|p2a: Reuniclus|19/100|[from] item: Leftovers
|upkeep
|c|☆CringLord!|no fucking way
|c|☆CringLord!|im so sorry
|
|t:|1717116796
|switch|p1a: Latios|Latios, M|76/100
|-damage|p1a: Latios|64/100|[from] Stealth Rock
|turn|41
|
|t:|1717116804
|move|p1a: Latios|Dragon Pulse|p2a: Reuniclus
|-damage|p2a: Reuniclus|0 fnt
|faint|p2a: Reuniclus
|
|-weather|Sandstorm|[upkeep]
|-damage|p1a: Latios|58/100|[from] Sandstorm
|upkeep
|
|t:|1717116808
|switch|p2a: Clefable|Clefable, F|37/100
|turn|42
|
|t:|1717116812
|move|p1a: Latios|Dragon Pulse|p2a: Clefable
|-damage|p2a: Clefable|4/100
|move|p2a: Clefable|Soft-Boiled|p2a: Clefable
|-heal|p2a: Clefable|54/100
|
|-weather|Sandstorm|[upkeep]
|-damage|p1a: Latios|52/100|[from] Sandstorm
|-heal|p2a: Clefable|60/100|[from] item: Leftovers
|upkeep
|turn|43
|
|t:|1717116818
|switch|p1a: Landorus|Landorus-Therian, M|67/100
|-damage|p1a: Landorus|55/100|[from] Stealth Rock
|-ability|p1a: Landorus|Intimidate|boost
|-unboost|p2a: Clefable|atk|1
|move|p2a: Clefable|Thunder Wave|p1a: Landorus
|-immune|p1a: Landorus
|
|-weather|Sandstorm|[upkeep]
|-heal|p2a: Clefable|66/100|[from] item: Leftovers
|upkeep
|turn|44
|
|t:|1717116825
|move|p1a: Landorus|Earthquake|p2a: Clefable
|-crit|p2a: Clefable
|-damage|p2a: Clefable|0 fnt
|faint|p2a: Clefable
|
|-weather|Sandstorm|[upkeep]
|upkeep
|
|t:|1717116827
|switch|p2a: Latias|Latias, F|53/100
|turn|45
|
|t:|1717116831
|move|p2a: Latias|Recover|p2a: Latias
|-heal|p2a: Latias|100/100
|move|p1a: Landorus|Hidden Power|p2a: Latias
|-supereffective|p2a: Latias
|-damage|p2a: Latias|67/100
|
|-weather|Sandstorm|[upkeep]
|-damage|p2a: Latias|61/100|[from] Sandstorm
|upkeep
|turn|46
|
|t:|1717116837
|move|p2a: Latias|Recover|p2a: Latias
|-heal|p2a: Latias|100/100
|move|p1a: Landorus|Hidden Power|p2a: Latias
|-supereffective|p2a: Latias
|-damage|p2a: Latias|69/100
|
|-weather|Sandstorm|[upkeep]
|-damage|p2a: Latias|63/100|[from] Sandstorm
|upkeep
|turn|47
|
|t:|1717116845
|move|p2a: Latias|Surf|p1a: Landorus
|-supereffective|p1a: Landorus
|-damage|p1a: Landorus|0 fnt
|faint|p1a: Landorus
|
|-weather|Sandstorm|[upkeep]
|-damage|p2a: Latias|57/100|[from] Sandstorm
|upkeep
|
|t:|1717116848
|switch|p1a: Latios|Latios, M|52/100
|-damage|p1a: Latios|40/100|[from] Stealth Rock
|turn|48
|
|t:|1717116851
|move|p1a: Latios|Dragon Pulse|p2a: Latias
|-supereffective|p2a: Latias
|-damage|p2a: Latias|0 fnt
|faint|p2a: Latias
|
|win|blossummm
|raw|blossummm's rating: 1377 &rarr; <strong>1400</strong><br />(+23 for winning)
|raw|CringLord!'s rating: 1435 &rarr; <strong>1412</strong><br />(-23 for losing)
|l|☆CringLord!
|player|p2|
