|j|☆cammie the best
|j|‽MegaStarUniverse
|t:|1726337165
|gametype|singles
|player|p1|cammie the best|guitarist|1454
|player|p2|MegaStarUniverse|nate|1322
|teamsize|p1|6
|teamsize|p2|6
|gen|5
|tier|[Gen 5] OU
|rated|
|rule|Species Clause: Limit one of each Pokémon
|rule|OHKO Clause: OHKO moves are banned
|rule|Moody Clause: Moody is banned
|rule|Evasion Items Clause: Evasion items are banned
|rule|Evasion Moves Clause: Evasion moves are banned
|rule|Endless Battle Clause: Forcing endless battles is banned
|rule|HP Percentage Mod: HP is shown in percentages
|rule|Evasion Abilities Clause: Evasion abilities are banned
|rule|Sleep Moves Clause: Sleep-inducing moves are banned
|rule|Swagger Clause: Swagger is banned
|rule|Baton Pass Stat Clause: No Baton Passer may have a way to boost its stats
|clearpoke
|poke|p1|Politoed, F|item
|poke|p1|Ferrothorn, M|item
|poke|p1|Tentacruel, M|item
|poke|p1|Mamoswine, M|item
|poke|p1|Thundurus-Therian, M|item
|poke|p1|Latios, M|item
|poke|p2|Keldeo|item
|poke|p2|Landorus-Therian, M|item
|poke|p2|Tyranitar, F|item
|poke|p2|Rotom-Wash|item
|poke|p2|Ferrothorn, M|item
|poke|p2|Dragonite, M|item
|teampreview
|
|t:|1726337182
|start
|switch|p1a: chemicals|Politoed, F|100/100
|switch|p2a: Rotom|Rotom-Wash|100/100
|-weather|RainDance|[from] ability: Drizzle|[of] p1a: chemicals
|turn|1
|inactive|Battle timer is ON: inactive players will automatically lose when time's up. (requested by MegaStarUniverse)
|
|t:|1726337197
|move|p1a: chemicals|Toxic|p2a: Rotom
|-status|p2a: Rotom|tox
|move|p2a: Rotom|Volt Switch|p1a: chemicals
|-supereffective|p1a: chemicals
|-damage|p1a: chemicals|48/100
|
|t:|1726337217
|switch|p2a: Ferrothorn|Ferrothorn, M|100/100|[from] Volt Switch
|
|-weather|RainDance|[upkeep]
|upkeep
|turn|2
|
|t:|1726337221
|switch|p1a: nuremberg|Tentacruel, M|100/100
|move|p2a: Ferrothorn|Spikes|p1a: nuremberg
|-sidestart|p1: cammie the best|Spikes
|
|-weather|RainDance|[upkeep]
|upkeep
|turn|3
|
|t:|1726337224
|move|p1a: nuremberg|Scald|p2a: Ferrothorn
|-resisted|p2a: Ferrothorn
|-damage|p2a: Ferrothorn|90/100
|move|p2a: Ferrothorn|Power Whip|p1a: nuremberg
|-damage|p1a: nuremberg|46/100
|
|-weather|RainDance|[upkeep]
|-heal|p1a: nuremberg|52/100|[from] ability: Rain Dish
|-heal|p1a: nuremberg|58/100|[from] item: Black Sludge
|upkeep
|turn|4
|
|t:|1726337230
|move|p1a: nuremberg|Scald|p2a: Ferrothorn
|-resisted|p2a: Ferrothorn
|-damage|p2a: Ferrothorn|78/100
|move|p2a: Ferrothorn|Power Whip|p1a: nuremberg
|-damage|p1a: nuremberg|10/100
|
|-weather|RainDance|[upkeep]
|-heal|p1a: nuremberg|16/100|[from] ability: Rain Dish
|-heal|p1a: nuremberg|22/100|[from] item: Black Sludge
|upkeep
|turn|5
|
|t:|1726337236
|move|p1a: nuremberg|Protect|p1a: nuremberg
|-singleturn|p1a: nuremberg|Protect
|move|p2a: Ferrothorn|Power Whip|p1a: nuremberg
|-activate|p1a: nuremberg|move: Protect
|
|-weather|RainDance|[upkeep]
|-heal|p1a: nuremberg|28/100|[from] ability: Rain Dish
|-heal|p1a: nuremberg|34/100|[from] item: Black Sludge
|upkeep
|turn|6
|
|t:|1726337243
|move|p1a: nuremberg|Scald|p2a: Ferrothorn
|-resisted|p2a: Ferrothorn
|-damage|p2a: Ferrothorn|66/100
|move|p2a: Ferrothorn|Power Whip|p1a: nuremberg
|-damage|p1a: nuremberg|0 fnt
|faint|p1a: nuremberg
|
|-weather|RainDance|[upkeep]
|upkeep
|
|t:|1726337248
|switch|p1a: you should!|Thundurus-Therian, M|100/100
|turn|7
|
|t:|1726337260
|move|p1a: you should!|Substitute|p1a: you should!
|-start|p1a: you should!|Substitute
|-damage|p1a: you should!|76/100
|move|p2a: Ferrothorn|Gyro Ball|p1a: you should!
|-resisted|p1a: you should!
|-end|p1a: you should!|Substitute
|
|-weather|RainDance|[upkeep]
|-heal|p1a: you should!|82/100|[from] item: Leftovers
|upkeep
|turn|8
|
|t:|1726337265
|move|p1a: you should!|Hidden Power|p2a: Ferrothorn
|-damage|p2a: Ferrothorn|49/100
|move|p2a: Ferrothorn|Gyro Ball|p1a: you should!
|-resisted|p1a: you should!
|-damage|p1a: you should!|51/100
|
|-weather|RainDance|[upkeep]
|-heal|p1a: you should!|57/100|[from] item: Leftovers
|upkeep
|turn|9
|
|t:|1726337269
|move|p1a: you should!|Focus Blast|p2a: Ferrothorn|[miss]
|-miss|p1a: you should!|p2a: Ferrothorn
|move|p2a: Ferrothorn|Gyro Ball|p1a: you should!
|-resisted|p1a: you should!
|-damage|p1a: you should!|30/100
|
|-weather|RainDance|[upkeep]
|-heal|p1a: you should!|36/100|[from] item: Leftovers
|upkeep
|turn|10
|
|t:|1726337274
|move|p1a: you should!|Thunder|p2a: Ferrothorn
|-resisted|p2a: Ferrothorn
|-damage|p2a: Ferrothorn|27/100
|move|p2a: Ferrothorn|Gyro Ball|p1a: you should!
|-resisted|p1a: you should!
|-damage|p1a: you should!|8/100
|
|-weather|RainDance|[upkeep]
|-heal|p1a: you should!|14/100|[from] item: Leftovers
|upkeep
|turn|11
|
|t:|1726337279
|move|p1a: you should!|Focus Blast|p2a: Ferrothorn|[miss]
|-miss|p1a: you should!|p2a: Ferrothorn
|move|p2a: Ferrothorn|Gyro Ball|p1a: you should!
|-resisted|p1a: you should!
|-damage|p1a: you should!|0 fnt
|faint|p1a: you should!
|
|-weather|RainDance|[upkeep]
|upkeep
|
|t:|1726337285
|switch|p1a: chemicals|Politoed, F|48/100
|-damage|p1a: chemicals|36/100|[from] Spikes
|turn|12
|
|t:|1726337288
|move|p1a: chemicals|Hydro Pump|p2a: Ferrothorn
|-resisted|p2a: Ferrothorn
|-damage|p2a: Ferrothorn|1/100
|move|p2a: Ferrothorn|Spikes|p1a: chemicals
|-sidestart|p1: cammie the best|Spikes
|
|-weather|RainDance|[upkeep]
|upkeep
|turn|13
|
|t:|1726337291
|move|p1a: chemicals|Hydro Pump|p2a: Ferrothorn
|-resisted|p2a: Ferrothorn
|-damage|p2a: Ferrothorn|0 fnt
|faint|p2a: Ferrothorn
|
|-weather|RainDance|[upkeep]
|upkeep
|
|t:|1726337301
|switch|p2a: Keldeo|Keldeo|100/100
|turn|14
|
|t:|1726337307
|move|p1a: chemicals|Hydro Pump|p2a: Keldeo
|-resisted|p2a: Keldeo
|-damage|p2a: Keldeo|56/100
|move|p2a: Keldeo|Secret Sword|p1a: chemicals
|-damage|p1a: chemicals|0 fnt
|faint|p1a: chemicals
|
|-weather|RainDance|[upkeep]
|upkeep
|
|t:|1726337313
|switch|p1a: its not natrual|Ferrothorn, M|100/100
|-damage|p1a: its not natrual|84/100|[from] Spikes
|turn|15
|
|t:|1726337322
|move|p2a: Keldeo|Secret Sword|p1a: its not natrual
|-supereffective|p1a: its not natrual
|-damage|p1a: its not natrual|0 fnt
|faint|p1a: its not natrual
|
|-weather|RainDance|[upkeep]
|upkeep
|
|t:|1726337325
|switch|p1a: fuck ttar|Latios, M|100/100
|turn|16
|
|t:|1726337330
|move|p1a: fuck ttar|Surf|p2a: Keldeo
|-resisted|p2a: Keldeo
|-damage|p2a: Keldeo|27/100
|move|p2a: Keldeo|Secret Sword|p1a: fuck ttar
|-resisted|p1a: fuck ttar
|-damage|p1a: fuck ttar|54/100
|
|-weather|RainDance|[upkeep]
|upkeep
|turn|17
|-message|cammie the best forfeited.
|
|win|MegaStarUniverse
|raw|cammie the best's rating: 1454 &rarr; <strong>1427</strong><br />(-27 for losing)
|raw|MegaStarUniverse's rating: 1322 &rarr; <strong>1349</strong><br />(+27 for winning)
|l|☆cammie the best
|player|p1|
