|j|☆kobepayne
|j|☆porrompompom
|player|p1|kobepayne|dahlia|1514
|player|p2|porrompompom|1|1610
|teamsize|p1|6
|teamsize|p2|6
|gametype|singles
|gen|5
|tier|[Gen 5] OU
|rated|
|clearpoke
|poke|p1|Tyranitar, F|item
|poke|p1|Garchomp, M|item
|poke|p1|Rotom-Wash|item
|poke|p1|Landorus-Therian, M|item
|poke|p1|Ferrothorn, F|item
|poke|p1|Alakazam, M|item
|poke|p2|Abomasnow, M|item
|poke|p2|Starmie|item
|poke|p2|Heatran, M|item
|poke|p2|Kyurem|item
|poke|p2|Landorus-Therian, M|item
|poke|p2|Reuniclus, M|item
|rule|Species Clause: Limit one of each Pokémon
|rule|OHKO Clause: OHKO moves are banned
|rule|Moody Clause: Moody is banned
|rule|Evasion Moves Clause: Evasion moves are banned
|rule|Endless Battle Clause: Forcing endless battles is banned
|rule|HP Percentage Mod: HP is shown in percentages
|rule|Evasion Abilities Clause: Evasion abilities are banned
|rule|Baton Pass Clause: Limit one Baton Passer, can't pass Spe and other stats simultaneously
|rule|Sleep Clause: Sleep-inducing moves are banned
|rule|Swagger Clause: Swagger is banned
|teampreview
|j| Chefshouse
|inactive|Battle timer is ON: inactive players will automatically lose when time's up. (requested by kobepayne)
|
|start
|switch|p1a: Tyranitar|Tyranitar, F|100/100
|switch|p2a: Reuniclus|Reuniclus, M|100/100
|-weather|Sandstorm|[from] ability: Sand Stream|[of] p1a: Tyranitar
|turn|1
|
|move|p1a: Tyranitar|Crunch|p2a: Reuniclus
|-supereffective|p2a: Reuniclus
|-damage|p2a: Reuniclus|40/100
|move|p2a: Reuniclus|Trick|p1a: Tyranitar
|-activate|p2a: Reuniclus|move: Trick|[of] p1a: Tyranitar
|-item|p1a: Tyranitar|Flame Orb|[from] move: Trick
|-item|p2a: Reuniclus|Chople Berry|[from] move: Trick
|
|-weather|Sandstorm|[upkeep]
|-status|p1a: Tyranitar|brn|[from] item: Flame Orb
|upkeep
|turn|2
|
|switch|p1a: Ferrothorn|Ferrothorn, F|100/100
|move|p2a: Reuniclus|Recover|p2a: Reuniclus
|-heal|p2a: Reuniclus|90/100
|
|-weather|Sandstorm|[upkeep]
|upkeep
|turn|3
|
|move|p2a: Reuniclus|Trick|p1a: Ferrothorn
|-activate|p2a: Reuniclus|move: Trick|[of] p1a: Ferrothorn
|-item|p1a: Ferrothorn|Chople Berry|[from] move: Trick
|-item|p2a: Reuniclus|Leftovers|[from] move: Trick
|move|p1a: Ferrothorn|Spikes|p2a: Reuniclus
|-sidestart|p2: porrompompom|Spikes
|
|-weather|Sandstorm|[upkeep]
|-heal|p2a: Reuniclus|96/100|[from] item: Leftovers
|upkeep
|turn|4
|
|switch|p2a: Heatran|Heatran, M|100/100
|-damage|p2a: Heatran|88/100|[from] Spikes
|move|p1a: Ferrothorn|Knock Off|p2a: Heatran
|-resisted|p2a: Heatran
|-damage|p2a: Heatran|86/100
|-enditem|p2a: Heatran|Leftovers|[from] move: Knock Off|[of] p1a: Ferrothorn
|
|-weather|Sandstorm|[upkeep]
|upkeep
|turn|5
|
|switch|p1a: Garchomp|Garchomp, M|100/100
|move|p2a: Heatran|Will-O-Wisp|p1a: Garchomp
|-status|p1a: Garchomp|brn
|
|-weather|Sandstorm|[upkeep]
|-damage|p1a: Garchomp|88/100 brn|[from] brn
|upkeep
|turn|6
|
|switch|p2a: Starmie|Starmie|100/100
|-damage|p2a: Starmie|88/100|[from] Spikes
|move|p1a: Garchomp|Stealth Rock|p2a: Starmie
|-sidestart|p2: porrompompom|move: Stealth Rock
|
|-weather|Sandstorm|[upkeep]
|-damage|p2a: Starmie|82/100|[from] Sandstorm
|-heal|p2a: Starmie|88/100|[from] item: Leftovers
|-damage|p1a: Garchomp|76/100 brn|[from] brn
|upkeep
|turn|7
|
|move|p2a: Starmie|Rapid Spin|p1a: Garchomp
|-damage|p1a: Garchomp|73/100 brn
|-damage|p2a: Starmie|76/100|[from] ability: Rough Skin|[of] p1a: Garchomp
|-sideend|p2: porrompompom|Spikes|[from] move: Rapid Spin|[of] p2a: Starmie
|-sideend|p2: porrompompom|Stealth Rock|[from] move: Rapid Spin|[of] p2a: Starmie
|move|p1a: Garchomp|Draco Meteor|p2a: Starmie
|-damage|p2a: Starmie|0 fnt
|-unboost|p1a: Garchomp|spa|2
|-damage|p1a: Garchomp|63/100 brn|[from] item: Life Orb
|faint|p2a: Starmie
|
|-weather|Sandstorm|[upkeep]
|-damage|p1a: Garchomp|51/100 brn|[from] brn
|upkeep
|
|switch|p2a: Landorus|Landorus-Therian, M|100/100
|-ability|p2a: Landorus|Intimidate|boost
|-unboost|p1a: Garchomp|atk|1
|turn|8
|
|move|p2a: Landorus|U-turn|p1a: Garchomp
|-damage|p1a: Garchomp|24/100 brn
|-damage|p2a: Landorus|88/100|[from] ability: Rough Skin|[of] p1a: Garchomp
|
|switch|p2a: Reuniclus|Reuniclus, M|96/100|[from]move: U-turn
|move|p1a: Garchomp|Stealth Rock|p2a: Reuniclus
|-sidestart|p2: porrompompom|move: Stealth Rock
|
|-weather|Sandstorm|[upkeep]
|-heal|p2a: Reuniclus|100/100|[from] item: Leftovers
|-damage|p1a: Garchomp|12/100 brn|[from] brn
|upkeep
|turn|9
|
|switch|p1a: Ferrothorn|Ferrothorn, F|100/100
|move|p2a: Reuniclus|Recover||[still]
|-fail|p2a: Reuniclus|heal
|
|-weather|Sandstorm|[upkeep]
|upkeep
|turn|10
|
|switch|p2a: Heatran|Heatran, M|86/100
|-damage|p2a: Heatran|73/100|[from] Stealth Rock
|move|p1a: Ferrothorn|Thunder Wave|p2a: Heatran
|-status|p2a: Heatran|par
|
|-weather|Sandstorm|[upkeep]
|upkeep
|turn|11
|
|switch|p1a: Rotom|Rotom-Wash|100/100
|move|p2a: Heatran|Stealth Rock|p1a: Rotom
|-sidestart|p1: kobepayne|move: Stealth Rock
|
|-weather|Sandstorm|[upkeep]
|-damage|p1a: Rotom|95/100|[from] Sandstorm
|-heal|p1a: Rotom|100/100|[from] item: Leftovers
|upkeep
|turn|12
|
|switch|p2a: Abomasnow|Abomasnow, M|100/100
|-damage|p2a: Abomasnow|75/100|[from] Stealth Rock
|-weather|Hail|[from] ability: Snow Warning|[of] p2a: Abomasnow
|move|p1a: Rotom|Hydro Pump|p2a: Abomasnow
|-resisted|p2a: Abomasnow
|-damage|p2a: Abomasnow|52/100
|
|-weather|Hail|[upkeep]
|-damage|p1a: Rotom|95/100|[from] Hail
|-heal|p1a: Rotom|100/100|[from] item: Leftovers
|-heal|p2a: Abomasnow|58/100|[from] item: Leftovers
|upkeep
|turn|13
|
|switch|p1a: Tyranitar|Tyranitar, F|100/100 brn
|-damage|p1a: Tyranitar|88/100 brn|[from] Stealth Rock
|-weather|Sandstorm|[from] ability: Sand Stream|[of] p1a: Tyranitar
|move|p2a: Abomasnow|Protect||[still]
|-fail|p2a: Abomasnow
|
|-weather|Sandstorm|[upkeep]
|-damage|p2a: Abomasnow|52/100|[from] Sandstorm
|-heal|p2a: Abomasnow|58/100|[from] item: Leftovers
|-damage|p1a: Tyranitar|76/100 brn|[from] brn
|upkeep
|turn|14
|
|switch|p2a: Heatran|Heatran, M|73/100 par
|-damage|p2a: Heatran|61/100 par|[from] Stealth Rock
|switch|p1a: Ferrothorn|Ferrothorn, F|100/100
|-damage|p1a: Ferrothorn|94/100|[from] Stealth Rock
|
|-weather|Sandstorm|[upkeep]
|upkeep
|turn|15
|
|switch|p1a: Rotom|Rotom-Wash|100/100
|-damage|p1a: Rotom|88/100|[from] Stealth Rock
|move|p2a: Heatran|Lava Plume|p1a: Rotom
|-resisted|p1a: Rotom
|-damage|p1a: Rotom|74/100
|-status|p1a: Rotom|brn
|
|-weather|Sandstorm|[upkeep]
|-damage|p1a: Rotom|68/100 brn|[from] Sandstorm
|-heal|p1a: Rotom|74/100 brn|[from] item: Leftovers
|-damage|p1a: Rotom|62/100 brn|[from] brn
|upkeep
|turn|16
|
|switch|p2a: Kyurem|Kyurem|100/100
|-damage|p2a: Kyurem|76/100|[from] Stealth Rock
|-ability|p2a: Kyurem|Pressure
|move|p1a: Rotom|Volt Switch|p2a: Kyurem
|-resisted|p2a: Kyurem
|-damage|p2a: Kyurem|63/100
|
|switch|p1a: Landorus|Landorus-Therian, M|100/100|[from]move: Volt Switch
|-damage|p1a: Landorus|88/100|[from] Stealth Rock
|-ability|p1a: Landorus|Intimidate|boost
|-unboost|p2a: Kyurem|atk|1
|
|-weather|Sandstorm|[upkeep]
|-damage|p2a: Kyurem|56/100|[from] Sandstorm
|upkeep
|turn|17
|
|switch|p2a: Landorus|Landorus-Therian, M|88/100
|-damage|p2a: Landorus|76/100|[from] Stealth Rock
|-ability|p2a: Landorus|Intimidate|boost
|-unboost|p1a: Landorus|atk|1
|move|p1a: Landorus|Stone Edge|p2a: Landorus
|-crit|p2a: Landorus
|-damage|p2a: Landorus|5/100
|
|-weather|Sandstorm|[upkeep]
|upkeep
|turn|18
|
|move|p2a: Landorus|Hidden Power|p1a: Landorus
|-supereffective|p1a: Landorus
|-damage|p1a: Landorus|1/100
|move|p1a: Landorus|Stone Edge|p2a: Landorus
|-crit|p2a: Landorus
|-damage|p2a: Landorus|0 fnt
|faint|p2a: Landorus
|
|-weather|Sandstorm|[upkeep]
|upkeep
|
|switch|p2a: Reuniclus|Reuniclus, M|100/100
|turn|19
|
|move|p1a: Landorus|Stone Edge|p2a: Reuniclus
|-damage|p2a: Reuniclus|85/100
|move|p2a: Reuniclus|Calm Mind|p2a: Reuniclus
|-boost|p2a: Reuniclus|spa|1
|-boost|p2a: Reuniclus|spd|1
|
|-weather|Sandstorm|[upkeep]
|-heal|p2a: Reuniclus|91/100|[from] item: Leftovers
|upkeep
|turn|20
|
|move|p1a: Landorus|Stone Edge|p2a: Reuniclus
|-damage|p2a: Reuniclus|77/100
|move|p2a: Reuniclus|Calm Mind|p2a: Reuniclus
|-boost|p2a: Reuniclus|spa|1
|-boost|p2a: Reuniclus|spd|1
|
|-weather|Sandstorm|[upkeep]
|-heal|p2a: Reuniclus|83/100|[from] item: Leftovers
|upkeep
|turn|21
|
|move|p1a: Landorus|Stone Edge|p2a: Reuniclus
|-crit|p2a: Reuniclus
|-damage|p2a: Reuniclus|38/100
|move|p2a: Reuniclus|Recover|p2a: Reuniclus
|-heal|p2a: Reuniclus|88/100
|
|-weather|Sandstorm|[upkeep]
|-heal|p2a: Reuniclus|95/100|[from] item: Leftovers
|upkeep
|turn|22
|
|switch|p1a: Ferrothorn|Ferrothorn, F|94/100
|-damage|p1a: Ferrothorn|88/100|[from] Stealth Rock
|move|p2a: Reuniclus|Calm Mind|p2a: Reuniclus
|-boost|p2a: Reuniclus|spa|1
|-boost|p2a: Reuniclus|spd|1
|
|-weather|Sandstorm|[upkeep]
|-heal|p2a: Reuniclus|100/100|[from] item: Leftovers
|upkeep
|turn|23
|
|move|p2a: Reuniclus|Calm Mind|p2a: Reuniclus
|-boost|p2a: Reuniclus|spa|1
|-boost|p2a: Reuniclus|spd|1
|move|p1a: Ferrothorn|Thunder Wave|p2a: Reuniclus
|-status|p2a: Reuniclus|par
|
|-weather|Sandstorm|[upkeep]
|upkeep
|turn|24
|
|move|p1a: Ferrothorn|Knock Off|p2a: Reuniclus
|-supereffective|p2a: Reuniclus
|-damage|p2a: Reuniclus|93/100 par
|-enditem|p2a: Reuniclus|Leftovers|[from] move: Knock Off|[of] p1a: Ferrothorn
|move|p2a: Reuniclus|Psyshock|p1a: Ferrothorn
|-resisted|p1a: Ferrothorn
|-damage|p1a: Ferrothorn|52/100
|
|-weather|Sandstorm|[upkeep]
|upkeep
|turn|25
|
|move|p1a: Ferrothorn|Spikes|p2a: Reuniclus
|-sidestart|p2: porrompompom|Spikes
|move|p2a: Reuniclus|Psyshock|p1a: Ferrothorn
|-resisted|p1a: Ferrothorn
|-damage|p1a: Ferrothorn|18/100
|
|-weather|Sandstorm|[upkeep]
|upkeep
|turn|26
|
|move|p1a: Ferrothorn|Spikes|p2a: Reuniclus
|-sidestart|p2: porrompompom|Spikes
|move|p2a: Reuniclus|Psyshock|p1a: Ferrothorn
|-resisted|p1a: Ferrothorn
|-damage|p1a: Ferrothorn|0 fnt
|faint|p1a: Ferrothorn
|
|-weather|Sandstorm|[upkeep]
|upkeep
|
|switch|p1a: Tyranitar|Tyranitar, F|76/100 brn
|-damage|p1a: Tyranitar|64/100 brn|[from] Stealth Rock
|turn|27
|
|move|p1a: Tyranitar|Crunch|p2a: Reuniclus
|-supereffective|p2a: Reuniclus
|-damage|p2a: Reuniclus|63/100 par
|-unboost|p2a: Reuniclus|def|1
|cant|p2a: Reuniclus|par
|
|-weather|Sandstorm|[upkeep]
|-damage|p1a: Tyranitar|51/100 brn|[from] brn
|upkeep
|turn|28
|c|☆porrompompom|c'mon buddy u can make it
|
|move|p1a: Tyranitar|Crunch|p2a: Reuniclus
|-supereffective|p2a: Reuniclus
|-damage|p2a: Reuniclus|15/100 par
|-unboost|p2a: Reuniclus|def|1
|cant|p2a: Reuniclus|par
|
|-weather|Sandstorm|[upkeep]
|-damage|p1a: Tyranitar|39/100 brn|[from] brn
|upkeep
|turn|29
|c|☆porrompompom|yessss, i knw you could
|c|☆kobepayne|thats what i tell my penis
|
|move|p1a: Tyranitar|Pursuit|p2a: Reuniclus
|-supereffective|p2a: Reuniclus
|-damage|p2a: Reuniclus|0 fnt
|faint|p2a: Reuniclus
|
|-weather|Sandstorm|[upkeep]
|-damage|p1a: Tyranitar|27/100 brn|[from] brn
|upkeep
|
|switch|p2a: Kyurem|Kyurem|56/100
|-damage|p2a: Kyurem|40/100|[from] Spikes
|-damage|p2a: Kyurem|15/100|[from] Stealth Rock
|-ability|p2a: Kyurem|Pressure
|turn|30
|
|switch|p1a: Landorus|Landorus-Therian, M|1/100
|-damage|p1a: Landorus|0 fnt|[from] Stealth Rock
|faint|p1a: Landorus
|move|p2a: Kyurem|Blizzard|p1: Landorus|[notarget]
|-fail|p2a: Kyurem
|
|-weather|Sandstorm|[upkeep]
|-damage|p2a: Kyurem|9/100|[from] Sandstorm
|upkeep
|
|switch|p1a: Alakazam|Alakazam, M|100/100
|turn|31
|
|move|p1a: Alakazam|Psychic|p2a: Kyurem
|-damage|p2a: Kyurem|0 fnt
|faint|p2a: Kyurem
|
|-weather|Sandstorm|[upkeep]
|upkeep
|
|switch|p2a: Abomasnow|Abomasnow, M|58/100
|-damage|p2a: Abomasnow|41/100|[from] Spikes
|-damage|p2a: Abomasnow|16/100|[from] Stealth Rock
|-weather|Hail|[from] ability: Snow Warning|[of] p2a: Abomasnow
|turn|32
|c|☆porrompompom|gg, you played so well!!1!
|
|move|p2a: Abomasnow|Protect|p2a: Abomasnow
|-singleturn|p2a: Abomasnow|Protect
|move|p1a: Alakazam|Psychic|p2a: Abomasnow
|-activate|p2a: Abomasnow|move: Protect
|
|-weather|Hail|[upkeep]
|-heal|p2a: Abomasnow|22/100|[from] item: Leftovers
|upkeep
|turn|33
|
|move|p2a: Abomasnow|Protect||[still]
|-fail|p2a: Abomasnow
|move|p1a: Alakazam|Psychic|p2a: Abomasnow
|-damage|p2a: Abomasnow|0 fnt
|faint|p2a: Abomasnow
|
|-weather|Hail|[upkeep]
|upkeep
|
|switch|p2a: Heatran|Heatran, M|61/100 par
|-damage|p2a: Heatran|49/100 par|[from] Stealth Rock
|-damage|p2a: Heatran|32/100 par|[from] Spikes
|turn|34
|c|☆kobepayne|thanks man means a lor
|
|move|p1a: Alakazam|Substitute|p1a: Alakazam
|-start|p1a: Alakazam|Substitute
|-damage|p1a: Alakazam|76/100
|move|p2a: Heatran|Lava Plume|p1a: Alakazam
|-end|p1a: Alakazam|Substitute
|
|-weather|Hail|[upkeep]
|-damage|p2a: Heatran|26/100 par|[from] Hail
|upkeep
|turn|35
|
|move|p1a: Alakazam|Substitute|p1a: Alakazam
|-start|p1a: Alakazam|Substitute
|-damage|p1a: Alakazam|51/100
|move|p2a: Heatran|Lava Plume|p1a: Alakazam
|-end|p1a: Alakazam|Substitute
|
|-weather|Hail|[upkeep]
|-damage|p2a: Heatran|19/100 par|[from] Hail
|upkeep
|turn|36
|
|move|p1a: Alakazam|Substitute|p1a: Alakazam
|-start|p1a: Alakazam|Substitute
|-damage|p1a: Alakazam|26/100
|move|p2a: Heatran|Lava Plume|p1a: Alakazam
|-end|p1a: Alakazam|Substitute
|
|-weather|Hail|[upkeep]
|-damage|p2a: Heatran|13/100 par|[from] Hail
|upkeep
|turn|37
|
|move|p1a: Alakazam|Substitute|p1a: Alakazam
|-start|p1a: Alakazam|Substitute
|-damage|p1a: Alakazam|2/100
|move|p2a: Heatran|Lava Plume|p1a: Alakazam
|-end|p1a: Alakazam|Substitute
|
|-weather|Hail|[upkeep]
|-damage|p2a: Heatran|7/100 par|[from] Hail
|upkeep
|turn|38
|
|switch|p1a: Rotom|Rotom-Wash|62/100 brn
|-damage|p1a: Rotom|50/100 brn|[from] Stealth Rock
|move|p2a: Heatran|Lava Plume|p1a: Rotom
|-resisted|p1a: Rotom
|-crit|p1a: Rotom
|-damage|p1a: Rotom|24/100 brn
|
|-weather|Hail|[upkeep]
|-damage|p1a: Rotom|18/100 brn|[from] Hail
|-damage|p2a: Heatran|1/100 par|[from] Hail
|-heal|p1a: Rotom|24/100 brn|[from] item: Leftovers
|-damage|p1a: Rotom|11/100 brn|[from] brn
|upkeep
|turn|39
|
|move|p1a: Rotom|Will-O-Wisp|p2a: Heatran
|-start|p2a: Heatran|ability: Flash Fire
|move|p2a: Heatran|Lava Plume|p1a: Rotom
|-resisted|p1a: Rotom
|-damage|p1a: Rotom|0 fnt
|faint|p1a: Rotom
|
|-weather|Hail|[upkeep]
|-damage|p2a: Heatran|0 fnt|[from] Hail
|faint|p2a: Heatran
|
|win|kobepayne
|upkeep
|raw|kobepayne's rating: 1514 &rarr; <strong>1540</strong><br />(+26 for winning)
|raw|porrompompom's rating: 1611 &rarr; <strong>1585</strong><br />(-26 for losing)
