|j|☆daddy_days2
|j|☆happy_hitbox
|t:|1746143267
|gametype|singles
|player|p1|daddy_days2|benga|1440
|player|p2|happy_hitbox|gentleman-gen4|1454
|teamsize|p1|6
|teamsize|p2|6
|gen|5
|tier|[Gen 5] OU
|rated|
|rule|Species Clause: Limit one of each Pokémon
|rule|OHKO Clause: OHKO moves are banned
|rule|Moody Clause: Moody is banned
|rule|Evasion Items Clause: Evasion items are banned
|rule|Evasion Moves Clause: Evasion moves are banned
|rule|Endless Battle Clause: Forcing endless battles is banned
|rule|HP Percentage Mod: HP is shown in percentages
|rule|Evasion Abilities Clause: Evasion abilities are banned
|rule|Sleep Moves Clause: Sleep-inducing moves are banned
|rule|Swagger Clause: Swagger is banned
|rule|Baton Pass Stat Clause: No Baton Passer may have a way to boost its stats
|clearpoke
|poke|p1|Kyurem-Black|item
|poke|p1|Garchomp, M|item
|poke|p1|Conkeldurr, F|item
|poke|p1|Starmie|item
|poke|p1|Bisharp, F|item
|poke|p1|Scyther, M|item
|poke|p2|Jirachi|item
|poke|p2|Conkeldurr, M|item
|poke|p2|Scizor, F|item
|poke|p2|Politoed, M|item
|poke|p2|Keldeo|item
|poke|p2|Donphan, M|item
|teampreview
|inactive|Battle timer is ON: inactive players will automatically lose when time's up. (requested by happy_hitbox)
|
|t:|1746143302
|start
|switch|p1a: Insane Dwayne|Kyurem-Black|100/100
|switch|p2a: Politoed|Politoed, M|100/100
|-ability|p1a: Insane Dwayne|Teravolt
|-weather|RainDance|[from] ability: Drizzle|[of] p2a: Politoed
|turn|1
|
|t:|1746143311
|switch|p2a: Donphan|Donphan, M|100/100
|move|p1a: Insane Dwayne|Outrage|p2a: Donphan
|-damage|p2a: Donphan|29/100
|
|-weather|RainDance|[upkeep]
|-heal|p2a: Donphan|35/100|[from] item: Leftovers
|upkeep
|turn|2
|
|t:|1746143324
|switch|p2a: Scizor|Scizor, F|100/100
|move|p1a: Insane Dwayne|Outrage|p2a: Scizor|[from] lockedmove
|-resisted|p2a: Scizor
|-damage|p2a: Scizor|21/100
|
|-weather|RainDance|[upkeep]
|upkeep
|turn|3
|
|t:|1746143342
|move|p2a: Scizor|Superpower|p1a: Insane Dwayne
|-supereffective|p1a: Insane Dwayne
|-damage|p1a: Insane Dwayne|28/100
|-unboost|p2a: Scizor|atk|1
|-unboost|p2a: Scizor|def|1
|move|p1a: Insane Dwayne|Outrage|p2a: Scizor|[from] lockedmove
|-resisted|p2a: Scizor
|-damage|p2a: Scizor|0 fnt
|faint|p2a: Scizor
|-start|p1a: Insane Dwayne|confusion|[fatigue]
|
|-weather|RainDance|[upkeep]
|upkeep
|
|t:|1746143353
|switch|p2a: Keldeo|Keldeo|100/100
|turn|4
|
|t:|1746143360
|switch|p2a: Jirachi|Jirachi|100/100
|switch|p1a: Starlight|Starmie|100/100
|
|-weather|RainDance|[upkeep]
|upkeep
|turn|5
|
|t:|1746143374
|move|p1a: Starlight|Thunder Wave|p2a: Jirachi
|-status|p2a: Jirachi|par
|cant|p2a: Jirachi|par
|
|-weather|RainDance|[upkeep]
|upkeep
|turn|6
|
|t:|1746143383
|switch|p1a: Painkiller|Garchomp, M|100/100
|move|p2a: Jirachi|Wish|p2a: Jirachi
|
|-weather|RainDance|[upkeep]
|upkeep
|turn|7
|
|t:|1746143398
|switch|p2a: Donphan|Donphan, M|35/100
|move|p1a: Painkiller|Dragon Tail|p2a: Donphan
|-damage|p2a: Donphan|21/100
|drag|p2a: Politoed|Politoed, M|100/100
|
|-weather|RainDance|[upkeep]
|upkeep
|turn|8
|
|t:|1746143407
|move|p1a: Painkiller|Stealth Rock|p2a: Politoed
|-sidestart|p2: happy_hitbox|move: Stealth Rock
|move|p2a: Politoed|Hydro Pump|p1a: Painkiller
|-damage|p1a: Painkiller|0 fnt
|faint|p1a: Painkiller
|
|-weather|RainDance|[upkeep]
|upkeep
|
|t:|1746143420
|switch|p1a: Insane Dwayne|Kyurem-Black|28/100
|-ability|p1a: Insane Dwayne|Teravolt
|turn|9
|
|t:|1746143429
|switch|p2a: Donphan|Donphan, M|21/100
|-damage|p2a: Donphan|15/100|[from] Stealth Rock
|move|p1a: Insane Dwayne|Outrage|p2a: Donphan
|-damage|p2a: Donphan|0 fnt
|faint|p2a: Donphan
|
|-weather|RainDance|[upkeep]
|upkeep
|
|t:|1746143440
|switch|p2a: Keldeo|Keldeo|100/100
|-damage|p2a: Keldeo|94/100|[from] Stealth Rock
|turn|10
|
|t:|1746143445
|move|p2a: Keldeo|Secret Sword|p1a: Insane Dwayne
|-supereffective|p1a: Insane Dwayne
|-damage|p1a: Insane Dwayne|0 fnt
|faint|p1a: Insane Dwayne
|
|-weather|RainDance|[upkeep]
|-heal|p2a: Keldeo|100/100|[from] item: Leftovers
|upkeep
|
|t:|1746143464
|switch|p1a: Starlight|Starmie|100/100
|turn|11
|
|t:|1746143472
|move|p2a: Keldeo|Protect|p2a: Keldeo
|-singleturn|p2a: Keldeo|Protect
|move|p1a: Starlight|Psyshock|p2a: Keldeo
|-activate|p2a: Keldeo|move: Protect
|
|-weather|RainDance|[upkeep]
|upkeep
|turn|12
|
|t:|1746143486
|move|p1a: Starlight|Hydro Pump|p2a: Keldeo
|-resisted|p2a: Keldeo
|-damage|p2a: Keldeo|66/100
|move|p2a: Keldeo|Scald|p1a: Starlight
|-resisted|p1a: Starlight
|-damage|p1a: Starlight|61/100
|
|-weather|RainDance|[upkeep]
|-heal|p1a: Starlight|68/100|[from] item: Leftovers
|-heal|p2a: Keldeo|73/100|[from] item: Leftovers
|upkeep
|turn|13
|
|t:|1746143496
|switch|p2a: Jirachi|Jirachi|100/100 par
|-damage|p2a: Jirachi|94/100 par|[from] Stealth Rock
|move|p1a: Starlight|Psyshock|p2a: Jirachi
|-resisted|p2a: Jirachi
|-damage|p2a: Jirachi|89/100 par
|
|-weather|RainDance|[upkeep]
|-heal|p1a: Starlight|74/100|[from] item: Leftovers
|-heal|p2a: Jirachi|95/100 par|[from] item: Leftovers
|upkeep
|turn|14
|
|t:|1746143507
|move|p1a: Starlight|Hydro Pump|p2a: Jirachi
|-damage|p2a: Jirachi|58/100 par
|cant|p2a: Jirachi|par
|
|-weather|RainDance|[upkeep]
|-heal|p1a: Starlight|80/100|[from] item: Leftovers
|-heal|p2a: Jirachi|64/100 par|[from] item: Leftovers
|upkeep
|turn|15
|
|t:|1746143515
|move|p1a: Starlight|Hydro Pump|p2a: Jirachi
|-damage|p2a: Jirachi|24/100 par
|move|p2a: Jirachi|Wish|p2a: Jirachi
|
|-weather|RainDance|[upkeep]
|-heal|p1a: Starlight|86/100|[from] item: Leftovers
|-heal|p2a: Jirachi|30/100 par|[from] item: Leftovers
|upkeep
|turn|16
|
|t:|1746143534
|switch|p1a: Shrekster|Conkeldurr, F|100/100
|switch|p2a: Keldeo|Keldeo|73/100
|-damage|p2a: Keldeo|66/100|[from] Stealth Rock
|
|-weather|RainDance|[upkeep]
|-heal|p2a: Keldeo|100/100|[from] move: Wish|[wisher] Jirachi
|upkeep
|turn|17
|
|t:|1746143551
|switch|p2a: Conkeldurr|Conkeldurr, M, shiny|100/100
|-damage|p2a: Conkeldurr|94/100|[from] Stealth Rock
|move|p1a: Shrekster|Thunder Punch|p2a: Conkeldurr
|-damage|p2a: Conkeldurr|63/100
|
|-weather|RainDance|[upkeep]
|-status|p2a: Conkeldurr|brn|[from] item: Flame Orb
|upkeep
|turn|18
|
|t:|1746143562
|move|p1a: Shrekster|Drain Punch|p2a: Conkeldurr
|-damage|p2a: Conkeldurr|14/100 brn
|move|p2a: Conkeldurr|Drain Punch|p1a: Shrekster
|-damage|p1a: Shrekster|50/100
|-heal|p2a: Conkeldurr|38/100 brn|[from] drain|[of] p1a: Shrekster
|
|-weather|RainDance|[upkeep]
|-heal|p1a: Shrekster|56/100|[from] item: Leftovers
|-damage|p2a: Conkeldurr|25/100 brn|[from] brn
|upkeep
|turn|19
|
|t:|1746143573
|move|p2a: Conkeldurr|Mach Punch|p1a: Shrekster
|-damage|p1a: Shrekster|27/100
|move|p1a: Shrekster|Drain Punch|p2a: Conkeldurr
|-damage|p2a: Conkeldurr|0 fnt
|-heal|p1a: Shrekster|40/100|[from] drain|[of] p2a: Conkeldurr
|faint|p2a: Conkeldurr
|
|-weather|RainDance|[upkeep]
|-heal|p1a: Shrekster|46/100|[from] item: Leftovers
|upkeep
|
|t:|1746143587
|switch|p2a: Keldeo|Keldeo|100/100
|-damage|p2a: Keldeo|94/100|[from] Stealth Rock
|turn|20
|
|t:|1746143594
|move|p1a: Shrekster|Mach Punch|p2a: Keldeo
|-damage|p2a: Keldeo|61/100
|move|p2a: Keldeo|Scald|p1a: Shrekster
|-damage|p1a: Shrekster|0 fnt
|faint|p1a: Shrekster
|
|-weather|RainDance|[upkeep]
|-heal|p2a: Keldeo|68/100|[from] item: Leftovers
|upkeep
|
|t:|1746143604
|switch|p1a: Blade|Scyther, M|100/100
|turn|21
|
|t:|1746143609
|move|p1a: Blade|Aerial Ace|p2a: Keldeo
|-supereffective|p2a: Keldeo
|-damage|p2a: Keldeo|0 fnt
|faint|p2a: Keldeo
|
|-weather|RainDance|[upkeep]
|upkeep
|
|t:|1746143611
|switch|p2a: Jirachi|Jirachi|30/100 par
|-damage|p2a: Jirachi|24/100 par|[from] Stealth Rock
|turn|22
|
|t:|1746143618
|move|p1a: Blade|Aerial Ace|p2a: Jirachi
|-resisted|p2a: Jirachi
|-damage|p2a: Jirachi|4/100 par
|move|p2a: Jirachi|Thunder|p1a: Blade
|-supereffective|p1a: Blade
|-damage|p1a: Blade|29/100
|-status|p1a: Blade|par
|
|-weather|RainDance|[upkeep]
|-heal|p2a: Jirachi|10/100 par|[from] item: Leftovers
|upkeep
|turn|23
|
|t:|1746143634
|move|p1a: Blade|Aerial Ace|p2a: Jirachi
|-resisted|p2a: Jirachi
|-damage|p2a: Jirachi|0 fnt
|faint|p2a: Jirachi
|
|-weather|RainDance|[upkeep]
|upkeep
|
|t:|1746143636
|switch|p2a: Politoed|Politoed, M|100/100
|-damage|p2a: Politoed|88/100|[from] Stealth Rock
|turn|24
|
|t:|1746143644
|move|p2a: Politoed|Hydro Pump|p1a: Blade
|-damage|p1a: Blade|0 fnt
|faint|p1a: Blade
|
|-weather|RainDance|[upkeep]
|upkeep
|
|t:|1746143654
|switch|p1a: Starlight|Starmie|86/100
|turn|25
|
|t:|1746143658
|move|p1a: Starlight|Thunder Wave|p2a: Politoed
|-status|p2a: Politoed|par
|move|p2a: Politoed|Hydro Pump|p1a: Starlight
|-resisted|p1a: Starlight
|-damage|p1a: Starlight|17/100
|
|-weather|RainDance|[upkeep]
|-heal|p1a: Starlight|23/100|[from] item: Leftovers
|upkeep
|turn|26
|
|t:|1746143667
|move|p1a: Starlight|Psyshock|p2a: Politoed
|-damage|p2a: Politoed|55/100 par
|move|p2a: Politoed|Hydro Pump|p1a: Starlight
|-resisted|p1a: Starlight
|-damage|p1a: Starlight|0 fnt
|faint|p1a: Starlight
|
|-weather|RainDance|[upkeep]
|upkeep
|
|t:|1746143677
|switch|p1a: Adolf|Bisharp, F|100/100
|-item|p1a: Adolf|Air Balloon
|turn|27
|
|t:|1746143683
|move|p1a: Adolf|Night Slash|p2a: Politoed
|-damage|p2a: Politoed|12/100 par
|move|p2a: Politoed|Hydro Pump|p1a: Adolf|[miss]
|-miss|p2a: Politoed|p1a: Adolf
|
|-weather|RainDance|[upkeep]
|upkeep
|turn|28
|-message|happy_hitbox forfeited.
|
|win|daddy_days2
|raw|daddy_days2's rating: 1440 &rarr; <strong>1461</strong><br />(+21 for winning)
|raw|happy_hitbox's rating: 1454 &rarr; <strong>1433</strong><br />(-21 for losing)
|l|☆happy_hitbox
|player|p2|
