|j|☆TipsyKiwi
|j|☆Mizuho_poke
|player|p1|TipsyKiwi|197|1384
|player|p2|Mizuho_poke|75|1352
|teamsize|p1|6
|teamsize|p2|6
|gametype|singles
|gen|5
|tier|[Gen 5] OU
|rated|
|rule|Sleep Clause Mod: Limit one foe put to sleep
|rule|Species Clause: Limit one of each Pokémon
|rule|OHKO Clause: OHKO moves are banned
|rule|Moody Clause: Moody is banned
|rule|Evasion Moves Clause: Evasion moves are banned
|rule|Endless Battle Clause: Forcing endless battles is banned
|rule|HP Percentage Mod: HP is shown in percentages
|rule|Evasion Abilities Clause: Evasion abilities are banned
|rule|Baton Pass Clause: Limit one Baton Passer, can't pass Spe and other stats simultaneously
|rule|Swagger Clause: Swagger is banned
|clearpoke
|poke|p1|Keldeo-Resolute|item
|poke|p1|Jirachi|item
|poke|p1|Breloom, M|item
|poke|p1|Ferrothorn, M|item
|poke|p1|Politoed, F|item
|poke|p1|Kyurem-Black|item
|poke|p2|Garchomp, M|item
|poke|p2|Latios, M|item
|poke|p2|Conkeldurr, M|item
|poke|p2|Zapdos|item
|poke|p2|Gastrodon, F|item
|poke|p2|Bronzong|item
|teampreview
|inactive|Battle timer is ON: inactive players will automatically lose when time's up. (requested by Mizuho_poke)
|
|start
|switch|p1a: Politoed|Politoed, F, shiny|100/100
|switch|p2a: Latios|Latios, M, shiny|100/100
|-weather|RainDance|[from] ability: Drizzle|[of] p1a: Politoed
|turn|1
|
|switch|p2a: Conkeldurr|Conkeldurr, M, shiny|100/100
|move|p1a: Politoed|Ice Beam|p2a: Conkeldurr
|-damage|p2a: Conkeldurr|63/100
|
|-weather|RainDance|[upkeep]
|-heal|p2a: Conkeldurr|69/100|[from] item: Leftovers
|upkeep
|turn|2
|
|switch|p1a: Jirachi|Jirachi|100/100
|move|p2a: Conkeldurr|Drain Punch|p1a: Jirachi
|-damage|p1a: Jirachi|62/100
|-heal|p2a: Conkeldurr|89/100|[from] drain|[of] p1a: Jirachi
|
|-weather|RainDance|[upkeep]
|-heal|p1a: Jirachi|69/100|[from] item: Leftovers
|-heal|p2a: Conkeldurr|95/100|[from] item: Leftovers
|upkeep
|turn|3
|inactive|Mizuho_poke has 120 seconds left.
|
|switch|p2a: Bronzong|Bronzong, shiny|100/100
|move|p1a: Jirachi|Psyshock|p2a: Bronzong
|-resisted|p2a: Bronzong
|-damage|p2a: Bronzong|94/100
|
|-weather|RainDance|[upkeep]
|-heal|p1a: Jirachi|75/100|[from] item: Leftovers
|upkeep
|turn|4
|
|move|p1a: Jirachi|Substitute|p1a: Jirachi
|-start|p1a: Jirachi|Substitute
|-damage|p1a: Jirachi|50/100
|move|p2a: Bronzong|Stealth Rock|p1a: Jirachi
|-sidestart|p1: TipsyKiwi|move: Stealth Rock
|
|-weather|RainDance|[upkeep]
|-heal|p1a: Jirachi|56/100|[from] item: Leftovers
|upkeep
|turn|5
|inactive|Mizuho_poke has 120 seconds left.
|
|move|p1a: Jirachi|Calm Mind|p1a: Jirachi
|-boost|p1a: Jirachi|spa|1
|-boost|p1a: Jirachi|spd|1
|move|p2a: Bronzong|Earthquake|p1a: Jirachi
|-supereffective|p1a: Jirachi
|-end|p1a: Jirachi|Substitute
|
|-weather|RainDance|[upkeep]
|-heal|p1a: Jirachi|62/100|[from] item: Leftovers
|upkeep
|turn|6
|inactive|TipsyKiwi has 120 seconds left.
|
|move|p1a: Jirachi|Thunder|p2a: Bronzong
|-damage|p2a: Bronzong|58/100
|move|p2a: Bronzong|Earthquake|p1a: Jirachi
|-supereffective|p1a: Jirachi
|-damage|p1a: Jirachi|22/100
|
|-weather|RainDance|[upkeep]
|-heal|p1a: Jirachi|28/100|[from] item: Leftovers
|upkeep
|turn|7
|inactive|TipsyKiwi has 120 seconds left.
|
|move|p1a: Jirachi|Substitute|p1a: Jirachi
|-start|p1a: Jirachi|Substitute
|-damage|p1a: Jirachi|3/100
|move|p2a: Bronzong|Earthquake|p1a: Jirachi
|-supereffective|p1a: Jirachi
|-end|p1a: Jirachi|Substitute
|
|-weather|RainDance|[upkeep]
|-heal|p1a: Jirachi|9/100|[from] item: Leftovers
|upkeep
|turn|8
|inactive|TipsyKiwi has 120 seconds left.
|
|move|p1a: Jirachi|Thunder|p2a: Bronzong
|-damage|p2a: Bronzong|20/100
|-status|p2a: Bronzong|par
|-enditem|p2a: Bronzong|Sitrus Berry|[eat]
|-heal|p2a: Bronzong|45/100 par|[from] item: Sitrus Berry
|move|p2a: Bronzong|Earthquake|p1a: Jirachi
|-supereffective|p1a: Jirachi
|-damage|p1a: Jirachi|0 fnt
|faint|p1a: Jirachi
|
|-weather|RainDance|[upkeep]
|upkeep
|inactive|TipsyKiwi has 120 seconds left.
|
|switch|p1a: Keldeo|Keldeo-Resolute|100/100
|-damage|p1a: Keldeo|94/100|[from] Stealth Rock
|turn|9
|
|move|p1a: Keldeo|Secret Sword|p2a: Bronzong
|-damage|p2a: Bronzong|7/100 par
|move|p2a: Bronzong|Gyro Ball|p1a: Keldeo
|-resisted|p1a: Keldeo
|-damage|p1a: Keldeo|57/100
|
|-weather|RainDance|[upkeep]
|upkeep
|turn|10
|
|move|p1a: Keldeo|Secret Sword|p2a: Bronzong
|-damage|p2a: Bronzong|0 fnt
|faint|p2a: Bronzong
|
|-weather|RainDance|[upkeep]
|upkeep
|
|switch|p2a: Zapdos|Zapdos, shiny|100/100
|-ability|p2a: Zapdos|Pressure
|turn|11
|inactive|TipsyKiwi has 120 seconds left.
|
|switch|p1a: Kyurem|Kyurem-Black|100/100
|-damage|p1a: Kyurem|75/100|[from] Stealth Rock
|-ability|p1a: Kyurem|Teravolt
|move|p2a: Zapdos|Thunder Wave|p1a: Kyurem
|-status|p1a: Kyurem|par
|
|-weather|RainDance|[upkeep]
|upkeep
|turn|12
|inactive|TipsyKiwi has 120 seconds left.
|
|switch|p2a: Garchomp|Garchomp, M, shiny|100/100
|move|p1a: Kyurem|Substitute|p1a: Kyurem
|-start|p1a: Kyurem|Substitute
|-damage|p1a: Kyurem|50/100 par
|
|-weather|RainDance|[upkeep]
|upkeep
|turn|13
|inactive|TipsyKiwi has 120 seconds left.
|
|move|p2a: Garchomp|Dual Chop|p1a: Kyurem
|-supereffective|p1a: Kyurem
|-end|p1a: Kyurem|Substitute
|-supereffective|p1a: Kyurem
|-damage|p1a: Kyurem|0 fnt
|-hitcount|p1a: Kyurem|2
|faint|p1a: Kyurem
|
|-weather|RainDance|[upkeep]
|upkeep
|inactive|TipsyKiwi has 120 seconds left.
|c|☆TipsyKiwi|nothin' working out for me in this one, lol
|
|switch|p1a: Politoed|Politoed, F, shiny|100/100
|-damage|p1a: Politoed|88/100|[from] Stealth Rock
|turn|14
|
|move|p1a: Politoed|Ice Beam|p2a: Garchomp
|-supereffective|p2a: Garchomp
|-damage|p2a: Garchomp|0 fnt
|faint|p2a: Garchomp
|
|-weather|RainDance|[upkeep]
|upkeep
|
|switch|p2a: Gastrodon|Gastrodon, F, shiny|100/100
|turn|15
|
|switch|p1a: Ferrothorn|Ferrothorn, M|100/100
|-damage|p1a: Ferrothorn|94/100|[from] Stealth Rock
|switch|p2a: Zapdos|Zapdos, shiny|100/100
|-ability|p2a: Zapdos|Pressure
|
|-weather|RainDance|[upkeep]
|upkeep
|turn|16
|
|move|p2a: Zapdos|Thunder Wave|p1a: Ferrothorn
|-status|p1a: Ferrothorn|par
|move|p1a: Ferrothorn|Stealth Rock|p2a: Zapdos
|-sidestart|p2: Mizuho_poke|move: Stealth Rock
|
|-weather|RainDance|[upkeep]
|upkeep
|turn|17
|
|move|p2a: Zapdos|Heat Wave|p1a: Ferrothorn
|-supereffective|p1a: Ferrothorn
|-damage|p1a: Ferrothorn|51/100 par
|move|p1a: Ferrothorn|Leech Seed|p2a: Zapdos|[miss]
|-miss|p1a: Ferrothorn|p2a: Zapdos
|
|-weather|RainDance|[upkeep]
|upkeep
|turn|18
|
|move|p2a: Zapdos|Heat Wave|p1a: Ferrothorn
|-supereffective|p1a: Ferrothorn
|-damage|p1a: Ferrothorn|10/100 par
|move|p1a: Ferrothorn|Gyro Ball|p2a: Zapdos
|-resisted|p2a: Zapdos
|-crit|p2a: Zapdos
|-damage|p2a: Zapdos|50/100
|-enditem|p2a: Zapdos|Sitrus Berry|[eat]
|-heal|p2a: Zapdos|75/100|[from] item: Sitrus Berry
|
|-weather|RainDance|[upkeep]
|upkeep
|turn|19
|
|move|p2a: Zapdos|Thunderbolt|p1a: Ferrothorn
|-resisted|p1a: Ferrothorn
|-damage|p1a: Ferrothorn|0 fnt
|faint|p1a: Ferrothorn
|
|-weather|RainDance|[upkeep]
|upkeep
|
|switch|p1a: Politoed|Politoed, F, shiny|88/100
|-damage|p1a: Politoed|76/100|[from] Stealth Rock
|turn|20
|
|move|p1a: Politoed|Ice Beam|p2a: Zapdos
|-supereffective|p2a: Zapdos
|-damage|p2a: Zapdos|16/100
|move|p2a: Zapdos|Thunderbolt|p1a: Politoed
|-supereffective|p1a: Politoed
|-damage|p1a: Politoed|0 fnt
|faint|p1a: Politoed
|
|-weather|RainDance|[upkeep]
|upkeep
|
|switch|p1a: Keldeo|Keldeo-Resolute|57/100
|-damage|p1a: Keldeo|51/100|[from] Stealth Rock
|turn|21
|inactive|TipsyKiwi has 120 seconds left.
|
|move|p1a: Keldeo|Icy Wind|p2a: Zapdos
|-supereffective|p2a: Zapdos
|-damage|p2a: Zapdos|0 fnt
|faint|p2a: Zapdos
|
|-weather|RainDance|[upkeep]
|upkeep
|
|switch|p2a: Latios|Latios, M, shiny|100/100
|-damage|p2a: Latios|88/100|[from] Stealth Rock
|turn|22
|
|move|p1a: Keldeo|Icy Wind|p2a: Latios|[miss]
|-miss|p1a: Keldeo|p2a: Latios
|move|p2a: Latios|Psyshock|p1a: Keldeo
|-supereffective|p1a: Keldeo
|-damage|p1a: Keldeo|0 fnt
|faint|p1a: Keldeo
|
|-weather|RainDance|[upkeep]
|upkeep
|c|☆Mizuho_poke|oh
|c|☆TipsyKiwi|ohohoho
|
|switch|p1a: Breloom|Breloom, M|100/100
|-damage|p1a: Breloom|94/100|[from] Stealth Rock
|turn|23
|c|☆TipsyKiwi|welp
|c|☆TipsyKiwi|gg
|c|☆Mizuho_poke|gg
|
|move|p2a: Latios|Psyshock|p1a: Breloom
|-supereffective|p1a: Breloom
|-damage|p1a: Breloom|0 fnt
|faint|p1a: Breloom
|
|win|Mizuho_poke
|raw|TipsyKiwi's rating: 1384 &rarr; <strong>1362</strong><br />(-22 for losing)
|raw|Mizuho_poke's rating: 1352 &rarr; <strong>1374</strong><br />(+22 for winning)
