|j|☆LeafStoned
|j|☆chomp29
|t:|1707490887
|gametype|singles
|player|p1|LeafStoned|265|1436
|player|p2|chomp29|janitor|1536
|teamsize|p1|6
|teamsize|p2|6
|gen|5
|tier|[Gen 5] OU
|rated|
|rule|Species Clause: Limit one of each Pokémon
|rule|OHKO Clause: OHKO moves are banned
|rule|Moody Clause: Moody is banned
|rule|Evasion Items Clause: Evasion items are banned
|rule|Evasion Moves Clause: Evasion moves are banned
|rule|Endless Battle Clause: Forcing endless battles is banned
|rule|HP Percentage Mod: HP is shown in percentages
|rule|Evasion Abilities Clause: Evasion abilities are banned
|rule|Sleep Moves Clause: Sleep-inducing moves are banned
|rule|Swagger Clause: Swagger is banned
|rule|Baton Pass Stat Clause: No Baton Passer may have a way to boost its stats
|clearpoke
|poke|p1|Latios, M|item
|poke|p1|Magnezone|item
|poke|p1|Aerodactyl, M|item
|poke|p1|Breloom, F|item
|poke|p1|Scrafty, M|item
|poke|p1|Cloyster, F|item
|poke|p2|Gengar, M|item
|poke|p2|Scizor, F|item
|poke|p2|Azelf|item
|poke|p2|Latios, M|item
|poke|p2|Thundurus-Therian, M|item
|poke|p2|Machamp, F|item
|teampreview
|inactive|Battle timer is ON: inactive players will automatically lose when time's up. (requested by LeafStoned)
|
|t:|1707490902
|start
|switch|p1a: Aerodactyl|Aerodactyl, M|100/100
|switch|p2a: Machamp|Machamp, F|100/100
|-ability|p1a: Aerodactyl|Pressure
|turn|1
|
|t:|1707490908
|move|p1a: Aerodactyl|Stealth Rock|p2a: Machamp
|-sidestart|p2: chomp29|move: Stealth Rock
|move|p2a: Machamp|Dynamic Punch|p1a: Aerodactyl
|-damage|p1a: Aerodactyl|7/100
|-start|p1a: Aerodactyl|confusion
|
|upkeep
|turn|2
|
|t:|1707490918
|-activate|p1a: Aerodactyl|confusion
|move|p1a: Aerodactyl|Taunt|p2a: Machamp
|-start|p2a: Machamp|move: Taunt
|cant|p2a: Machamp|move: Taunt|Substitute
|
|upkeep
|turn|3
|
|t:|1707490925
|-activate|p1a: Aerodactyl|confusion
|-damage|p1a: Aerodactyl|0 fnt|[from] confusion
|faint|p1a: Aerodactyl
|move|p2a: Machamp|Dynamic Punch|p1: Aerodactyl|[notarget]
|-fail|p2a: Machamp
|
|upkeep
|
|t:|1707490936
|switch|p1a: Latios|Latios, M|100/100
|turn|4
|
|t:|1707490944
|switch|p2a: Scizor|Scizor, F|100/100
|-damage|p2a: Scizor|88/100|[from] Stealth Rock
|move|p1a: Latios|Reflect|p1a: Latios
|-sidestart|p1: LeafStoned|Reflect
|
|upkeep
|turn|5
|
|t:|1707490952
|switch|p1a: Magnezone|Magnezone|100/100
|switch|p2a: Azelf|Azelf|100/100
|-damage|p2a: Azelf|88/100|[from] Stealth Rock
|
|upkeep
|turn|6
|
|t:|1707490959
|move|p2a: Azelf|Stealth Rock|p1a: Magnezone
|-sidestart|p1: LeafStoned|move: Stealth Rock
|move|p1a: Magnezone|Volt Switch|p2a: Azelf
|-damage|p2a: Azelf|40/100
|
|t:|1707490971
|switch|p1a: Latios|Latios, M|100/100|[from] Volt Switch
|-damage|p1a: Latios|88/100|[from] Stealth Rock
|
|upkeep
|turn|7
|
|t:|1707490975
|move|p2a: Azelf|Thunder Wave|p1a: Latios
|-status|p1a: Latios|par
|move|p1a: Latios|Thunder Wave|p2a: Azelf
|-status|p2a: Azelf|par
|
|upkeep
|turn|8
|
|t:|1707490980
|move|p2a: Azelf|U-turn|p1a: Latios
|-supereffective|p1a: Latios
|-damage|p1a: Latios|67/100 par
|
|t:|1707490992
|switch|p2a: Machamp|Machamp, F|100/100|[from] U-turn
|-damage|p2a: Machamp|94/100|[from] Stealth Rock
|move|p1a: Latios|Light Screen|p1a: Latios
|-sidestart|p1: LeafStoned|move: Light Screen
|
|upkeep
|turn|9
|
|t:|1707491003
|switch|p1a: Breloom|Breloom, F|100/100
|-damage|p1a: Breloom|94/100|[from] Stealth Rock
|move|p2a: Machamp|Dynamic Punch|p1a: Breloom
|-damage|p1a: Breloom|52/100
|-start|p1a: Breloom|confusion
|
|upkeep
|turn|10
|
|t:|1707491015
|-activate|p1a: Breloom|confusion
|-damage|p1a: Breloom|26/100|[from] confusion
|move|p2a: Machamp|Dynamic Punch|p1a: Breloom
|-damage|p1a: Breloom|0 fnt
|faint|p1a: Breloom
|
|upkeep
|
|t:|1707491025
|switch|p1a: Scrafty|Scrafty, M|100/100
|-damage|p1a: Scrafty|95/100|[from] Stealth Rock
|turn|11
|
|t:|1707491027
|move|p1a: Scrafty|Dragon Dance|p1a: Scrafty
|-boost|p1a: Scrafty|atk|1
|-boost|p1a: Scrafty|spe|1
|move|p2a: Machamp|Dynamic Punch|p1a: Scrafty
|-supereffective|p1a: Scrafty
|-damage|p1a: Scrafty|26/100
|-start|p1a: Scrafty|confusion
|-enditem|p1a: Scrafty|Sitrus Berry|[eat]
|-heal|p1a: Scrafty|51/100|[from] item: Sitrus Berry
|
|-sideend|p1: LeafStoned|Reflect
|upkeep
|turn|12
|
|t:|1707491032
|-activate|p1a: Scrafty|confusion
|move|p1a: Scrafty|Drain Punch|p2a: Machamp
|-damage|p2a: Machamp|38/100
|-heal|p1a: Scrafty|84/100|[from] drain|[of] p2a: Machamp
|move|p2a: Machamp|Dynamic Punch|p1a: Scrafty
|-supereffective|p1a: Scrafty
|-crit|p1a: Scrafty
|-damage|p1a: Scrafty|0 fnt
|faint|p1a: Scrafty
|
|upkeep
|
|t:|1707491041
|switch|p1a: Latios|Latios, M|67/100 par
|-damage|p1a: Latios|55/100 par|[from] Stealth Rock
|turn|13
|
|t:|1707491045
|move|p2a: Machamp|Dynamic Punch|p1a: Latios
|-resisted|p1a: Latios
|-damage|p1a: Latios|26/100 par
|-start|p1a: Latios|confusion
|-activate|p1a: Latios|confusion
|-damage|p1a: Latios|18/100 par|[from] confusion
|
|upkeep
|turn|14
|
|t:|1707491049
|move|p2a: Machamp|Substitute|p2a: Machamp
|-start|p2a: Machamp|Substitute
|-damage|p2a: Machamp|13/100
|-activate|p1a: Latios|confusion
|cant|p1a: Latios|par
|
|upkeep
|turn|15
|
|t:|1707491052
|move|p2a: Machamp|Ice Punch|p1a: Latios
|-supereffective|p1a: Latios
|-damage|p1a: Latios|0 fnt
|faint|p1a: Latios
|
|-sideend|p1: LeafStoned|move: Light Screen
|upkeep
|
|t:|1707491055
|switch|p1a: Cloyster|Cloyster, F|100/100
|-damage|p1a: Cloyster|76/100|[from] Stealth Rock
|turn|16
|
|t:|1707491057
|move|p2a: Machamp|Thunder Punch|p1a: Cloyster
|-supereffective|p1a: Cloyster
|-damage|p1a: Cloyster|33/100
|-status|p1a: Cloyster|par
|move|p1a: Cloyster|Shell Smash|p1a: Cloyster
|-unboost|p1a: Cloyster|def|1
|-unboost|p1a: Cloyster|spd|1
|-boost|p1a: Cloyster|atk|2
|-boost|p1a: Cloyster|spa|2
|-boost|p1a: Cloyster|spe|2
|
|upkeep
|turn|17
|-message|LeafStoned forfeited.
|
|win|chomp29
|raw|LeafStoned's rating: 1436 &rarr; <strong>1422</strong><br />(-14 for losing)
|raw|chomp29's rating: 1536 &rarr; <strong>1550</strong><br />(+14 for winning)
|l|☆LeafStoned
|player|p1|
