|j|☆jjjnkn
|j|☆fatyfatty
|t:|1748795386
|gametype|singles
|player|p1|jjjnkn|marnie-masters3|1307
|player|p2|fatyfatty|101|1469
|teamsize|p1|6
|teamsize|p2|6
|gen|5
|tier|[Gen 5] OU
|rated|
|rule|Species Clause: Limit one of each Pokémon
|rule|OHKO Clause: OHKO moves are banned
|rule|Moody Clause: Moody is banned
|rule|Evasion Items Clause: Evasion items are banned
|rule|Evasion Moves Clause: Evasion moves are banned
|rule|Endless Battle Clause: Forcing endless battles is banned
|rule|HP Percentage Mod: HP is shown in percentages
|rule|Evasion Abilities Clause: Evasion abilities are banned
|rule|Sleep Moves Clause: Sleep-inducing moves are banned
|rule|Swagger Clause: Swagger is banned
|rule|Baton Pass Stat Clause: No Baton Passer may have a way to boost its stats
|clearpoke
|poke|p1|Kyurem-Black|item
|poke|p1|Magnezone|item
|poke|p1|Latios, M|item
|poke|p1|Tyranitar, M|item
|poke|p1|Landorus-Therian, M|item
|poke|p1|Reuniclus, M|item
|poke|p2|Hippowdon, M|item
|poke|p2|Gliscor, M|item
|poke|p2|Ferrothorn, M|item
|poke|p2|Magnezone|item
|poke|p2|Latios, M|item
|poke|p2|Reuniclus, F|item
|teampreview
|inactive|Battle timer is ON: inactive players will automatically lose when time's up. (requested by fatyfatty)
|inactive|jjjnkn also wants the timer to be on.
|
|t:|1748795416
|start
|switch|p1a: Me|Tyranitar, M|100/100
|switch|p2a: Gliscor|Gliscor, M, shiny|100/100
|-weather|Sandstorm|[from] ability: Sand Stream|[of] p1a: Me
|turn|1
|
|t:|1748795445
|move|p2a: Gliscor|Swords Dance|p2a: Gliscor
|-boost|p2a: Gliscor|atk|2
|move|p1a: Me|Stealth Rock|p2a: Gliscor
|-sidestart|p2: fatyfatty|move: Stealth Rock
|
|-weather|Sandstorm|[upkeep]
|-status|p2a: Gliscor|tox|[from] item: Toxic Orb
|upkeep
|turn|2
|
|t:|1748795452
|switch|p1a: White|Kyurem-Black|100/100
|-ability|p1a: White|Teravolt
|move|p2a: Gliscor|Earthquake|p1a: White
|-damage|p1a: White|37/100
|
|-weather|Sandstorm|[upkeep]
|-damage|p1a: White|30/100|[from] Sandstorm
|-heal|p1a: White|37/100|[from] item: Leftovers
|upkeep
|turn|3
|
|t:|1748795462
|move|p2a: Gliscor|Protect|p2a: Gliscor
|-singleturn|p2a: Gliscor|Protect
|move|p1a: White|Ice Beam|p2a: Gliscor
|-activate|p2a: Gliscor|move: Protect
|
|-weather|Sandstorm|[upkeep]
|-damage|p1a: White|30/100|[from] Sandstorm
|-heal|p1a: White|37/100|[from] item: Leftovers
|upkeep
|turn|4
|
|t:|1748795487
|switch|p2a: Reuniclus|Reuniclus, F, shiny|100/100
|move|p1a: White|Ice Beam|p2a: Reuniclus
|-damage|p2a: Reuniclus|50/100
|
|-weather|Sandstorm|[upkeep]
|-damage|p1a: White|30/100|[from] Sandstorm
|-heal|p1a: White|37/100|[from] item: Leftovers
|-heal|p2a: Reuniclus|56/100|[from] item: Leftovers
|upkeep
|turn|5
|
|t:|1748795499
|move|p1a: White|Fusion Bolt|p2a: Reuniclus
|-damage|p2a: Reuniclus|31/100
|move|p2a: Reuniclus|Recover|p2a: Reuniclus
|-heal|p2a: Reuniclus|81/100
|
|-weather|Sandstorm|[upkeep]
|-damage|p1a: White|30/100|[from] Sandstorm
|-heal|p1a: White|37/100|[from] item: Leftovers
|-heal|p2a: Reuniclus|87/100|[from] item: Leftovers
|upkeep
|turn|6
|
|t:|1748795509
|switch|p1a: Me|Tyranitar, M|100/100
|move|p2a: Reuniclus|Focus Blast|p1a: Me|[miss]
|-miss|p2a: Reuniclus|p1a: Me
|
|-weather|Sandstorm|[upkeep]
|-heal|p2a: Reuniclus|93/100|[from] item: Leftovers
|upkeep
|turn|7
|
|t:|1748795516
|switch|p2a: Gliscor|Gliscor, M, shiny|100/100 tox
|-damage|p2a: Gliscor|88/100 tox|[from] Stealth Rock
|move|p1a: Me|Crunch|p2a: Gliscor
|-damage|p2a: Gliscor|58/100 tox
|
|-weather|Sandstorm|[upkeep]
|-heal|p2a: Gliscor|71/100 tox|[from] ability: Poison Heal
|upkeep
|turn|8
|
|t:|1748795532
|switch|p1a: See no hazards|Reuniclus, M|100/100
|move|p2a: Gliscor|Swords Dance|p2a: Gliscor
|-boost|p2a: Gliscor|atk|2
|
|-weather|Sandstorm|[upkeep]
|-heal|p2a: Gliscor|83/100 tox|[from] ability: Poison Heal
|upkeep
|turn|9
|
|t:|1748795543
|move|p2a: Gliscor|Earthquake|p1a: See no hazards
|-damage|p1a: See no hazards|39/100
|move|p1a: See no hazards|Hidden Power|p2a: Gliscor
|-supereffective|p2a: Gliscor
|-damage|p2a: Gliscor|0 fnt
|faint|p2a: Gliscor
|
|-weather|Sandstorm|[upkeep]
|upkeep
|inactive|fatyfatty has 120 seconds left.
|
|t:|1748795577
|switch|p2a: Hippowdon|Hippowdon, M|100/100
|-damage|p2a: Hippowdon|94/100|[from] Stealth Rock
|turn|10
|
|t:|1748795580
|move|p2a: Hippowdon|Stealth Rock|p1a: See no hazards
|-sidestart|p1: jjjnkn|move: Stealth Rock
|move|p1a: See no hazards|Hidden Power|p2a: Hippowdon
|-supereffective|p2a: Hippowdon
|-damage|p2a: Hippowdon|44/100
|
|-weather|Sandstorm|[upkeep]
|-heal|p2a: Hippowdon|50/100|[from] item: Leftovers
|upkeep
|turn|11
|
|t:|1748795589
|switch|p2a: Reuniclus|Reuniclus, F, shiny|93/100
|move|p1a: See no hazards|Hidden Power|p2a: Reuniclus
|-damage|p2a: Reuniclus|61/100
|
|-weather|Sandstorm|[upkeep]
|-heal|p2a: Reuniclus|67/100|[from] item: Leftovers
|upkeep
|turn|12
|
|t:|1748795592
|move|p2a: Reuniclus|Recover|p2a: Reuniclus
|-heal|p2a: Reuniclus|100/100
|move|p1a: See no hazards|Psychic|p2a: Reuniclus
|-resisted|p2a: Reuniclus
|-damage|p2a: Reuniclus|69/100
|
|-weather|Sandstorm|[upkeep]
|-heal|p2a: Reuniclus|75/100|[from] item: Leftovers
|upkeep
|turn|13
|
|t:|1748795596
|switch|p1a: Me|Tyranitar, M|100/100
|-damage|p1a: Me|88/100|[from] Stealth Rock
|move|p2a: Reuniclus|Calm Mind|p2a: Reuniclus
|-boost|p2a: Reuniclus|spa|1
|-boost|p2a: Reuniclus|spd|1
|
|-weather|Sandstorm|[upkeep]
|-heal|p2a: Reuniclus|81/100|[from] item: Leftovers
|upkeep
|turn|14
|
|t:|1748795616
|move|p1a: Me|Pursuit|p2a: Reuniclus
|-supereffective|p2a: Reuniclus
|-crit|p2a: Reuniclus
|-damage|p2a: Reuniclus|18/100
|move|p2a: Reuniclus|Focus Blast|p1a: Me
|-supereffective|p1a: Me
|-enditem|p1a: Me|Chople Berry|[eat]
|-enditem|p1a: Me|Chople Berry|[weaken]
|-damage|p1a: Me|42/100
|
|-weather|Sandstorm|[upkeep]
|-heal|p2a: Reuniclus|24/100|[from] item: Leftovers
|upkeep
|turn|15
|
|t:|1748795627
|move|p1a: Me|Pursuit|p2a: Reuniclus
|-supereffective|p2a: Reuniclus
|-crit|p2a: Reuniclus
|-damage|p2a: Reuniclus|0 fnt
|faint|p2a: Reuniclus
|
|-weather|Sandstorm|[upkeep]
|upkeep
|inactive|fatyfatty has 120 seconds left.
|
|t:|1748795637
|switch|p2a: Ferrothorn|Ferrothorn, M|100/100
|-damage|p2a: Ferrothorn|94/100|[from] Stealth Rock
|turn|16
|
|t:|1748795640
|move|p1a: Me|Superpower|p2a: Ferrothorn
|-supereffective|p2a: Ferrothorn
|-crit|p2a: Ferrothorn
|-damage|p2a: Ferrothorn|0 fnt
|-unboost|p1a: Me|atk|1
|-unboost|p1a: Me|def|1
|-damage|p1a: Me|30/100|[from] ability: Iron Barbs|[of] p2a: Ferrothorn
|faint|p2a: Ferrothorn
|
|-weather|Sandstorm|[upkeep]
|upkeep
|inactive|fatyfatty has 120 seconds left.
|c|☆fatyfatty|Insane
|
|t:|1748795657
|switch|p2a: Hippowdon|Hippowdon, M|50/100
|-damage|p2a: Hippowdon|44/100|[from] Stealth Rock
|turn|17
|
|t:|1748795662
|move|p1a: Me|Superpower|p2a: Hippowdon
|-damage|p2a: Hippowdon|25/100
|-unboost|p1a: Me|atk|1
|-unboost|p1a: Me|def|1
|move|p2a: Hippowdon|Slack Off|p2a: Hippowdon
|-heal|p2a: Hippowdon|75/100
|
|-weather|Sandstorm|[upkeep]
|-heal|p2a: Hippowdon|82/100|[from] item: Leftovers
|upkeep
|turn|18
|
|t:|1748795668
|switch|p1a: See no hazards|Reuniclus, M|39/100
|move|p2a: Hippowdon|Whirlwind|p1a: See no hazards
|drag|p1a: White|Kyurem-Black|37/100
|-damage|p1a: White|12/100|[from] Stealth Rock
|-ability|p1a: White|Teravolt
|
|-weather|Sandstorm|[upkeep]
|-damage|p1a: White|5/100|[from] Sandstorm
|-heal|p1a: White|12/100|[from] item: Leftovers
|-heal|p2a: Hippowdon|88/100|[from] item: Leftovers
|upkeep
|turn|19
|
|t:|1748795673
|switch|p2a: Magnezone|Magnezone|100/100
|-damage|p2a: Magnezone|94/100|[from] Stealth Rock
|move|p1a: White|Ice Beam|p2a: Magnezone
|-resisted|p2a: Magnezone
|-damage|p2a: Magnezone|60/100
|
|-weather|Sandstorm|[upkeep]
|-damage|p1a: White|5/100|[from] Sandstorm
|-heal|p1a: White|12/100|[from] item: Leftovers
|upkeep
|turn|20
|
|t:|1748795676
|move|p2a: Magnezone|Volt Switch|p1a: White
|-resisted|p1a: White
|-damage|p1a: White|0 fnt
|faint|p1a: White
|
|t:|1748795682
|switch|p2a: Latios|Latios, M|100/100|[from] Volt Switch
|-damage|p2a: Latios|88/100|[from] Stealth Rock
|
|-weather|Sandstorm|[upkeep]
|-damage|p2a: Latios|82/100|[from] Sandstorm
|upkeep
|
|t:|1748795693
|switch|p1a: D1 Flincher|Landorus-Therian, M|100/100
|-damage|p1a: D1 Flincher|88/100|[from] Stealth Rock
|-ability|p1a: D1 Flincher|Intimidate|boost
|-unboost|p2a: Latios|atk|1
|turn|21
|
|t:|1748795696
|move|p1a: D1 Flincher|U-turn|p2a: Latios
|-supereffective|p2a: Latios
|-damage|p2a: Latios|20/100
|
|t:|1748795698
|switch|p1a: Me|Tyranitar, M|30/100|[from] U-turn
|-damage|p1a: Me|17/100|[from] Stealth Rock
|move|p2a: Latios|Roost|p2a: Latios
|-heal|p2a: Latios|70/100
|-singleturn|p2a: Latios|move: Roost
|
|-weather|Sandstorm|[upkeep]
|-damage|p2a: Latios|64/100|[from] Sandstorm
|upkeep
|turn|22
|
|t:|1748795701
|move|p2a: Latios|Surf|p1a: Me
|-supereffective|p1a: Me
|-crit|p1a: Me
|-damage|p1a: Me|0 fnt
|faint|p1a: Me
|
|-weather|Sandstorm|[upkeep]
|-damage|p2a: Latios|58/100|[from] Sandstorm
|upkeep
|
|t:|1748795703
|switch|p1a: D1 Flincher|Landorus-Therian, M|88/100
|-damage|p1a: D1 Flincher|76/100|[from] Stealth Rock
|-ability|p1a: D1 Flincher|Intimidate|boost
|-unboost|p2a: Latios|atk|1
|turn|23
|
|t:|1748795707
|switch|p2a: Hippowdon|Hippowdon, M|88/100
|-damage|p2a: Hippowdon|82/100|[from] Stealth Rock
|move|p1a: D1 Flincher|U-turn|p2a: Hippowdon
|-damage|p2a: Hippowdon|66/100
|
|t:|1748795715
|switch|p1a: Latias but blue|Latios, M|100/100|[from] U-turn
|-damage|p1a: Latias but blue|88/100|[from] Stealth Rock
|
|-weather|Sandstorm|[upkeep]
|-damage|p1a: Latias but blue|82/100|[from] Sandstorm
|-heal|p2a: Hippowdon|72/100|[from] item: Leftovers
|upkeep
|turn|24
|
|t:|1748795718
|move|p1a: Latias but blue|Draco Meteor|p2a: Hippowdon
|-crit|p2a: Hippowdon
|-damage|p2a: Hippowdon|0 fnt
|-unboost|p1a: Latias but blue|spa|2
|faint|p2a: Hippowdon
|
|-weather|Sandstorm|[upkeep]
|-damage|p1a: Latias but blue|76/100|[from] Sandstorm
|upkeep
|c|☆fatyfatty|kfzeop
|
|t:|1748795741
|switch|p2a: Latios|Latios, M|58/100
|-damage|p2a: Latios|46/100|[from] Stealth Rock
|turn|25
|
|t:|1748795745
|move|p1a: Latias but blue|Draco Meteor|p2a: Latios
|-supereffective|p2a: Latios
|-damage|p2a: Latios|0 fnt
|-unboost|p1a: Latias but blue|spa|2
|faint|p2a: Latios
|
|-weather|Sandstorm|[upkeep]
|-damage|p1a: Latias but blue|70/100|[from] Sandstorm
|upkeep
|-message|fatyfatty forfeited.
|
|win|jjjnkn
|raw|jjjnkn's rating: 1307 &rarr; <strong>1336</strong><br />(+29 for winning)
|raw|fatyfatty's rating: 1469 &rarr; <strong>1440</strong><br />(-29 for losing)
|l|☆jjjnkn
|player|p1|
