|j|☆senpai noticer
|j|☆johnnygAllgens
|player|p1|senpai noticer|acetrainerf-gen2|1631
|player|p2|johnnygAllgens|170|1347
|teamsize|p1|6
|teamsize|p2|6
|gametype|singles
|gen|5
|tier|[Gen 5] OU
|rated|
|clearpoke
|poke|p1|Latios, M|item
|poke|p1|Heatran, F|item
|poke|p1|Alakazam, F|item
|poke|p1|Forretress, M|item
|poke|p1|Abomasnow, M|item
|poke|p1|Kyurem|item
|poke|p2|Terrakion|item
|poke|p2|Tyranitar, F|item
|poke|p2|Rotom-Wash|item
|poke|p2|Ferrothorn, F|item
|poke|p2|Landorus-Therian, M|item
|poke|p2|Latios, M|item
|rule|Species Clause: Limit one of each Pokémon
|rule|OHKO Clause: OHKO moves are banned
|rule|Moody Clause: Moody is banned
|rule|Evasion Moves Clause: Evasion moves are banned
|rule|Endless Battle Clause: Forcing endless battles is banned
|rule|HP Percentage Mod: HP is shown in percentages
|rule|Evasion Abilities Clause: Evasion abilities are banned
|rule|Baton Pass Clause: Limit one Baton Passer, can't pass Spe and other stats simultaneously
|rule|Sleep Clause: Sleep-inducing moves are banned
|rule|Swagger Clause: Swagger is banned
|teampreview
|c|☆senpai noticer|gl hf
|c|☆johnnygAllgens|you too!
|
|start
|switch|p1a: Abomasnow|Abomasnow, M|100/100
|switch|p2a: Tyranitar|Tyranitar, F, shiny|100/100
|-weather|Hail|[from] ability: Snow Warning|[of] p1a: Abomasnow
|-weather|Sandstorm|[from] ability: Sand Stream|[of] p2a: Tyranitar
|turn|1
|j| iMeridian
|
|switch|p2a: Ferrothorn|Ferrothorn, F, shiny|100/100
|move|p1a: Abomasnow|Wood Hammer|p2a: Ferrothorn
|-resisted|p2a: Ferrothorn
|-damage|p2a: Ferrothorn|91/100
|-damage|p1a: Abomasnow|88/100|[from] ability: Iron Barbs|[of] p2a: Ferrothorn
|-damage|p1a: Abomasnow|85/100|[from] Recoil
|
|-weather|Sandstorm|[upkeep]
|-damage|p1a: Abomasnow|79/100|[from] Sandstorm
|-heal|p1a: Abomasnow|85/100|[from] item: Leftovers
|-heal|p2a: Ferrothorn|97/100|[from] item: Leftovers
|upkeep
|turn|2
|
|switch|p1a: Forretress|Forretress, M|100/100
|switch|p2a: Terrakion|Terrakion, shiny|100/100
|
|-weather|Sandstorm|[upkeep]
|upkeep
|turn|3
|
|move|p2a: Terrakion|Close Combat|p1a: Forretress
|-damage|p1a: Forretress|52/100
|-unboost|p2a: Terrakion|def|1
|-unboost|p2a: Terrakion|spd|1
|move|p1a: Forretress|Earthquake|p2a: Terrakion
|-supereffective|p2a: Terrakion
|-crit|p2a: Terrakion
|-damage|p2a: Terrakion|0 fnt
|faint|p2a: Terrakion
|
|-weather|Sandstorm|[upkeep]
|-heal|p1a: Forretress|58/100|[from] item: Leftovers
|upkeep
|c|☆senpai noticer|sry
|c|☆johnnygAllgens|happens
|
|switch|p2a: Tyranitar|Tyranitar, F, shiny|100/100
|turn|4
|
|switch|p1a: Heatran|Heatran, F, shiny|100/100
|move|p2a: Tyranitar|Stealth Rock|p1a: Heatran
|-sidestart|p1: senpai noticer|move: Stealth Rock
|
|-weather|Sandstorm|[upkeep]
|upkeep
|turn|5
|
|switch|p2a: Rotom|Rotom-Wash, shiny|100/100
|move|p1a: Heatran|Stealth Rock|p2a: Rotom
|-sidestart|p2: johnnygAllgens|move: Stealth Rock
|
|-weather|Sandstorm|[upkeep]
|-damage|p2a: Rotom|95/100|[from] Sandstorm
|-heal|p2a: Rotom|100/100|[from] item: Leftovers
|upkeep
|turn|6
|l| iMeridian
|
|move|p2a: Rotom|Hydro Pump|p1a: Heatran
|-supereffective|p1a: Heatran
|-damage|p1a: Heatran|41/100
|move|p1a: Heatran|Toxic|p2a: Rotom
|-status|p2a: Rotom|tox
|
|-weather|Sandstorm|[upkeep]
|-damage|p2a: Rotom|95/100 tox|[from] Sandstorm
|-heal|p2a: Rotom|100/100 tox|[from] item: Leftovers
|-heal|p1a: Heatran|47/100|[from] item: Leftovers
|-damage|p2a: Rotom|95/100 tox|[from] psn
|upkeep
|turn|7
|
|switch|p1a: Abomasnow|Abomasnow, M|85/100
|-damage|p1a: Abomasnow|60/100|[from] Stealth Rock
|-weather|Hail|[from] ability: Snow Warning|[of] p1a: Abomasnow
|move|p2a: Rotom|Hydro Pump|p1a: Abomasnow
|-resisted|p1a: Abomasnow
|-damage|p1a: Abomasnow|33/100
|
|-weather|Hail|[upkeep]
|-damage|p2a: Rotom|89/100 tox|[from] Hail
|-heal|p1a: Abomasnow|39/100|[from] item: Leftovers
|-heal|p2a: Rotom|95/100 tox|[from] item: Leftovers
|-damage|p2a: Rotom|83/100 tox|[from] psn
|upkeep
|turn|8
|
|-singleturn|p1a: Abomasnow|move: Focus Punch
|move|p2a: Rotom|Hidden Power|p1a: Abomasnow
|-supereffective|p1a: Abomasnow
|-damage|p1a: Abomasnow|0 fnt
|faint|p1a: Abomasnow
|
|-weather|Hail|[upkeep]
|-damage|p2a: Rotom|77/100 tox|[from] Hail
|-heal|p2a: Rotom|83/100 tox|[from] item: Leftovers
|-damage|p2a: Rotom|65/100 tox|[from] psn
|upkeep
|
|switch|p1a: Latios|Latios, M|100/100
|-damage|p1a: Latios|88/100|[from] Stealth Rock
|turn|9
|
|switch|p2a: Ferrothorn|Ferrothorn, F, shiny|97/100
|-damage|p2a: Ferrothorn|91/100|[from] Stealth Rock
|move|p1a: Latios|Draco Meteor|p2a: Ferrothorn
|-resisted|p2a: Ferrothorn
|-damage|p2a: Ferrothorn|58/100
|-unboost|p1a: Latios|spa|2
|-damage|p1a: Latios|78/100|[from] item: Life Orb
|
|-weather|Hail|[upkeep]
|-damage|p1a: Latios|72/100|[from] Hail
|-damage|p2a: Ferrothorn|52/100|[from] Hail
|-heal|p2a: Ferrothorn|58/100|[from] item: Leftovers
|upkeep
|turn|10
|
|switch|p1a: Forretress|Forretress, M|58/100
|-damage|p1a: Forretress|46/100|[from] Stealth Rock
|move|p2a: Ferrothorn|Leech Seed|p1a: Forretress
|-start|p1a: Forretress|move: Leech Seed
|
|-weather|Hail|[upkeep]
|-damage|p2a: Ferrothorn|52/100|[from] Hail
|-heal|p1a: Forretress|52/100|[from] item: Leftovers
|-heal|p2a: Ferrothorn|58/100|[from] item: Leftovers
|-damage|p1a: Forretress|39/100|[from] Leech Seed|[of] p2a: Ferrothorn
|-heal|p2a: Ferrothorn|70/100|[silent]
|upkeep
|turn|11
|
|move|p1a: Forretress|Rapid Spin|p2a: Ferrothorn
|-resisted|p2a: Ferrothorn
|-damage|p2a: Ferrothorn|69/100
|-damage|p1a: Forretress|27/100|[from] ability: Iron Barbs|[of] p2a: Ferrothorn
|-end|p1a: Forretress|Leech Seed|[from] move: Rapid Spin|[of] p1a: Forretress
|-sideend|p1: senpai noticer|Stealth Rock|[from] move: Rapid Spin|[of] p1a: Forretress
|move|p2a: Ferrothorn|Leech Seed|p1a: Forretress
|-start|p1a: Forretress|move: Leech Seed
|
|-weather|Hail|[upkeep]
|-damage|p2a: Ferrothorn|63/100|[from] Hail
|-heal|p1a: Forretress|33/100|[from] item: Leftovers
|-heal|p2a: Ferrothorn|69/100|[from] item: Leftovers
|-damage|p1a: Forretress|21/100|[from] Leech Seed|[of] p2a: Ferrothorn
|-heal|p2a: Ferrothorn|81/100|[silent]
|upkeep
|turn|12
|
|move|p1a: Forretress|Spikes|p2a: Ferrothorn
|-sidestart|p2: johnnygAllgens|Spikes
|move|p2a: Ferrothorn|Spikes|p1a: Forretress
|-sidestart|p1: senpai noticer|Spikes
|
|-weather|Hail|[upkeep]
|-damage|p2a: Ferrothorn|75/100|[from] Hail
|-heal|p1a: Forretress|27/100|[from] item: Leftovers
|-heal|p2a: Ferrothorn|81/100|[from] item: Leftovers
|-damage|p1a: Forretress|14/100|[from] Leech Seed|[of] p2a: Ferrothorn
|-heal|p2a: Ferrothorn|94/100|[silent]
|upkeep
|turn|13
|
|move|p1a: Forretress|Rapid Spin|p2a: Ferrothorn
|-resisted|p2a: Ferrothorn
|-crit|p2a: Ferrothorn
|-damage|p2a: Ferrothorn|91/100
|-damage|p1a: Forretress|2/100|[from] ability: Iron Barbs|[of] p2a: Ferrothorn
|-end|p1a: Forretress|Leech Seed|[from] move: Rapid Spin|[of] p1a: Forretress
|-sideend|p1: senpai noticer|Spikes|[from] move: Rapid Spin|[of] p1a: Forretress
|move|p2a: Ferrothorn|Spikes|p1a: Forretress
|-sidestart|p1: senpai noticer|Spikes
|
|-weather|Hail|[upkeep]
|-damage|p2a: Ferrothorn|85/100|[from] Hail
|-heal|p1a: Forretress|8/100|[from] item: Leftovers
|-heal|p2a: Ferrothorn|91/100|[from] item: Leftovers
|upkeep
|turn|14
|
|move|p1a: Forretress|Earthquake|p2a: Ferrothorn
|-damage|p2a: Ferrothorn|77/100
|move|p2a: Ferrothorn|Leech Seed|p1a: Forretress
|-start|p1a: Forretress|move: Leech Seed
|
|-weather|Hail|[upkeep]
|-damage|p2a: Ferrothorn|71/100|[from] Hail
|-heal|p1a: Forretress|14/100|[from] item: Leftovers
|-heal|p2a: Ferrothorn|77/100|[from] item: Leftovers
|-damage|p1a: Forretress|2/100|[from] Leech Seed|[of] p2a: Ferrothorn
|-heal|p2a: Ferrothorn|90/100|[silent]
|upkeep
|turn|15
|
|switch|p1a: Heatran|Heatran, F, shiny|47/100
|-damage|p1a: Heatran|35/100|[from] Spikes
|move|p2a: Ferrothorn|Spikes|p1a: Heatran
|-sidestart|p1: senpai noticer|Spikes
|
|-weather|Hail|[upkeep]
|-damage|p1a: Heatran|29/100|[from] Hail
|-damage|p2a: Ferrothorn|84/100|[from] Hail
|-heal|p1a: Heatran|35/100|[from] item: Leftovers
|-heal|p2a: Ferrothorn|90/100|[from] item: Leftovers
|upkeep
|turn|16
|
|switch|p2a: Latios|Latios, M, shiny|100/100
|-damage|p2a: Latios|88/100|[from] Stealth Rock
|move|p1a: Heatran|Magma Storm|p2a: Latios
|-resisted|p2a: Latios
|-damage|p2a: Latios|60/100
|-activate|p2a: Latios|move: Magma Storm|[of] p1a: Heatran
|
|-weather|Hail|[upkeep]
|-damage|p2a: Latios|54/100|[from] Hail
|-damage|p1a: Heatran|29/100|[from] Hail
|-heal|p1a: Heatran|35/100|[from] item: Leftovers
|-damage|p2a: Latios|49/100|[from] move: Magma Storm|[partiallytrapped]
|upkeep
|turn|17
|
|switch|p1a: Forretress|Forretress, M|2/100
|-damage|p1a: Forretress|0 fnt|[from] Spikes
|faint|p1a: Forretress
|move|p2a: Latios|Surf|p1: Forretress|[notarget]
|-fail|p2a: Latios
|
|-weather|Hail|[upkeep]
|-damage|p2a: Latios|43/100|[from] Hail
|upkeep
|
|switch|p1a: Kyurem|Kyurem|100/100
|-damage|p1a: Kyurem|84/100|[from] Spikes
|-ability|p1a: Kyurem|Pressure
|turn|18
|
|switch|p2a: Tyranitar|Tyranitar, F, shiny|100/100
|-damage|p2a: Tyranitar|88/100|[from] Stealth Rock
|-damage|p2a: Tyranitar|76/100|[from] Spikes
|-weather|Sandstorm|[from] ability: Sand Stream|[of] p2a: Tyranitar
|move|p1a: Kyurem|Blizzard|p2a: Tyranitar
|-damage|p2a: Tyranitar|43/100
|
|-weather|Sandstorm|[upkeep]
|-damage|p1a: Kyurem|78/100|[from] Sandstorm
|upkeep
|turn|19
|j| Gd Franck
|
|switch|p1a: Heatran|Heatran, F, shiny|35/100
|-damage|p1a: Heatran|18/100|[from] Spikes
|move|p2a: Tyranitar|Stealth Rock|p1a: Heatran
|-sidestart|p1: senpai noticer|move: Stealth Rock
|
|-weather|Sandstorm|[upkeep]
|-heal|p1a: Heatran|24/100|[from] item: Leftovers
|upkeep
|turn|20
|
|move|p1a: Heatran|Magma Storm|p2a: Tyranitar
|-resisted|p2a: Tyranitar
|-damage|p2a: Tyranitar|30/100
|-activate|p2a: Tyranitar|move: Magma Storm|[of] p1a: Heatran
|move|p2a: Tyranitar|Superpower|p1a: Heatran
|-supereffective|p1a: Heatran
|-damage|p1a: Heatran|0 fnt
|-unboost|p2a: Tyranitar|atk|1
|-unboost|p2a: Tyranitar|def|1
|faint|p1a: Heatran
|
|-weather|Sandstorm|[upkeep]
|upkeep
|
|switch|p1a: Latios|Latios, M|72/100
|-damage|p1a: Latios|60/100|[from] Stealth Rock
|turn|21
|
|move|p1a: Latios|Earthquake|p2a: Tyranitar
|-supereffective|p2a: Tyranitar
|-damage|p2a: Tyranitar|0 fnt
|-damage|p1a: Latios|50/100|[from] item: Life Orb
|faint|p2a: Tyranitar
|
|-weather|Sandstorm|[upkeep]
|-damage|p1a: Latios|44/100|[from] Sandstorm
|upkeep
|l| Gd Franck
|
|switch|p2a: Landorus|Landorus-Therian, M, shiny|100/100
|-damage|p2a: Landorus|88/100|[from] Stealth Rock
|-ability|p2a: Landorus|Intimidate|boost
|-unboost|p1a: Latios|atk|1
|turn|22
|
|switch|p1a: Kyurem|Kyurem|78/100
|-damage|p1a: Kyurem|53/100|[from] Stealth Rock
|-damage|p1a: Kyurem|36/100|[from] Spikes
|-ability|p1a: Kyurem|Pressure
|switch|p2a: Ferrothorn|Ferrothorn, F, shiny|90/100
|-damage|p2a: Ferrothorn|78/100|[from] Spikes
|-damage|p2a: Ferrothorn|72/100|[from] Stealth Rock
|
|-weather|Sandstorm|[upkeep]
|-damage|p1a: Kyurem|30/100|[from] Sandstorm
|-heal|p2a: Ferrothorn|78/100|[from] item: Leftovers
|upkeep
|turn|23
|
|move|p1a: Kyurem|Blizzard|p2a: Ferrothorn|[miss]
|-miss|p1a: Kyurem|p2a: Ferrothorn
|move|p2a: Ferrothorn|Gyro Ball|p1a: Kyurem
|-supereffective|p1a: Kyurem
|-damage|p1a: Kyurem|0 fnt
|faint|p1a: Kyurem
|
|-weather|Sandstorm|[upkeep]
|-heal|p2a: Ferrothorn|84/100|[from] item: Leftovers
|upkeep
|
|switch|p1a: Latios|Latios, M|44/100
|-damage|p1a: Latios|32/100|[from] Stealth Rock
|turn|24
|
|switch|p2a: Rotom|Rotom-Wash, shiny|65/100 tox
|-damage|p2a: Rotom|53/100 tox|[from] Stealth Rock
|move|p1a: Latios|Hidden Power|p2a: Rotom
|-resisted|p2a: Rotom
|-damage|p2a: Rotom|40/100 tox
|-damage|p1a: Latios|22/100|[from] item: Life Orb
|
|-weather|Sandstorm|[upkeep]
|-damage|p1a: Latios|16/100|[from] Sandstorm
|-damage|p2a: Rotom|34/100 tox|[from] Sandstorm
|-heal|p2a: Rotom|40/100 tox|[from] item: Leftovers
|-damage|p2a: Rotom|34/100 tox|[from] psn
|upkeep
|turn|25
|
|move|p1a: Latios|Roost|p1a: Latios
|-heal|p1a: Latios|66/100
|-singleturn|p1a: Latios|move: Roost
|move|p2a: Rotom|Hidden Power|p1a: Latios
|-damage|p1a: Latios|47/100
|
|-weather|Sandstorm|[upkeep]
|-damage|p1a: Latios|41/100|[from] Sandstorm
|-damage|p2a: Rotom|28/100 tox|[from] Sandstorm
|-heal|p2a: Rotom|34/100 tox|[from] item: Leftovers
|-damage|p2a: Rotom|22/100 tox|[from] psn
|upkeep
|turn|26
|
|move|p1a: Latios|Roost|p1a: Latios
|-heal|p1a: Latios|92/100
|-singleturn|p1a: Latios|move: Roost
|move|p2a: Rotom|Volt Switch|p1a: Latios
|-resisted|p1a: Latios
|-damage|p1a: Latios|79/100
|
|switch|p2a: Latios|Latios, M, shiny|43/100|[from]move: Volt Switch
|-damage|p2a: Latios|30/100|[from] Stealth Rock
|
|-weather|Sandstorm|[upkeep]
|-damage|p2a: Latios|24/100|[from] Sandstorm
|-damage|p1a: Latios|73/100|[from] Sandstorm
|upkeep
|turn|27
|
|switch|p1a: Alakazam|Alakazam, F|100/100
|move|p2a: Latios|Draco Meteor|p1a: Alakazam
|-enditem|p1a: Alakazam|Focus Sash
|-damage|p1a: Alakazam|1/100
|-unboost|p2a: Latios|spa|2
|
|-weather|Sandstorm|[upkeep]
|-damage|p2a: Latios|18/100|[from] Sandstorm
|upkeep
|turn|28
|j|‽bismo feel
|
|move|p2a: Latios|Draco Meteor|p1a: Alakazam
|-damage|p1a: Alakazam|0 fnt
|-unboost|p2a: Latios|spa|2
|faint|p1a: Alakazam
|
|-weather|Sandstorm|[upkeep]
|-damage|p2a: Latios|12/100|[from] Sandstorm
|upkeep
|
|switch|p1a: Latios|Latios, M|73/100
|-damage|p1a: Latios|60/100|[from] Stealth Rock
|turn|29
|
|move|p2a: Latios|Draco Meteor|p1a: Latios
|-supereffective|p1a: Latios
|-damage|p1a: Latios|8/100
|-unboost|p2a: Latios|spa|2
|move|p1a: Latios|Roost|p1a: Latios
|-heal|p1a: Latios|59/100
|-singleturn|p1a: Latios|move: Roost
|
|-weather|Sandstorm|[upkeep]
|-damage|p2a: Latios|6/100|[from] Sandstorm
|-damage|p1a: Latios|53/100|[from] Sandstorm
|upkeep
|turn|30
|
|move|p2a: Latios|Draco Meteor|p1a: Latios
|-supereffective|p1a: Latios
|-crit|p1a: Latios
|-damage|p1a: Latios|0 fnt
|faint|p1a: Latios
|
|win|johnnygAllgens
|raw|senpai noticer's rating: 1631 &rarr; <strong>1598</strong><br />(-33 for losing)
|raw|johnnygAllgens's rating: 1347 &rarr; <strong>1380</strong><br />(+33 for winning)
|c|☆johnnygAllgens|gg
|c|☆senpai noticer|gg
