|j|☆AstroMigui
|j|☆cringlord!
|t:|1724787608
|gametype|singles
|player|p1|AstroMigui|266|1362
|player|p2|cringlord!|caitlin|1434
|teamsize|p1|6
|teamsize|p2|6
|gen|5
|tier|[Gen 5] OU
|rated|
|rule|Species Clause: Limit one of each Pokémon
|rule|OHKO Clause: OHKO moves are banned
|rule|Moody Clause: Moody is banned
|rule|Evasion Items Clause: Evasion items are banned
|rule|Evasion Moves Clause: Evasion moves are banned
|rule|Endless Battle Clause: Forcing endless battles is banned
|rule|HP Percentage Mod: HP is shown in percentages
|rule|Evasion Abilities Clause: Evasion abilities are banned
|rule|Sleep Moves Clause: Sleep-inducing moves are banned
|rule|Swagger Clause: Swagger is banned
|rule|Baton Pass Stat Clause: No Baton Passer may have a way to boost its stats
|clearpoke
|poke|p1|Jirachi|item
|poke|p1|Garchomp, M|item
|poke|p1|Kyurem-Black|item
|poke|p1|Latios, M|item
|poke|p1|Magnezone|item
|poke|p1|Latias, F|item
|poke|p2|Skarmory, M|item
|poke|p2|Gliscor, F|item
|poke|p2|Gastrodon, M|item
|poke|p2|Tyranitar, F|item
|poke|p2|Alakazam, F|item
|poke|p2|Reuniclus, M|item
|teampreview
|
|t:|1724787624
|start
|switch|p1a: Jirachi|Jirachi|100/100
|switch|p2a: Gastrodon|Gastrodon, M|100/100
|turn|1
|
|t:|1724787629
|move|p1a: Jirachi|Stealth Rock|p2a: Gastrodon
|-sidestart|p2: cringlord!|move: Stealth Rock
|move|p2a: Gastrodon|Scald|p1a: Jirachi
|-damage|p1a: Jirachi|85/100
|-status|p1a: Jirachi|brn
|
|-damage|p1a: Jirachi|73/100 brn|[from] brn
|upkeep
|turn|2
|inactive|Battle timer is ON: inactive players will automatically lose when time's up. (requested by cringlord!)
|
|t:|1724787637
|move|p1a: Jirachi|U-turn|p2a: Gastrodon
|-damage|p2a: Gastrodon|95/100
|
|t:|1724787644
|switch|p1a: Kyurem|Kyurem-Black|100/100|[from] U-turn
|-ability|p1a: Kyurem|Teravolt
|move|p2a: Gastrodon|Scald|p1a: Kyurem
|-resisted|p1a: Kyurem
|-damage|p1a: Kyurem|88/100
|
|-heal|p2a: Gastrodon|100/100|[from] item: Leftovers
|upkeep
|turn|3
|
|t:|1724787663
|move|p1a: Kyurem|Substitute|p1a: Kyurem
|-start|p1a: Kyurem|Substitute
|-damage|p1a: Kyurem|63/100
|move|p2a: Gastrodon|Toxic||[still]
|-fail|p2a: Gastrodon
|
|upkeep
|turn|4
|
|t:|1724787671
|move|p1a: Kyurem|Dragon Claw|p2a: Gastrodon
|-damage|p2a: Gastrodon|56/100
|move|p2a: Gastrodon|Ice Beam|p1a: Kyurem
|-activate|p1a: Kyurem|Substitute|[damage]
|
|-heal|p2a: Gastrodon|62/100|[from] item: Leftovers
|upkeep
|turn|5
|
|t:|1724787676
|move|p1a: Kyurem|Dragon Claw|p2a: Gastrodon
|-damage|p2a: Gastrodon|24/100
|move|p2a: Gastrodon|Recover|p2a: Gastrodon
|-heal|p2a: Gastrodon|74/100
|
|-heal|p2a: Gastrodon|81/100|[from] item: Leftovers
|upkeep
|turn|6
|
|t:|1724787684
|move|p1a: Kyurem|Dragon Claw|p2a: Gastrodon
|-damage|p2a: Gastrodon|42/100
|move|p2a: Gastrodon|Ice Beam|p1a: Kyurem
|-end|p1a: Kyurem|Substitute
|
|-heal|p2a: Gastrodon|48/100|[from] item: Leftovers
|upkeep
|turn|7
|
|t:|1724787691
|move|p1a: Kyurem|Substitute|p1a: Kyurem
|-start|p1a: Kyurem|Substitute
|-damage|p1a: Kyurem|39/100
|move|p2a: Gastrodon|Recover|p2a: Gastrodon
|-heal|p2a: Gastrodon|98/100
|
|-heal|p2a: Gastrodon|100/100|[from] item: Leftovers
|upkeep
|turn|8
|
|t:|1724787697
|move|p1a: Kyurem|Dragon Claw|p2a: Gastrodon
|-damage|p2a: Gastrodon|57/100
|move|p2a: Gastrodon|Ice Beam|p1a: Kyurem
|-activate|p1a: Kyurem|Substitute|[damage]
|
|-heal|p2a: Gastrodon|63/100|[from] item: Leftovers
|upkeep
|turn|9
|
|t:|1724787702
|move|p1a: Kyurem|Outrage|p2a: Gastrodon
|-damage|p2a: Gastrodon|0 fnt
|faint|p2a: Gastrodon
|
|upkeep
|
|t:|1724787728
|switch|p2a: Gliscor|Gliscor, F|100/100
|-damage|p2a: Gliscor|88/100|[from] Stealth Rock
|turn|10
|
|t:|1724787737
|move|p1a: Kyurem|Outrage|p2a: Gliscor|[from]lockedmove
|-damage|p2a: Gliscor|34/100
|move|p2a: Gliscor|U-turn|p1a: Kyurem
|-end|p1a: Kyurem|Substitute
|
|t:|1724787745
|switch|p2a: Alakazam|Alakazam, F|100/100|[from] U-turn
|
|upkeep
|turn|11
|
|t:|1724787749
|move|p2a: Alakazam|Psychic|p1a: Kyurem
|-damage|p1a: Kyurem|0 fnt
|faint|p1a: Kyurem
|
|upkeep
|
|t:|1724787760
|switch|p1a: Jirachi|Jirachi|73/100 brn
|turn|12
|
|t:|1724787773
|switch|p2a: Gliscor|Gliscor, F|34/100
|-damage|p2a: Gliscor|22/100|[from] Stealth Rock
|move|p1a: Jirachi|Icy Wind|p2a: Gliscor
|-supereffective|p2a: Gliscor
|-crit|p2a: Gliscor
|-damage|p2a: Gliscor|0 fnt
|faint|p2a: Gliscor
|
|-damage|p1a: Jirachi|61/100 brn|[from] brn
|upkeep
|
|t:|1724787781
|switch|p2a: Tyranitar|Tyranitar, F|100/100
|-damage|p2a: Tyranitar|88/100|[from] Stealth Rock
|-weather|Sandstorm|[from] ability: Sand Stream|[of] p2a: Tyranitar
|turn|13
|
|t:|1724787791
|move|p1a: Jirachi|U-turn|p2a: Tyranitar
|-supereffective|p2a: Tyranitar
|-damage|p2a: Tyranitar|74/100
|-activate|p1a: Jirachi|move: Pursuit
|move|p2a: Tyranitar|Pursuit|p1a: Jirachi|[from]Pursuit
|-damage|p1a: Jirachi|25/100 brn
|
|t:|1724787801
|switch|p1a: Garchomp|Garchomp, M|100/100|[from] U-turn
|
|-weather|Sandstorm|[upkeep]
|upkeep
|turn|14
|
|t:|1724787811
|switch|p2a: Skarmory|Skarmory, M|100/100
|-damage|p2a: Skarmory|88/100|[from] Stealth Rock
|move|p1a: Garchomp|Earthquake|p2a: Skarmory
|-immune|p2a: Skarmory
|
|-weather|Sandstorm|[upkeep]
|upkeep
|turn|15
|
|t:|1724787818
|switch|p2a: Reuniclus|Reuniclus, M|100/100
|move|p1a: Garchomp|Earthquake|p2a: Reuniclus
|-damage|p2a: Reuniclus|62/100
|
|-weather|Sandstorm|[upkeep]
|-heal|p2a: Reuniclus|68/100|[from] item: Leftovers
|upkeep
|turn|16
|
|t:|1724787824
|move|p1a: Garchomp|Earthquake|p2a: Reuniclus
|-damage|p2a: Reuniclus|33/100
|move|p2a: Reuniclus|Recover|p2a: Reuniclus
|-heal|p2a: Reuniclus|83/100
|
|-weather|Sandstorm|[upkeep]
|-heal|p2a: Reuniclus|89/100|[from] item: Leftovers
|upkeep
|turn|17
|
|t:|1724787833
|switch|p1a: Jirachi|Jirachi|25/100 brn
|move|p2a: Reuniclus|Calm Mind|p2a: Reuniclus
|-boost|p2a: Reuniclus|spa|1
|-boost|p2a: Reuniclus|spd|1
|
|-weather|Sandstorm|[upkeep]
|-heal|p2a: Reuniclus|95/100|[from] item: Leftovers
|-damage|p1a: Jirachi|12/100 brn|[from] brn
|upkeep
|turn|18
|
|t:|1724787844
|move|p1a: Jirachi|U-turn|p2a: Reuniclus
|-supereffective|p2a: Reuniclus
|-damage|p2a: Reuniclus|84/100
|
|t:|1724787848
|switch|p1a: Garchomp|Garchomp, M|100/100|[from] U-turn
|move|p2a: Reuniclus|Psyshock|p1a: Garchomp
|-damage|p1a: Garchomp|51/100
|
|-weather|Sandstorm|[upkeep]
|-heal|p2a: Reuniclus|90/100|[from] item: Leftovers
|upkeep
|turn|19
|
|t:|1724787856
|move|p1a: Garchomp|Outrage|p2a: Reuniclus
|-damage|p2a: Reuniclus|46/100
|move|p2a: Reuniclus|Recover|p2a: Reuniclus
|-heal|p2a: Reuniclus|96/100
|
|-weather|Sandstorm|[upkeep]
|-heal|p2a: Reuniclus|100/100|[from] item: Leftovers
|upkeep
|turn|20
|
|t:|1724787865
|move|p1a: Garchomp|Outrage|p2a: Reuniclus|[from]lockedmove
|-damage|p2a: Reuniclus|55/100
|move|p2a: Reuniclus|Calm Mind|p2a: Reuniclus
|-boost|p2a: Reuniclus|spa|1
|-boost|p2a: Reuniclus|spd|1
|
|-weather|Sandstorm|[upkeep]
|-heal|p2a: Reuniclus|61/100|[from] item: Leftovers
|upkeep
|turn|21
|
|t:|1724787869
|move|p1a: Garchomp|Outrage|p2a: Reuniclus|[from]lockedmove
|-damage|p2a: Reuniclus|15/100
|-start|p1a: Garchomp|confusion|[fatigue]
|move|p2a: Reuniclus|Recover|p2a: Reuniclus
|-heal|p2a: Reuniclus|65/100
|
|-weather|Sandstorm|[upkeep]
|-heal|p2a: Reuniclus|71/100|[from] item: Leftovers
|upkeep
|turn|22
|
|t:|1724787876
|-activate|p1a: Garchomp|confusion
|move|p1a: Garchomp|Outrage|p2a: Reuniclus
|-damage|p2a: Reuniclus|27/100
|move|p2a: Reuniclus|Psyshock|p1a: Garchomp
|-damage|p1a: Garchomp|0 fnt
|faint|p1a: Garchomp
|
|-weather|Sandstorm|[upkeep]
|-heal|p2a: Reuniclus|33/100|[from] item: Leftovers
|upkeep
|
|t:|1724787884
|switch|p1a: Latios|Latios, M|100/100
|turn|23
|
|t:|1724787889
|switch|p2a: Skarmory|Skarmory, M|88/100
|-damage|p2a: Skarmory|76/100|[from] Stealth Rock
|move|p1a: Latios|Dragon Pulse|p2a: Skarmory
|-resisted|p2a: Skarmory
|-damage|p2a: Skarmory|43/100
|
|-weather|Sandstorm|[upkeep]
|-damage|p1a: Latios|95/100|[from] Sandstorm
|upkeep
|turn|24
|
|t:|1724787903
|switch|p1a: Jirachi|Jirachi|12/100 brn
|switch|p2a: Alakazam|Alakazam, F|100/100
|
|-weather|Sandstorm|[upkeep]
|-damage|p1a: Jirachi|0 fnt|[from] brn
|faint|p1a: Jirachi
|upkeep
|
|t:|1724787915
|switch|p1a: Magnezone|Magnezone|100/100
|-item|p1a: Magnezone|Air Balloon
|turn|25
|
|t:|1724787920
|move|p2a: Alakazam|Focus Blast|p1a: Magnezone
|-supereffective|p1a: Magnezone
|-damage|p1a: Magnezone|0 fnt
|-enditem|p1a: Magnezone|Air Balloon
|faint|p1a: Magnezone
|
|-weather|Sandstorm|[upkeep]
|upkeep
|
|t:|1724787925
|switch|p1a: Latios|Latios, M|95/100
|turn|26
|
|t:|1724787937
|switch|p2a: Skarmory|Skarmory, M|43/100
|-damage|p2a: Skarmory|30/100|[from] Stealth Rock
|move|p1a: Latios|Surf|p2a: Skarmory
|-damage|p2a: Skarmory|0 fnt
|faint|p2a: Skarmory
|
|-weather|Sandstorm|[upkeep]
|-damage|p1a: Latios|89/100|[from] Sandstorm
|upkeep
|
|t:|1724787949
|switch|p2a: Tyranitar|Tyranitar, F|74/100
|-damage|p2a: Tyranitar|62/100|[from] Stealth Rock
|turn|27
|
|t:|1724787953
|move|p1a: Latios|Surf|p2a: Tyranitar
|-supereffective|p2a: Tyranitar
|-damage|p2a: Tyranitar|15/100
|move|p2a: Tyranitar|Crunch|p1a: Latios
|-supereffective|p1a: Latios
|-damage|p1a: Latios|0 fnt
|faint|p1a: Latios
|
|-weather|Sandstorm|[upkeep]
|upkeep
|
|t:|1724787957
|switch|p1a: Latias|Latias, F|100/100
|turn|28
|
|t:|1724787968
|move|p1a: Latias|Ice Beam|p2a: Tyranitar
|-damage|p2a: Tyranitar|2/100
|move|p2a: Tyranitar|Crunch|p1a: Latias
|-supereffective|p1a: Latias
|-damage|p1a: Latias|13/100
|
|-weather|Sandstorm|[upkeep]
|-damage|p1a: Latias|7/100|[from] Sandstorm
|upkeep
|turn|29
|
|t:|1724787972
|move|p1a: Latias|Ice Beam|p2a: Tyranitar
|-damage|p2a: Tyranitar|0 fnt
|faint|p2a: Tyranitar
|
|-weather|Sandstorm|[upkeep]
|-damage|p1a: Latias|1/100|[from] Sandstorm
|upkeep
|c|☆cringlord!|gg
|
|t:|1724787975
|switch|p2a: Alakazam|Alakazam, F|100/100
|turn|30
|c|☆cringlord!|2 latis is crazy
|
|t:|1724787982
|move|p1a: Latias|Ice Beam|p2a: Alakazam
|-damage|p2a: Alakazam|60/100
|move|p2a: Alakazam|Psychic|p1a: Latias
|-resisted|p1a: Latias
|-damage|p1a: Latias|0 fnt
|faint|p1a: Latias
|
|win|cringlord!
|raw|AstroMigui's rating: 1362 &rarr; <strong>1346</strong><br />(-16 for losing)
|raw|cringlord!'s rating: 1434 &rarr; <strong>1450</strong><br />(+16 for winning)
