|j|☆Shjdagdjhsga
|j|☆phosphor
|t:|1723257925
|gametype|singles
|player|p1|Shjdagdjhsga|266|1342
|player|p2|phosphor|#phosphor|1432
|teamsize|p1|6
|teamsize|p2|6
|gen|5
|tier|[Gen 5] OU
|rated|
|rule|Species Clause: Limit one of each Pokémon
|rule|OHKO Clause: OHKO moves are banned
|rule|Moody Clause: Moody is banned
|rule|Evasion Items Clause: Evasion items are banned
|rule|Evasion Moves Clause: Evasion moves are banned
|rule|Endless Battle Clause: Forcing endless battles is banned
|rule|HP Percentage Mod: HP is shown in percentages
|rule|Evasion Abilities Clause: Evasion abilities are banned
|rule|Sleep Moves Clause: Sleep-inducing moves are banned
|rule|Swagger Clause: Swagger is banned
|rule|Baton Pass Stat Clause: No Baton Passer may have a way to boost its stats
|clearpoke
|poke|p1|Excadrill, M|item
|poke|p1|Landorus-Therian, M|item
|poke|p1|Garchomp, M|item
|poke|p1|Rotom-Wash|item
|poke|p1|Jirachi|item
|poke|p1|Ferrothorn, F|item
|poke|p2|Abomasnow, F|item
|poke|p2|Mandibuzz, F|item
|poke|p2|Blissey, F|item
|poke|p2|Forretress, M|item
|poke|p2|Gastrodon, F|item
|poke|p2|Kyurem|item
|teampreview
|inactive|Battle timer is ON: inactive players will automatically lose when time's up. (requested by Shjdagdjhsga)
|
|t:|1723257937
|start
|switch|p1a: Jirachi|Jirachi|100/100
|switch|p2a: Abomasnow|Abomasnow, F|100/100
|-weather|Hail|[from] ability: Snow Warning|[of] p2a: Abomasnow
|turn|1
|
|t:|1723257946
|switch|p2a: Gastrodon|Gastrodon, F|100/100
|move|p1a: Jirachi|Hidden Power|p2a: Gastrodon
|-resisted|p2a: Gastrodon
|-damage|p2a: Gastrodon|91/100
|
|-weather|Hail|[upkeep]
|-damage|p1a: Jirachi|94/100|[from] Hail
|-damage|p2a: Gastrodon|85/100|[from] Hail
|-heal|p1a: Jirachi|100/100|[from] item: Leftovers
|-heal|p2a: Gastrodon|91/100|[from] item: Leftovers
|upkeep
|turn|2
|
|t:|1723257951
|move|p1a: Jirachi|Grass Knot|p2a: Gastrodon
|-supereffective|p2a: Gastrodon
|-damage|p2a: Gastrodon|14/100
|move|p2a: Gastrodon|Earthquake|p1a: Jirachi
|-supereffective|p1a: Jirachi
|-damage|p1a: Jirachi|48/100
|
|-weather|Hail|[upkeep]
|-damage|p1a: Jirachi|42/100|[from] Hail
|-damage|p2a: Gastrodon|8/100|[from] Hail
|-heal|p1a: Jirachi|48/100|[from] item: Leftovers
|-heal|p2a: Gastrodon|14/100|[from] item: Leftovers
|upkeep
|turn|3
|
|t:|1723257964
|switch|p2a: Blissey|Blissey, F|100/100
|move|p1a: Jirachi|Grass Knot|p2a: Blissey
|-damage|p2a: Blissey|93/100
|
|-weather|Hail|[upkeep]
|-damage|p1a: Jirachi|42/100|[from] Hail
|-damage|p2a: Blissey|87/100|[from] Hail
|-heal|p1a: Jirachi|48/100|[from] item: Leftovers
|-heal|p2a: Blissey|93/100|[from] item: Leftovers
|upkeep
|turn|4
|
|t:|1723257972
|switch|p1a: Excadrill|Excadrill, M|100/100
|-ability|p1a: Excadrill|Mold Breaker
|move|p2a: Blissey|Stealth Rock|p1a: Excadrill
|-sidestart|p1: Shjdagdjhsga|move: Stealth Rock
|
|-weather|Hail|[upkeep]
|-damage|p1a: Excadrill|94/100|[from] Hail
|-damage|p2a: Blissey|87/100|[from] Hail
|-heal|p2a: Blissey|93/100|[from] item: Leftovers
|upkeep
|turn|5
|
|t:|1723257976
|move|p1a: Excadrill|Rapid Spin|p2a: Blissey
|-damage|p2a: Blissey|86/100
|-sideend|p1: Shjdagdjhsga|Stealth Rock|[from] move: Rapid Spin|[of] p1a: Excadrill
|move|p2a: Blissey|Seismic Toss|p1a: Excadrill
|-damage|p1a: Excadrill|67/100
|
|-weather|Hail|[upkeep]
|-damage|p1a: Excadrill|61/100|[from] Hail
|-damage|p2a: Blissey|80/100|[from] Hail
|-heal|p2a: Blissey|86/100|[from] item: Leftovers
|upkeep
|turn|6
|
|t:|1723257982
|switch|p1a: Ferrothorn|Ferrothorn, F|100/100
|switch|p2a: Forretress|Forretress, M|100/100
|
|-weather|Hail|[upkeep]
|-damage|p1a: Ferrothorn|95/100|[from] Hail
|upkeep
|turn|7
|
|t:|1723257986
|switch|p1a: Jirachi|Jirachi|48/100
|move|p2a: Forretress|Spikes|p1a: Jirachi
|-sidestart|p1: Shjdagdjhsga|Spikes
|
|-weather|Hail|[upkeep]
|-damage|p1a: Jirachi|42/100|[from] Hail
|-heal|p1a: Jirachi|48/100|[from] item: Leftovers
|upkeep
|turn|8
|
|t:|1723257994
|switch|p1a: Excadrill|Excadrill, M|61/100
|-damage|p1a: Excadrill|48/100|[from] Spikes
|-ability|p1a: Excadrill|Mold Breaker
|switch|p2a: Blissey|Blissey, F|86/100
|
|-weather|Hail|[upkeep]
|-damage|p1a: Excadrill|42/100|[from] Hail
|-damage|p2a: Blissey|80/100|[from] Hail
|-heal|p2a: Blissey|86/100|[from] item: Leftovers
|upkeep
|turn|9
|
|t:|1723257997
|move|p1a: Excadrill|Earthquake|p2a: Blissey
|-damage|p2a: Blissey|37/100
|move|p2a: Blissey|Seismic Toss|p1a: Excadrill
|-damage|p1a: Excadrill|14/100
|
|-weather|Hail|[upkeep]
|-damage|p1a: Excadrill|8/100|[from] Hail
|-damage|p2a: Blissey|31/100|[from] Hail
|-heal|p2a: Blissey|37/100|[from] item: Leftovers
|upkeep
|turn|10
|
|t:|1723258006
|switch|p2a: Forretress|Forretress, M|100/100
|move|p1a: Excadrill|Earthquake|p2a: Forretress
|-damage|p2a: Forretress|71/100
|
|-weather|Hail|[upkeep]
|-damage|p1a: Excadrill|2/100|[from] Hail
|-heal|p2a: Forretress|77/100|[from] item: Leftovers
|upkeep
|turn|11
|
|t:|1723258010
|move|p1a: Excadrill|Earthquake|p2a: Forretress
|-damage|p2a: Forretress|44/100
|move|p2a: Forretress|Spikes|p1a: Excadrill
|-sidestart|p1: Shjdagdjhsga|Spikes
|
|-weather|Hail|[upkeep]
|-damage|p1a: Excadrill|0 fnt|[from] Hail
|faint|p1a: Excadrill
|-heal|p2a: Forretress|50/100|[from] item: Leftovers
|upkeep
|
|t:|1723258022
|switch|p1a: Garchomp|Garchomp, M|100/100
|-damage|p1a: Garchomp|84/100|[from] Spikes
|turn|12
|inactive|phosphor has 120 seconds left.
|
|t:|1723258068
|switch|p2a: Abomasnow|Abomasnow, F|100/100
|move|p1a: Garchomp|Earthquake|p2a: Abomasnow
|-resisted|p2a: Abomasnow
|-damage|p2a: Abomasnow|65/100
|
|-weather|Hail|[upkeep]
|-damage|p1a: Garchomp|78/100|[from] Hail
|upkeep
|turn|13
|
|t:|1723258079
|switch|p1a: Rotom|Rotom-Wash|100/100
|move|p2a: Abomasnow|Ice Shard|p1a: Rotom
|-resisted|p1a: Rotom
|-damage|p1a: Rotom|92/100
|
|-weather|Hail|[upkeep]
|-damage|p1a: Rotom|86/100|[from] Hail
|-heal|p1a: Rotom|92/100|[from] item: Leftovers
|upkeep
|turn|14
|inactive|phosphor has 120 seconds left.
|
|t:|1723258091
|move|p2a: Abomasnow|Wood Hammer|p1a: Rotom
|-supereffective|p1a: Rotom
|-damage|p1a: Rotom|0 fnt
|faint|p1a: Rotom
|-damage|p2a: Abomasnow|36/100|[from] Recoil
|
|-weather|Hail|[upkeep]
|upkeep
|
|t:|1723258102
|switch|p1a: Jirachi|Jirachi|48/100
|-damage|p1a: Jirachi|32/100|[from] Spikes
|turn|15
|inactive|phosphor has 120 seconds left.
|
|t:|1723258114
|switch|p2a: Gastrodon|Gastrodon, F|14/100
|move|p1a: Jirachi|Psychic|p2a: Gastrodon
|-damage|p2a: Gastrodon|0 fnt
|faint|p2a: Gastrodon
|
|-weather|Hail|[upkeep]
|-damage|p1a: Jirachi|25/100|[from] Hail
|-heal|p1a: Jirachi|32/100|[from] item: Leftovers
|upkeep
|
|t:|1723258116
|switch|p2a: Blissey|Blissey, F|37/100
|turn|16
|
|t:|1723258118
|switch|p1a: Landorus|Landorus-Therian, M|100/100
|-ability|p1a: Landorus|Intimidate|boost
|-unboost|p2a: Blissey|atk|1
|move|p2a: Blissey|Soft-Boiled|p2a: Blissey
|-heal|p2a: Blissey|87/100
|
|-weather|Hail|[upkeep]
|-damage|p1a: Landorus|95/100|[from] Hail
|-damage|p2a: Blissey|81/100|[from] Hail
|-heal|p2a: Blissey|87/100|[from] item: Leftovers
|upkeep
|turn|17
|
|t:|1723258126
|switch|p2a: Kyurem|Kyurem|100/100
|-ability|p2a: Kyurem|Pressure
|move|p1a: Landorus|Earthquake|p2a: Kyurem
|-damage|p2a: Kyurem|50/100
|
|-weather|Hail|[upkeep]
|-damage|p1a: Landorus|89/100|[from] Hail
|upkeep
|turn|18
|
|t:|1723258136
|switch|p1a: Ferrothorn|Ferrothorn, F|95/100
|-damage|p1a: Ferrothorn|78/100|[from] Spikes
|move|p2a: Kyurem|Blizzard|p1a: Ferrothorn
|-damage|p1a: Ferrothorn|20/100
|
|-weather|Hail|[upkeep]
|-damage|p1a: Ferrothorn|14/100|[from] Hail
|upkeep
|turn|19
|
|t:|1723258139
|move|p2a: Kyurem|Blizzard|p1a: Ferrothorn
|-damage|p1a: Ferrothorn|0 fnt
|faint|p1a: Ferrothorn
|
|-weather|Hail|[upkeep]
|upkeep
|
|t:|1723258149
|switch|p1a: Garchomp|Garchomp, M|78/100
|-damage|p1a: Garchomp|61/100|[from] Spikes
|turn|20
|
|t:|1723258169
|switch|p2a: Forretress|Forretress, M|50/100
|move|p1a: Garchomp|Outrage|p2a: Forretress
|-resisted|p2a: Forretress
|-crit|p2a: Forretress
|-damage|p2a: Forretress|10/100
|
|-weather|Hail|[upkeep]
|-damage|p1a: Garchomp|55/100|[from] Hail
|-heal|p2a: Forretress|16/100|[from] item: Leftovers
|upkeep
|turn|21
|
|t:|1723258174
|move|p1a: Garchomp|Outrage|p2a: Forretress|[from]lockedmove
|-resisted|p2a: Forretress
|-damage|p2a: Forretress|0 fnt
|faint|p2a: Forretress
|
|-weather|Hail|[upkeep]
|-damage|p1a: Garchomp|49/100|[from] Hail
|upkeep
|
|t:|1723258177
|switch|p2a: Abomasnow|Abomasnow, F|36/100
|turn|22
|
|t:|1723258178
|move|p2a: Abomasnow|Ice Shard|p1a: Garchomp
|-supereffective|p1a: Garchomp
|-damage|p1a: Garchomp|0 fnt
|faint|p1a: Garchomp
|
|-weather|Hail|[upkeep]
|upkeep
|
|t:|1723258181
|switch|p1a: Jirachi|Jirachi|32/100
|-damage|p1a: Jirachi|15/100|[from] Spikes
|turn|23
|
|t:|1723258187
|switch|p2a: Mandibuzz|Mandibuzz, F|100/100
|move|p1a: Jirachi|Psychic|p2a: Mandibuzz
|-immune|p2a: Mandibuzz
|
|-weather|Hail|[upkeep]
|-damage|p1a: Jirachi|9/100|[from] Hail
|-heal|p1a: Jirachi|15/100|[from] item: Leftovers
|upkeep
|turn|24
|
|t:|1723258194
|switch|p1a: Landorus|Landorus-Therian, M|89/100
|-ability|p1a: Landorus|Intimidate|boost
|-unboost|p2a: Mandibuzz|atk|1
|move|p2a: Mandibuzz|Heat Wave|p1a: Landorus
|-damage|p1a: Landorus|70/100
|
|-weather|Hail|[upkeep]
|-damage|p1a: Landorus|64/100|[from] Hail
|upkeep
|turn|25
|
|t:|1723258206
|move|p1a: Landorus|Stone Edge|p2a: Mandibuzz|[miss]
|-miss|p1a: Landorus|p2a: Mandibuzz
|move|p2a: Mandibuzz|Snarl|p1a: Landorus
|-damage|p1a: Landorus|47/100
|-unboost|p1a: Landorus|spa|1
|
|-weather|Hail|[upkeep]
|-damage|p1a: Landorus|41/100|[from] Hail
|upkeep
|turn|26
|
|t:|1723258208
|move|p1a: Landorus|Stone Edge|p2a: Mandibuzz
|-supereffective|p2a: Mandibuzz
|-damage|p2a: Mandibuzz|49/100
|move|p2a: Mandibuzz|Roost|p2a: Mandibuzz
|-heal|p2a: Mandibuzz|99/100
|-singleturn|p2a: Mandibuzz|move: Roost
|
|-weather|Hail|[upkeep]
|-damage|p1a: Landorus|35/100|[from] Hail
|-heal|p2a: Mandibuzz|100/100|[from] item: Leftovers
|upkeep
|turn|27
|
|t:|1723258212
|move|p1a: Landorus|Stone Edge|p2a: Mandibuzz
|-supereffective|p2a: Mandibuzz
|-damage|p2a: Mandibuzz|46/100
|move|p2a: Mandibuzz|Snarl|p1a: Landorus|[miss]
|-miss|p2a: Mandibuzz|p1a: Landorus
|
|-weather|Hail|[upkeep]
|-damage|p1a: Landorus|29/100|[from] Hail
|-heal|p2a: Mandibuzz|52/100|[from] item: Leftovers
|upkeep
|turn|28
|
|t:|1723258215
|switch|p1a: Jirachi|Jirachi|15/100
|-damage|p1a: Jirachi|0 fnt|[from] Spikes
|faint|p1a: Jirachi
|move|p2a: Mandibuzz|Roost|p2a: Mandibuzz
|-heal|p2a: Mandibuzz|100/100
|-singleturn|p2a: Mandibuzz|move: Roost
|
|-weather|Hail|[upkeep]
|upkeep
|
|t:|1723258216
|switch|p1a: Landorus|Landorus-Therian, M|29/100
|-ability|p1a: Landorus|Intimidate|boost
|-unboost|p2a: Mandibuzz|atk|1
|turn|29
|
|t:|1723258222
|move|p1a: Landorus|Explosion|p2a: Mandibuzz
|-crit|p2a: Mandibuzz
|-damage|p2a: Mandibuzz|0 fnt
|faint|p1a: Landorus
|faint|p2a: Mandibuzz
|
|win|phosphor
|raw|Shjdagdjhsga's rating: 1342 &rarr; <strong>1327</strong><br />(-15 for losing)
|raw|phosphor's rating: 1432 &rarr; <strong>1447</strong><br />(+15 for winning)
|c|☆phosphor|Gg
|c|☆Shjdagdjhsga|Gg
|l|☆Shjdagdjhsga
|player|p1|
