|j|☆Giovanna G
|j|☆yoloboy9000
|player|p1|Giovanna G|265|1521
|player|p2|yoloboy9000|2|1480
|teamsize|p1|6
|teamsize|p2|6
|gametype|singles
|gen|5
|tier|[Gen 5] OU
|rated|
|clearpoke
|poke|p1|Skarmory, F|item
|poke|p1|Volcarona, F|item
|poke|p1|Breloom, F|item
|poke|p1|Gyarados, F|item
|poke|p1|Scizor, M|item
|poke|p1|Thundurus-Therian, M|item
|poke|p2|Tyranitar, M|item
|poke|p2|Magnezone|item
|poke|p2|Terrakion|item
|poke|p2|Latios, M|item
|poke|p2|Scizor, M|item
|poke|p2|Landorus-Therian, M|item
|rule|Species Clause: Limit one of each Pokémon
|rule|OHKO Clause: OHKO moves are banned
|rule|Moody Clause: Moody is banned
|rule|Evasion Moves Clause: Evasion moves are banned
|rule|Endless Battle Clause: Forcing endless battles is banned
|rule|HP Percentage Mod: HP is shown in percentages
|rule|Evasion Abilities Clause: Evasion abilities are banned
|rule|Baton Pass Clause: Limit one Baton Passer, can't pass Spe and other stats simultaneously
|rule|Sleep Clause: Sleep-inducing moves are banned
|rule|Swagger Clause: Swagger is banned
|teampreview
|
|start
|switch|p1a: Skarmory|Skarmory, F|100/100
|switch|p2a: Pat Riely|Tyranitar, M|100/100
|-weather|Sandstorm|[from] ability: Sand Stream|[of] p2a: Pat Riely
|turn|1
|
|move|p1a: Skarmory|Stealth Rock|p2a: Pat Riely
|-sidestart|p2: yoloboy9000|move: Stealth Rock
|move|p2a: Pat Riely|Stealth Rock|p1a: Skarmory
|-sidestart|p1: Giovanna G|move: Stealth Rock
|
|-weather|Sandstorm|[upkeep]
|upkeep
|turn|2
|
|switch|p2a: Ray Allen|Magnezone|100/100
|-damage|p2a: Ray Allen|94/100|[from] Stealth Rock
|move|p1a: Skarmory|Spikes|p2a: Ray Allen
|-sidestart|p2: yoloboy9000|Spikes
|
|-weather|Sandstorm|[upkeep]
|-heal|p2a: Ray Allen|100/100|[from] item: Leftovers
|upkeep
|turn|3
|
|move|p1a: Skarmory|Taunt|p2a: Ray Allen
|-start|p2a: Ray Allen|move: Taunt
|move|p2a: Ray Allen|Charge Beam|p1a: Skarmory|[miss]
|-miss|p2a: Ray Allen|p1a: Skarmory
|
|-weather|Sandstorm|[upkeep]
|upkeep
|turn|4
|
|move|p1a: Skarmory|Spikes|p2a: Ray Allen
|-sidestart|p2: yoloboy9000|Spikes
|move|p2a: Ray Allen|Charge Beam|p1a: Skarmory
|-supereffective|p1a: Skarmory
|-damage|p1a: Skarmory|33/100
|-boost|p2a: Ray Allen|spa|1
|
|-weather|Sandstorm|[upkeep]
|upkeep
|turn|5
|
|move|p1a: Skarmory|Brave Bird|p2a: Ray Allen
|-resisted|p2a: Ray Allen
|-damage|p2a: Ray Allen|92/100
|-damage|p1a: Skarmory|31/100|[from] Recoil
|move|p2a: Ray Allen|Charge Beam|p1a: Skarmory
|-supereffective|p1a: Skarmory
|-damage|p1a: Skarmory|0 fnt
|faint|p1a: Skarmory
|
|-weather|Sandstorm|[upkeep]
|-heal|p2a: Ray Allen|98/100|[from] item: Leftovers
|-end|p2a: Ray Allen|move: Taunt
|upkeep
|
|switch|p1a: Volcarona|Volcarona, F|100/100
|-damage|p1a: Volcarona|50/100|[from] Stealth Rock
|-enditem|p1a: Volcarona|Sitrus Berry|[eat]
|-heal|p1a: Volcarona|75/100|[from] item: Sitrus Berry
|turn|6
|
|switch|p2a: Pat Riely|Tyranitar, M|100/100
|-damage|p2a: Pat Riely|88/100|[from] Stealth Rock
|-damage|p2a: Pat Riely|71/100|[from] Spikes
|move|p1a: Volcarona|Quiver Dance|p1a: Volcarona
|-boost|p1a: Volcarona|spa|1
|-boost|p1a: Volcarona|spd|1
|-boost|p1a: Volcarona|spe|1
|
|-weather|Sandstorm|[upkeep]
|-damage|p1a: Volcarona|69/100|[from] Sandstorm
|-heal|p2a: Pat Riely|78/100|[from] item: Leftovers
|upkeep
|turn|7
|
|move|p1a: Volcarona|Giga Drain|p2a: Pat Riely
|-supereffective|p2a: Pat Riely
|-damage|p2a: Pat Riely|39/100
|-heal|p1a: Volcarona|92/100|[from] drain|[of] p2a: Pat Riely
|move|p2a: Pat Riely|Roar|p1a: Volcarona
|drag|p1a: Breloom|Breloom, F, shiny|100/100
|-damage|p1a: Breloom|94/100|[from] Stealth Rock
|
|-weather|Sandstorm|[upkeep]
|-damage|p1a: Breloom|88/100|[from] Sandstorm
|-heal|p2a: Pat Riely|45/100|[from] item: Leftovers
|upkeep
|turn|8
|
|move|p1a: Breloom|Low Sweep|p2a: Pat Riely
|-supereffective|p2a: Pat Riely
|-damage|p2a: Pat Riely|0 fnt
|faint|p2a: Pat Riely
|
|-weather|Sandstorm|[upkeep]
|-damage|p1a: Breloom|82/100|[from] Sandstorm
|upkeep
|
|switch|p2a: Bron Bron|Landorus-Therian, M|100/100
|-damage|p2a: Bron Bron|88/100|[from] Stealth Rock
|-ability|p2a: Bron Bron|Intimidate|boost
|-unboost|p1a: Breloom|atk|1
|turn|9
|
|switch|p1a: Volcarona|Volcarona, F|92/100
|-damage|p1a: Volcarona|42/100|[from] Stealth Rock
|move|p2a: Bron Bron|U-turn|p1a: Volcarona
|-resisted|p1a: Volcarona
|-damage|p1a: Volcarona|21/100
|
|switch|p2a: Bosh|Latios, M, shiny|100/100|[from]move: U-turn
|-damage|p2a: Bosh|88/100|[from] Stealth Rock
|
|-weather|Sandstorm|[upkeep]
|-damage|p2a: Bosh|82/100|[from] Sandstorm
|-damage|p1a: Volcarona|15/100|[from] Sandstorm
|upkeep
|turn|10
|
|move|p2a: Bosh|Surf|p1a: Volcarona
|-supereffective|p1a: Volcarona
|-damage|p1a: Volcarona|0 fnt
|faint|p1a: Volcarona
|
|-weather|Sandstorm|[upkeep]
|-damage|p2a: Bosh|76/100|[from] Sandstorm
|upkeep
|
|switch|p1a: Gyarados|Gyarados, F, shiny|100/100
|-damage|p1a: Gyarados|76/100|[from] Stealth Rock
|-ability|p1a: Gyarados|Intimidate|boost
|-unboost|p2a: Bosh|atk|1
|turn|11
|
|move|p2a: Bosh|Psyshock|p1a: Gyarados
|-damage|p1a: Gyarados|26/100
|move|p1a: Gyarados|Dragon Dance|p1a: Gyarados
|-boost|p1a: Gyarados|atk|1
|-boost|p1a: Gyarados|spe|1
|
|-weather|Sandstorm|[upkeep]
|-damage|p1a: Gyarados|20/100|[from] Sandstorm
|-damage|p2a: Bosh|70/100|[from] Sandstorm
|upkeep
|turn|12
|
|switch|p2a: Miller|Scizor, M, shiny|100/100
|-damage|p2a: Miller|84/100|[from] Spikes
|-damage|p2a: Miller|72/100|[from] Stealth Rock
|move|p1a: Gyarados|Waterfall|p2a: Miller
|-damage|p2a: Miller|7/100
|
|-weather|Sandstorm|[upkeep]
|-damage|p1a: Gyarados|14/100|[from] Sandstorm
|upkeep
|turn|13
|
|move|p2a: Miller|Bullet Punch|p1a: Gyarados
|-resisted|p1a: Gyarados
|-damage|p1a: Gyarados|0 fnt
|faint|p1a: Gyarados
|
|-weather|Sandstorm|[upkeep]
|upkeep
|
|switch|p1a: Breloom|Breloom, F, shiny|82/100
|-damage|p1a: Breloom|76/100|[from] Stealth Rock
|turn|14
|
|move|p1a: Breloom|Mach Punch|p2a: Miller
|-damage|p2a: Miller|0 fnt
|faint|p2a: Miller
|
|-weather|Sandstorm|[upkeep]
|-damage|p1a: Breloom|70/100|[from] Sandstorm
|upkeep
|
|switch|p2a: Bron Bron|Landorus-Therian, M|88/100
|-damage|p2a: Bron Bron|76/100|[from] Stealth Rock
|-ability|p2a: Bron Bron|Intimidate|boost
|-unboost|p1a: Breloom|atk|1
|turn|15
|
|switch|p1a: Scizor|Scizor, M|100/100
|-damage|p1a: Scizor|88/100|[from] Stealth Rock
|move|p2a: Bron Bron|Hidden Power|p1a: Scizor
|-resisted|p1a: Scizor
|-damage|p1a: Scizor|79/100
|
|-weather|Sandstorm|[upkeep]
|-heal|p1a: Scizor|85/100|[from] item: Leftovers
|upkeep
|turn|16
|
|move|p2a: Bron Bron|Earthquake|p1a: Scizor
|-damage|p1a: Scizor|28/100
|move|p1a: Scizor|Superpower|p2a: Bron Bron
|-resisted|p2a: Bron Bron
|-damage|p2a: Bron Bron|52/100
|-unboost|p1a: Scizor|atk|1
|-unboost|p1a: Scizor|def|1
|
|-weather|Sandstorm|[upkeep]
|-heal|p1a: Scizor|34/100|[from] item: Leftovers
|upkeep
|turn|17
|
|move|p1a: Scizor|Bullet Punch|p2a: Bron Bron
|-damage|p2a: Bron Bron|29/100
|move|p2a: Bron Bron|U-turn|p1a: Scizor
|-resisted|p1a: Scizor
|-damage|p1a: Scizor|12/100
|
|switch|p2a: Ray Allen|Magnezone|98/100|[from]move: U-turn
|-damage|p2a: Ray Allen|81/100|[from] Spikes
|-damage|p2a: Ray Allen|75/100|[from] Stealth Rock
|
|-weather|Sandstorm|[upkeep]
|-heal|p2a: Ray Allen|81/100|[from] item: Leftovers
|-heal|p1a: Scizor|18/100|[from] item: Leftovers
|upkeep
|turn|18
|
|move|p2a: Ray Allen|Charge Beam|p1a: Scizor
|-damage|p1a: Scizor|0 fnt
|faint|p1a: Scizor
|
|-weather|Sandstorm|[upkeep]
|-heal|p2a: Ray Allen|87/100|[from] item: Leftovers
|upkeep
|
|switch|p1a: Thundurus|Thundurus-Therian, M|100/100
|-damage|p1a: Thundurus|75/100|[from] Stealth Rock
|turn|19
|
|move|p1a: Thundurus|Agility|p1a: Thundurus
|-boost|p1a: Thundurus|spe|2
|move|p2a: Ray Allen|Hidden Power|p1a: Thundurus
|-damage|p1a: Thundurus|42/100
|
|-weather|Sandstorm|[upkeep]
|-damage|p1a: Thundurus|36/100|[from] Sandstorm
|-heal|p1a: Thundurus|42/100|[from] item: Leftovers
|-heal|p2a: Ray Allen|93/100|[from] item: Leftovers
|upkeep
|turn|20
|
|move|p1a: Thundurus|Thunderbolt|p2a: Ray Allen
|-resisted|p2a: Ray Allen
|-damage|p2a: Ray Allen|55/100
|move|p2a: Ray Allen|Hidden Power|p1a: Thundurus
|-damage|p1a: Thundurus|8/100
|
|-weather|Sandstorm|[upkeep]
|-damage|p1a: Thundurus|1/100|[from] Sandstorm
|-heal|p1a: Thundurus|8/100|[from] item: Leftovers
|-heal|p2a: Ray Allen|61/100|[from] item: Leftovers
|upkeep
|turn|21
|
|move|p1a: Thundurus|Thunderbolt|p2a: Ray Allen
|-resisted|p2a: Ray Allen
|-damage|p2a: Ray Allen|22/100
|move|p2a: Ray Allen|Hidden Power|p1a: Thundurus
|-damage|p1a: Thundurus|0 fnt
|faint|p1a: Thundurus
|
|-weather|Sandstorm|[upkeep]
|-heal|p2a: Ray Allen|28/100|[from] item: Leftovers
|upkeep
|
|switch|p1a: Breloom|Breloom, F, shiny|70/100
|-damage|p1a: Breloom|64/100|[from] Stealth Rock
|turn|22
|
|move|p1a: Breloom|Mach Punch|p2a: Ray Allen
|-supereffective|p2a: Ray Allen
|-damage|p2a: Ray Allen|0 fnt
|faint|p2a: Ray Allen
|
|-weather|Sandstorm|[upkeep]
|-damage|p1a: Breloom|58/100|[from] Sandstorm
|upkeep
|
|switch|p2a: Bron Bron|Landorus-Therian, M|29/100
|-damage|p2a: Bron Bron|17/100|[from] Stealth Rock
|-ability|p2a: Bron Bron|Intimidate|boost
|-unboost|p1a: Breloom|atk|1
|turn|23
|
|move|p1a: Breloom|Swords Dance|p1a: Breloom
|-boost|p1a: Breloom|atk|2
|move|p2a: Bron Bron|Hidden Power|p1a: Breloom
|-supereffective|p1a: Breloom
|-damage|p1a: Breloom|0 fnt
|faint|p1a: Breloom
|
|win|yoloboy9000
|l|☆Giovanna G
|raw|Giovanna G's rating: 1521 &rarr; <strong>1499</strong><br />(-22 for losing)
|raw|yoloboy9000's rating: 1480 &rarr; <strong>1503</strong><br />(+23 for winning)
