|j|☆Salutethewolf
|j|☆gambitoka
|t:|1745913162
|gametype|singles
|player|p1|Salutethewolf|hugh|1416
|player|p2|gambitoka|cowgirl|1478
|teamsize|p1|6
|teamsize|p2|6
|gen|5
|tier|[Gen 5] OU
|rated|
|rule|Species Clause: Limit one of each Pokémon
|rule|OHKO Clause: OHKO moves are banned
|rule|Moody Clause: Moody is banned
|rule|Evasion Items Clause: Evasion items are banned
|rule|Evasion Moves Clause: Evasion moves are banned
|rule|Endless Battle Clause: Forcing endless battles is banned
|rule|HP Percentage Mod: HP is shown in percentages
|rule|Evasion Abilities Clause: Evasion abilities are banned
|rule|Sleep Moves Clause: Sleep-inducing moves are banned
|rule|Swagger Clause: Swagger is banned
|rule|Baton Pass Stat Clause: No Baton Passer may have a way to boost its stats
|clearpoke
|poke|p1|Bronzong|item
|poke|p1|Crawdaunt, F|item
|poke|p1|Reuniclus, F|item
|poke|p1|Conkeldurr, F|item
|poke|p1|Garchomp, F|item
|poke|p1|Nidoqueen, F|item
|poke|p2|Dragonite, M|item
|poke|p2|Azelf|item
|poke|p2|Starmie|item
|poke|p2|Scizor, M|item
|poke|p2|Gengar, F|item
|poke|p2|Garchomp, F|item
|teampreview
|inactive|Battle timer is ON: inactive players will automatically lose when time's up. (requested by Salutethewolf)
|
|t:|1745913178
|start
|switch|p1a: Garchomp|Garchomp, F, shiny|100/100
|switch|p2a: Azelf|Azelf|100/100
|turn|1
|
|t:|1745913185
|move|p2a: Azelf|Taunt|p1a: Garchomp
|-start|p1a: Garchomp|move: Taunt
|move|p1a: Garchomp|Dragon Claw|p2a: Azelf
|-enditem|p2a: Azelf|Focus Sash
|-damage|p2a: Azelf|1/100
|
|upkeep
|turn|2
|
|t:|1745913193
|move|p2a: Azelf|Stealth Rock|p1a: Garchomp
|-sidestart|p1: Salutethewolf|move: Stealth Rock
|move|p1a: Garchomp|Dragon Claw|p2a: Azelf
|-damage|p2a: Azelf|0 fnt
|faint|p2a: Azelf
|
|upkeep
|inactive|gambitoka has 120 seconds left.
|
|t:|1745913228
|switch|p2a: Scizor|Scizor, M|100/100
|turn|3
|
|t:|1745913237
|switch|p1a: Bronzong|Bronzong, shiny|100/100
|-damage|p1a: Bronzong|94/100|[from] Stealth Rock
|switch|p2a: Starmie|Starmie|100/100
|-item|p2a: Starmie|Air Balloon
|
|upkeep
|turn|4
|
|t:|1745913246
|switch|p2a: Garchomp|Garchomp, F|100/100
|move|p1a: Bronzong|Stealth Rock|p2a: Garchomp
|-sidestart|p2: gambitoka|move: Stealth Rock
|
|upkeep
|turn|5
|
|t:|1745913252
|move|p2a: Garchomp|Swords Dance|p2a: Garchomp
|-boost|p2a: Garchomp|atk|2
|move|p1a: Bronzong|Trick Room|p1a: Bronzong
|-fieldstart|move: Trick Room|[of] p1a: Bronzong
|
|upkeep
|turn|6
|
|t:|1745913257
|switch|p2a: Gengar|Gengar, F|100/100
|-damage|p2a: Gengar|88/100|[from] Stealth Rock
|move|p1a: Bronzong|Gyro Ball|p2a: Gengar
|-crit|p2a: Gengar
|-damage|p2a: Gengar|0 fnt
|faint|p2a: Gengar
|
|upkeep
|
|t:|1745913264
|switch|p2a: Scizor|Scizor, M|100/100
|-damage|p2a: Scizor|88/100|[from] Stealth Rock
|turn|7
|
|t:|1745913270
|switch|p1a: Nidoqueen|Nidoqueen, F, shiny|100/100
|-damage|p1a: Nidoqueen|94/100|[from] Stealth Rock
|move|p2a: Scizor|U-turn|p1a: Nidoqueen
|-resisted|p1a: Nidoqueen
|-damage|p1a: Nidoqueen|63/100
|
|t:|1745913278
|switch|p2a: Starmie|Starmie|100/100|[from] U-turn
|-damage|p2a: Starmie|88/100|[from] Stealth Rock
|-item|p2a: Starmie|Air Balloon
|
|upkeep
|turn|8
|
|t:|1745913284
|move|p1a: Nidoqueen|Sludge Wave|p2a: Starmie
|-damage|p2a: Starmie|0 fnt
|-enditem|p2a: Starmie|Air Balloon
|faint|p2a: Starmie
|
|upkeep
|
|t:|1745913288
|switch|p2a: Scizor|Scizor, M|88/100
|-damage|p2a: Scizor|76/100|[from] Stealth Rock
|turn|9
|
|t:|1745913297
|move|p1a: Nidoqueen|Earth Power|p2a: Scizor
|-damage|p2a: Scizor|6/100
|move|p2a: Scizor|U-turn|p1a: Nidoqueen
|-resisted|p1a: Nidoqueen
|-damage|p1a: Nidoqueen|34/100
|
|t:|1745913302
|switch|p2a: Garchomp|Garchomp, F|100/100|[from] U-turn
|-damage|p2a: Garchomp|94/100|[from] Stealth Rock
|
|-fieldend|move: Trick Room
|upkeep
|turn|10
|
|t:|1745913311
|switch|p1a: Bronzong|Bronzong, shiny|94/100
|-damage|p1a: Bronzong|88/100|[from] Stealth Rock
|move|p2a: Garchomp|Earthquake|p1a: Bronzong
|-immune|p1a: Bronzong|[from] ability: Levitate
|
|upkeep
|turn|11
|
|t:|1745913319
|move|p2a: Garchomp|Fire Fang|p1a: Bronzong|[miss]
|-miss|p2a: Garchomp|p1a: Bronzong
|move|p1a: Bronzong|Trick Room|p1a: Bronzong
|-fieldstart|move: Trick Room|[of] p1a: Bronzong
|
|upkeep
|turn|12
|-message|gambitoka forfeited.
|
|win|Salutethewolf
|raw|Salutethewolf's rating: 1416 &rarr; <strong>1440</strong><br />(+24 for winning)
|raw|gambitoka's rating: 1478 &rarr; <strong>1454</strong><br />(-24 for losing)
|l|☆gambitoka
|player|p2|
|l|☆Salutethewolf
|player|p1|
|j|☆Salutethewolf
|player|p1|Salutethewolf|hugh|
