|j|☆VPCP☼
|j|☆Vanteline
|player|p1|VPCP☼|167
|player|p2|Vanteline|130
|teamsize|p1|6
|teamsize|p2|6
|gametype|singles
|gen|5
|tier|[Gen 5] OU
|rated|
|rule|Sleep Clause Mod: Limit one foe put to sleep
|rule|Species Clause: Limit one of each Pokémon
|rule|OHKO Clause: OHKO moves are banned
|rule|Moody Clause: Moody is banned
|rule|Evasion Moves Clause: Evasion moves are banned
|rule|Endless Battle Clause: Forcing endless battles is banned
|rule|HP Percentage Mod: HP is shown in percentages
|rule|Evasion Abilities Clause: Evasion abilities are banned
|rule|Baton Pass Clause: Limit one Baton Passer, can't pass Spe and other stats simultaneously
|rule|Swagger Clause: Swagger is banned
|clearpoke
|poke|p1|Politoed, F|item
|poke|p1|Starmie|item
|poke|p1|Breloom, F|item
|poke|p1|Tornadus, M|item
|poke|p1|Jirachi|item
|poke|p1|Ferrothorn, F|item
|poke|p2|Ferrothorn, M|item
|poke|p2|Gyarados, M|item
|poke|p2|Thundurus-Therian, M|item
|poke|p2|Heatran, F|item
|poke|p2|Latios, M|item
|poke|p2|Conkeldurr, F|item
|teampreview
|
|start
|switch|p1a: Starmie|Starmie|100/100
|switch|p2a: Ferrothorn|Ferrothorn, M|100/100
|turn|1
|
|switch|p1a: Breloom|Breloom, F|100/100
|move|p2a: Ferrothorn|Stealth Rock|p1a: Breloom
|-sidestart|p1: VPCP☼|move: Stealth Rock
|
|upkeep
|turn|2
|
|switch|p2a: Gyarados|Gyarados, M|100/100
|-ability|p2a: Gyarados|Intimidate|boost
|-unboost|p1a: Breloom|atk|1
|move|p1a: Breloom|Low Sweep|p2a: Gyarados
|-resisted|p2a: Gyarados
|-damage|p2a: Gyarados|77/100
|-damage|p1a: Breloom|84/100|[from] item: Rocky Helmet|[of] p2a: Gyarados
|-unboost|p2a: Gyarados|spe|1
|-damage|p1a: Breloom|74/100|[from] item: Life Orb
|
|upkeep
|turn|3
|
|move|p1a: Breloom|Spore|p2a: Gyarados
|-status|p2a: Gyarados|slp|[from] move: Spore
|cant|p2a: Gyarados|slp
|
|upkeep
|turn|4
|
|switch|p1a: Ferrothorn|Ferrothorn, F|100/100
|-damage|p1a: Ferrothorn|94/100|[from] Stealth Rock
|switch|p2a: Thundurus|Thundurus-Therian, M|100/100
|
|-heal|p1a: Ferrothorn|100/100|[from] item: Leftovers
|upkeep
|turn|5
|
|move|p2a: Thundurus|Volt Switch|p1a: Ferrothorn
|-resisted|p1a: Ferrothorn
|-damage|p1a: Ferrothorn|76/100
|
|switch|p2a: Ferrothorn|Ferrothorn, M|100/100|[from]move: Volt Switch
|move|p1a: Ferrothorn|Stealth Rock|p2a: Ferrothorn
|-sidestart|p2: Vanteline|move: Stealth Rock
|
|-heal|p1a: Ferrothorn|82/100|[from] item: Leftovers
|upkeep
|turn|6
|
|switch|p1a: Tornadus|Tornadus, M|100/100
|-damage|p1a: Tornadus|76/100|[from] Stealth Rock
|move|p2a: Ferrothorn|Spikes|p1a: Tornadus
|-sidestart|p1: VPCP☼|Spikes
|
|upkeep
|turn|7
|
|switch|p2a: Thundurus|Thundurus-Therian, M|100/100
|-damage|p2a: Thundurus|76/100|[from] Stealth Rock
|move|p1a: Tornadus|Superpower|p2a: Thundurus
|-resisted|p2a: Thundurus
|-damage|p2a: Thundurus|47/100
|-unboost|p1a: Tornadus|atk|1
|-unboost|p1a: Tornadus|def|1
|-damage|p1a: Tornadus|66/100|[from] item: Life Orb
|
|upkeep
|turn|8
|
|switch|p1a: Ferrothorn|Ferrothorn, F|82/100
|-damage|p1a: Ferrothorn|70/100|[from] Spikes
|-damage|p1a: Ferrothorn|64/100|[from] Stealth Rock
|move|p2a: Thundurus|Thunderbolt|p1a: Ferrothorn
|-resisted|p1a: Ferrothorn
|-damage|p1a: Ferrothorn|31/100
|
|-heal|p1a: Ferrothorn|37/100|[from] item: Leftovers
|upkeep
|turn|9
|
|switch|p2a: Ferrothorn|Ferrothorn, M|100/100
|-damage|p2a: Ferrothorn|95/100|[from] Stealth Rock
|move|p1a: Ferrothorn|Spikes|p2a: Ferrothorn
|-sidestart|p2: Vanteline|Spikes
|
|-heal|p1a: Ferrothorn|44/100|[from] item: Leftovers
|-heal|p2a: Ferrothorn|100/100|[from] item: Leftovers
|upkeep
|turn|10
|
|move|p2a: Ferrothorn|Spikes|p1a: Ferrothorn
|-sidestart|p1: VPCP☼|Spikes
|move|p1a: Ferrothorn|Spikes|p2a: Ferrothorn
|-sidestart|p2: Vanteline|Spikes
|
|-heal|p1a: Ferrothorn|50/100|[from] item: Leftovers
|upkeep
|turn|11
|
|move|p1a: Ferrothorn|Spikes|p2a: Ferrothorn
|-sidestart|p2: Vanteline|Spikes
|move|p2a: Ferrothorn|Spikes|p1a: Ferrothorn
|-sidestart|p1: VPCP☼|Spikes
|
|-heal|p1a: Ferrothorn|56/100|[from] item: Leftovers
|upkeep
|turn|12
|
|switch|p1a: Politoed|Politoed, F|100/100
|-damage|p1a: Politoed|75/100|[from] Spikes
|-damage|p1a: Politoed|63/100|[from] Stealth Rock
|-weather|RainDance|[from] ability: Drizzle|[of] p1a: Politoed
|move|p2a: Ferrothorn|Bullet Seed|p1a: Politoed
|-supereffective|p1a: Politoed
|-damage|p1a: Politoed|44/100
|-supereffective|p1a: Politoed
|-damage|p1a: Politoed|24/100
|-hitcount|p1a: Politoed|2
|
|-weather|RainDance|[upkeep]
|-heal|p1a: Politoed|31/100|[from] item: Leftovers
|upkeep
|turn|13
|
|move|p1a: Politoed|Scald|p2a: Ferrothorn
|-resisted|p2a: Ferrothorn
|-damage|p2a: Ferrothorn|82/100
|move|p2a: Ferrothorn|Bullet Seed|p1a: Politoed
|-supereffective|p1a: Politoed
|-damage|p1a: Politoed|12/100
|-supereffective|p1a: Politoed
|-damage|p1a: Politoed|0 fnt
|-hitcount|p1a: Politoed|2
|faint|p1a: Politoed
|
|-weather|RainDance|[upkeep]
|-heal|p2a: Ferrothorn|88/100|[from] item: Leftovers
|upkeep
|
|switch|p1a: Tornadus|Tornadus, M|66/100
|-damage|p1a: Tornadus|41/100|[from] Stealth Rock
|turn|14
|
|switch|p2a: Gyarados|Gyarados, M|77/100 slp
|-damage|p2a: Gyarados|52/100 slp|[from] Stealth Rock
|-ability|p2a: Gyarados|Intimidate|boost
|-unboost|p1a: Tornadus|atk|1
|move|p1a: Tornadus|Hurricane|p2a: Gyarados
|-damage|p2a: Gyarados|0 fnt
|-damage|p1a: Tornadus|32/100|[from] item: Life Orb
|faint|p2a: Gyarados
|
|-weather|RainDance|[upkeep]
|upkeep
|
|switch|p2a: Ferrothorn|Ferrothorn, M|88/100
|-damage|p2a: Ferrothorn|82/100|[from] Stealth Rock
|-damage|p2a: Ferrothorn|57/100|[from] Spikes
|turn|15
|
|move|p1a: Tornadus|Hurricane|p2a: Ferrothorn
|-damage|p2a: Ferrothorn|4/100
|-damage|p1a: Tornadus|22/100|[from] item: Life Orb
|move|p2a: Ferrothorn|Leech Seed|p1a: Tornadus
|-start|p1a: Tornadus|move: Leech Seed
|
|-weather|RainDance|[upkeep]
|-heal|p2a: Ferrothorn|10/100|[from] item: Leftovers
|-damage|p1a: Tornadus|10/100|[from] Leech Seed|[of] p2a: Ferrothorn
|-heal|p2a: Ferrothorn|20/100|[silent]
|upkeep
|turn|16
|
|move|p1a: Tornadus|Hurricane|p2a: Ferrothorn
|-damage|p2a: Ferrothorn|0 fnt
|-damage|p1a: Tornadus|0 fnt|[from] item: Life Orb
|faint|p2a: Ferrothorn
|faint|p1a: Tornadus
|
|-weather|RainDance|[upkeep]
|upkeep
|
|switch|p1a: Starmie|Starmie|100/100
|switch|p2a: Latios|Latios, M|100/100
|-damage|p1a: Starmie|88/100|[from] Stealth Rock
|-damage|p1a: Starmie|63/100|[from] Spikes
|-damage|p2a: Latios|88/100|[from] Stealth Rock
|turn|17
|
|switch|p1a: Ferrothorn|Ferrothorn, F|56/100
|-damage|p1a: Ferrothorn|31/100|[from] Spikes
|-damage|p1a: Ferrothorn|25/100|[from] Stealth Rock
|move|p2a: Latios|Thunderbolt|p1a: Ferrothorn
|-resisted|p1a: Ferrothorn
|-damage|p1a: Ferrothorn|8/100
|
|-weather|RainDance|[upkeep]
|-heal|p1a: Ferrothorn|14/100|[from] item: Leftovers
|upkeep
|turn|18
|
|move|p1a: Ferrothorn|Protect|p1a: Ferrothorn
|-singleturn|p1a: Ferrothorn|Protect
|move|p2a: Latios|Thunderbolt|p1a: Ferrothorn
|-activate|p1a: Ferrothorn|move: Protect
|
|-weather|RainDance|[upkeep]
|-heal|p1a: Ferrothorn|21/100|[from] item: Leftovers
|upkeep
|turn|19
|
|move|p2a: Latios|Thunderbolt|p1a: Ferrothorn
|-resisted|p1a: Ferrothorn
|-damage|p1a: Ferrothorn|4/100
|move|p1a: Ferrothorn|Leech Seed|p2a: Latios
|-start|p2a: Latios|move: Leech Seed
|
|-weather|RainDance|[upkeep]
|-heal|p1a: Ferrothorn|10/100|[from] item: Leftovers
|-damage|p2a: Latios|76/100|[from] Leech Seed|[of] p1a: Ferrothorn
|-heal|p1a: Ferrothorn|20/100|[silent]
|upkeep
|turn|20
|
|switch|p2a: Conkeldurr|Conkeldurr, F|100/100
|-damage|p2a: Conkeldurr|76/100|[from] Spikes
|-damage|p2a: Conkeldurr|70/100|[from] Stealth Rock
|move|p1a: Ferrothorn|Leech Seed|p2a: Conkeldurr
|-start|p2a: Conkeldurr|move: Leech Seed
|
|-weather|RainDance|[upkeep]
|-heal|p1a: Ferrothorn|27/100|[from] item: Leftovers
|-damage|p2a: Conkeldurr|57/100|[from] Leech Seed|[of] p1a: Ferrothorn
|-heal|p1a: Ferrothorn|41/100|[silent]
|upkeep
|turn|21
|
|move|p1a: Ferrothorn|Protect|p1a: Ferrothorn
|-singleturn|p1a: Ferrothorn|Protect
|move|p2a: Conkeldurr|Thunder Punch|p1a: Ferrothorn
|-activate|p1a: Ferrothorn|move: Protect
|
|-weather|RainDance|[upkeep]
|-heal|p1a: Ferrothorn|47/100|[from] item: Leftovers
|-damage|p2a: Conkeldurr|45/100|[from] Leech Seed|[of] p1a: Ferrothorn
|-heal|p1a: Ferrothorn|61/100|[silent]
|upkeep
|turn|22
|
|move|p1a: Ferrothorn|Protect||[still]
|-fail|p1a: Ferrothorn
|move|p2a: Conkeldurr|Drain Punch|p1a: Ferrothorn
|-supereffective|p1a: Ferrothorn
|-damage|p1a: Ferrothorn|0 fnt
|-heal|p2a: Conkeldurr|71/100|[from] drain|[of] p1a: Ferrothorn
|-damage|p2a: Conkeldurr|59/100|[from] ability: Iron Barbs|[of] p1a: Ferrothorn
|-damage|p2a: Conkeldurr|49/100|[from] item: Life Orb
|faint|p1a: Ferrothorn
|
|-weather|RainDance|[upkeep]
|upkeep
|
|switch|p1a: Starmie|Starmie|63/100
|-damage|p1a: Starmie|38/100|[from] Spikes
|-damage|p1a: Starmie|26/100|[from] Stealth Rock
|turn|23
|
|move|p2a: Conkeldurr|Mach Punch|p1a: Starmie
|-resisted|p1a: Starmie
|-damage|p1a: Starmie|5/100
|-damage|p2a: Conkeldurr|39/100|[from] item: Life Orb
|move|p1a: Starmie|Psyshock|p2a: Conkeldurr
|-supereffective|p2a: Conkeldurr
|-damage|p2a: Conkeldurr|0 fnt
|-damage|p1a: Starmie|0 fnt|[from] item: Life Orb
|faint|p2a: Conkeldurr
|faint|p1a: Starmie
|
|-weather|RainDance|[upkeep]
|upkeep
|
|switch|p1a: Jirachi|Jirachi|100/100
|switch|p2a: Latios|Latios, M|76/100
|-damage|p2a: Latios|64/100|[from] Stealth Rock
|-damage|p1a: Jirachi|75/100|[from] Spikes
|-damage|p1a: Jirachi|69/100|[from] Stealth Rock
|turn|24
|
|move|p2a: Latios|Surf|p1a: Jirachi
|-damage|p1a: Jirachi|9/100
|move|p1a: Jirachi|Calm Mind|p1a: Jirachi
|-boost|p1a: Jirachi|spa|1
|-boost|p1a: Jirachi|spd|1
|
|-weather|RainDance|[upkeep]
|-heal|p1a: Jirachi|15/100|[from] item: Leftovers
|upkeep
|turn|25
|
|move|p2a: Latios|Surf|p1a: Jirachi
|-damage|p1a: Jirachi|0 fnt
|faint|p1a: Jirachi
|
|-weather|RainDance|[upkeep]
|upkeep
|
|switch|p1a: Breloom|Breloom, F|74/100
|-damage|p1a: Breloom|68/100|[from] Stealth Rock
|-damage|p1a: Breloom|43/100|[from] Spikes
|turn|26
|
|move|p2a: Latios|Surf|p1a: Breloom
|-resisted|p1a: Breloom
|-damage|p1a: Breloom|0 fnt
|faint|p1a: Breloom
|
|win|Vanteline
|raw|VPCP☼'s rating: 1373 &rarr; <strong>1350</strong><br />(-23 for losing)
|raw|Vanteline's rating: 1320 &rarr; <strong>1343</strong><br />(+23 for winning)
|c|☆Vanteline|gg
|l|☆VPCP☼
