|j|☆brazen ignorance
|j|☆Esurient
|t:|1733899549
|gametype|singles
|player|p1|brazen ignorance|lucian|1336
|player|p2|Esurient|265|1431
|teamsize|p1|6
|teamsize|p2|6
|gen|5
|tier|[Gen 5] OU
|rated|
|rule|Species Clause: Limit one of each Pokémon
|rule|OHKO Clause: OHKO moves are banned
|rule|Moody Clause: Moody is banned
|rule|Evasion Items Clause: Evasion items are banned
|rule|Evasion Moves Clause: Evasion moves are banned
|rule|Endless Battle Clause: Forcing endless battles is banned
|rule|HP Percentage Mod: HP is shown in percentages
|rule|Evasion Abilities Clause: Evasion abilities are banned
|rule|Sleep Moves Clause: Sleep-inducing moves are banned
|rule|Swagger Clause: Swagger is banned
|rule|Baton Pass Stat Clause: No Baton Passer may have a way to boost its stats
|clearpoke
|poke|p1|Clefable, F|item
|poke|p1|Forretress, M|item
|poke|p1|Abomasnow, M|item
|poke|p1|Jellicent, M|item
|poke|p1|Jirachi|item
|poke|p1|Mamoswine, M|item
|poke|p2|Hydreigon, M|item
|poke|p2|Dragonite, M|item
|poke|p2|Garchomp, F|item
|poke|p2|Tyranitar, F|item
|poke|p2|Terrakion|item
|poke|p2|Magnezone|item
|teampreview
|
|t:|1733899587
|start
|switch|p1a: Mamoswine|Mamoswine, M|100/100
|switch|p2a: Terrakion|Terrakion|100/100
|turn|1
|
|t:|1733899596
|move|p2a: Terrakion|Earthquake|p1a: Mamoswine
|-damage|p1a: Mamoswine|50/100
|move|p1a: Mamoswine|Earthquake|p2a: Terrakion
|-supereffective|p2a: Terrakion
|-damage|p2a: Terrakion|0 fnt
|faint|p2a: Terrakion
|
|upkeep
|
|t:|1733899605
|switch|p2a: Hydreigon|Hydreigon, M|100/100
|turn|2
|
|t:|1733899631
|switch|p1a: Jirachi|Jirachi|100/100
|move|p2a: Hydreigon|Fire Blast|p1a: Jirachi
|-supereffective|p1a: Jirachi
|-damage|p1a: Jirachi|0 fnt
|faint|p1a: Jirachi
|
|upkeep
|
|t:|1733899642
|switch|p1a: Abomasnow|Abomasnow, M|100/100
|-weather|Hail|[from] ability: Snow Warning|[of] p1a: Abomasnow
|turn|3
|
|t:|1733899647
|switch|p1a: Clefable|Clefable, F, shiny|100/100
|move|p2a: Hydreigon|Fire Blast|p1a: Clefable|[miss]
|-miss|p2a: Hydreigon|p1a: Clefable
|
|-weather|Hail|[upkeep]
|-damage|p2a: Hydreigon|94/100|[from] Hail
|upkeep
|turn|4
|
|t:|1733899659
|switch|p2a: Tyranitar|Tyranitar, F|100/100
|-weather|Sandstorm|[from] ability: Sand Stream|[of] p2a: Tyranitar
|move|p1a: Clefable|Seismic Toss|p2a: Tyranitar
|-damage|p2a: Tyranitar|76/100
|
|-weather|Sandstorm|[upkeep]
|upkeep
|turn|5
|
|t:|1733899669
|switch|p1a: Forretress|Forretress, M, shiny|100/100
|move|p2a: Tyranitar|Stone Edge|p1a: Forretress
|-damage|p1a: Forretress|58/100
|
|-weather|Sandstorm|[upkeep]
|-heal|p1a: Forretress|64/100|[from] item: Leftovers
|upkeep
|turn|6
|
|t:|1733899676
|move|p2a: Tyranitar|Stone Edge|p1a: Forretress
|-damage|p1a: Forretress|20/100
|move|p1a: Forretress|Toxic Spikes|p2a: Tyranitar
|-sidestart|p2: Esurient|move: Toxic Spikes
|
|-weather|Sandstorm|[upkeep]
|-heal|p1a: Forretress|26/100|[from] item: Leftovers
|upkeep
|turn|7
|
|t:|1733899686
|move|p2a: Tyranitar|Stone Edge|p1a: Forretress
|-damage|p1a: Forretress|0 fnt
|faint|p1a: Forretress
|
|-weather|Sandstorm|[upkeep]
|upkeep
|
|t:|1733899692
|switch|p1a: Mamoswine|Mamoswine, M|50/100
|turn|8
|
|t:|1733899701
|move|p1a: Mamoswine|Stealth Rock|p2a: Tyranitar
|-sidestart|p2: Esurient|move: Stealth Rock
|move|p2a: Tyranitar|Crunch|p1a: Mamoswine
|-damage|p1a: Mamoswine|7/100
|
|-weather|Sandstorm|[upkeep]
|upkeep
|turn|9
|
|t:|1733899706
|switch|p2a: Dragonite|Dragonite, M|100/100
|-damage|p2a: Dragonite|76/100|[from] Stealth Rock
|move|p1a: Mamoswine|Earthquake|p2a: Dragonite
|-immune|p2a: Dragonite
|
|-weather|Sandstorm|[upkeep]
|-damage|p2a: Dragonite|70/100|[from] Sandstorm
|upkeep
|turn|10
|
|t:|1733899711
|switch|p1a: Jellicent|Jellicent, M|100/100
|-item|p1a: Jellicent|Air Balloon
|move|p2a: Dragonite|Extreme Speed|p1a: Jellicent
|-immune|p1a: Jellicent
|
|-weather|Sandstorm|[upkeep]
|-damage|p2a: Dragonite|63/100|[from] Sandstorm
|-damage|p1a: Jellicent|94/100|[from] Sandstorm
|upkeep
|turn|11
|
|t:|1733899717
|switch|p2a: Hydreigon|Hydreigon, M|94/100
|-damage|p2a: Hydreigon|82/100|[from] Stealth Rock
|move|p1a: Jellicent|Will-O-Wisp|p2a: Hydreigon
|-status|p2a: Hydreigon|brn
|
|-weather|Sandstorm|[upkeep]
|-damage|p2a: Hydreigon|76/100 brn|[from] Sandstorm
|-damage|p1a: Jellicent|88/100|[from] Sandstorm
|-damage|p2a: Hydreigon|64/100 brn|[from] brn
|upkeep
|turn|12
|
|t:|1733899725
|switch|p1a: Clefable|Clefable, F, shiny|100/100
|move|p2a: Hydreigon|Dark Pulse|p1a: Clefable
|-damage|p1a: Clefable|49/100
|
|-weather|Sandstorm|[upkeep]
|-damage|p2a: Hydreigon|57/100 brn|[from] Sandstorm
|-heal|p1a: Clefable|55/100|[from] item: Leftovers
|-damage|p2a: Hydreigon|45/100 brn|[from] brn
|upkeep
|turn|13
|
|t:|1733899730
|move|p2a: Hydreigon|Dark Pulse|p1a: Clefable
|-damage|p1a: Clefable|0 fnt
|faint|p1a: Clefable
|
|-weather|Sandstorm|[upkeep]
|-damage|p2a: Hydreigon|39/100 brn|[from] Sandstorm
|-damage|p2a: Hydreigon|27/100 brn|[from] brn
|upkeep
|
|t:|1733899743
|switch|p1a: Mamoswine|Mamoswine, M|7/100
|turn|14
|
|t:|1733899746
|move|p1a: Mamoswine|Ice Shard|p2a: Hydreigon
|-supereffective|p2a: Hydreigon
|-damage|p2a: Hydreigon|0 fnt
|faint|p2a: Hydreigon
|
|-weather|Sandstorm|[upkeep]
|upkeep
|
|t:|1733899750
|switch|p2a: Dragonite|Dragonite, M|63/100
|-damage|p2a: Dragonite|39/100|[from] Stealth Rock
|turn|15
|
|t:|1733899765
|switch|p1a: Jellicent|Jellicent, M|88/100
|-item|p1a: Jellicent|Air Balloon
|move|p2a: Dragonite|Extreme Speed|p1a: Jellicent
|-immune|p1a: Jellicent
|
|-weather|Sandstorm|[upkeep]
|-damage|p2a: Dragonite|32/100|[from] Sandstorm
|-damage|p1a: Jellicent|82/100|[from] Sandstorm
|upkeep
|turn|16
|
|t:|1733899779
|move|p2a: Dragonite|Extreme Speed|p1a: Jellicent
|-immune|p1a: Jellicent
|move|p1a: Jellicent|Will-O-Wisp|p2a: Dragonite
|-status|p2a: Dragonite|brn
|
|-weather|Sandstorm|[upkeep]
|-damage|p2a: Dragonite|26/100 brn|[from] Sandstorm
|-damage|p1a: Jellicent|76/100|[from] Sandstorm
|-damage|p2a: Dragonite|14/100 brn|[from] brn
|upkeep
|turn|17
|
|t:|1733899784
|move|p2a: Dragonite|Extreme Speed|p1a: Jellicent
|-immune|p1a: Jellicent
|move|p1a: Jellicent|Recover|p1a: Jellicent
|-heal|p1a: Jellicent|100/100
|
|-weather|Sandstorm|[upkeep]
|-damage|p2a: Dragonite|8/100 brn|[from] Sandstorm
|-damage|p1a: Jellicent|94/100|[from] Sandstorm
|-damage|p2a: Dragonite|0 fnt|[from] brn
|faint|p2a: Dragonite
|upkeep
|
|t:|1733899787
|switch|p2a: Garchomp|Garchomp, F|100/100
|-status|p2a: Garchomp|psn
|-damage|p2a: Garchomp|94/100 psn|[from] Stealth Rock
|turn|18
|
|t:|1733899801
|move|p2a: Garchomp|Swords Dance|p2a: Garchomp
|-boost|p2a: Garchomp|atk|2
|move|p1a: Jellicent|Hex|p2a: Garchomp
|-damage|p2a: Garchomp|61/100 psn
|
|-weather|Sandstorm|[upkeep]
|-damage|p1a: Jellicent|88/100|[from] Sandstorm
|-damage|p2a: Garchomp|49/100 psn|[from] psn
|upkeep
|turn|19
|-message|Esurient forfeited.
|
|win|brazen ignorance
|raw|brazen ignorance's rating: 1336 &rarr; <strong>1361</strong><br />(+25 for winning)
|raw|Esurient's rating: 1431 &rarr; <strong>1406</strong><br />(-25 for losing)
|l|☆Esurient
|player|p2|
