|j|☆Le Fouge
|j|☆lolbw
|player|p1|Le Fouge|224
|player|p2|lolbw|2
|teamsize|p1|6
|teamsize|p2|6
|gametype|singles
|gen|5
|tier|[Gen 5] OU
|rated|
|rule|Sleep Clause Mod: Limit one foe put to sleep
|rule|Species Clause: Limit one of each Pokémon
|rule|OHKO Clause: OHKO moves are banned
|rule|Moody Clause: Moody is banned
|rule|Evasion Moves Clause: Evasion moves are banned
|rule|Endless Battle Clause: Forcing endless battles is banned
|rule|HP Percentage Mod: HP is shown in percentages
|rule|Evasion Abilities Clause: Evasion abilities are banned
|rule|Baton Pass Clause: Limit one Baton Passer, can't pass Spe and other stats simultaneously
|rule|Swagger Clause: Swagger is banned
|clearpoke
|poke|p1|Tyranitar, M|item
|poke|p1|Excadrill, M|item
|poke|p1|Keldeo|item
|poke|p1|Amoonguss, M|item
|poke|p1|Landorus-Therian, M|item
|poke|p1|Salamence, M|item
|poke|p2|Garchomp, F|item
|poke|p2|Keldeo|item
|poke|p2|Politoed, M|item
|poke|p2|Scizor, F|item
|poke|p2|Tyranitar, M|item
|poke|p2|Latias, F|item
|teampreview
|inactive|Battle timer is ON: inactive players will automatically lose when time's up. (requested by lolbw)
|
|start
|switch|p1a: Amoonguss|Amoonguss, M|100/100
|switch|p2a: Tyra|Tyranitar, M|100/100
|-weather|Sandstorm|[from] ability: Sand Stream|[of] p2a: Tyra
|turn|1
|
|move|p2a: Tyra|Stealth Rock|p1a: Amoonguss
|-sidestart|p1: Le Fouge|move: Stealth Rock
|move|p1a: Amoonguss|Stun Spore|p2a: Tyra
|-status|p2a: Tyra|par
|
|-weather|Sandstorm|[upkeep]
|-damage|p1a: Amoonguss|94/100|[from] Sandstorm
|upkeep
|turn|2
|
|move|p1a: Amoonguss|Giga Drain|p2a: Tyra
|-supereffective|p2a: Tyra
|-damage|p2a: Tyra|78/100 par
|-heal|p1a: Amoonguss|100/100|[from] drain|[of] p2a: Tyra
|move|p2a: Tyra|Fire Blast|p1a: Amoonguss
|-supereffective|p1a: Amoonguss
|-damage|p1a: Amoonguss|66/100
|
|-weather|Sandstorm|[upkeep]
|-damage|p1a: Amoonguss|60/100|[from] Sandstorm
|upkeep
|turn|3
|
|switch|p1a: Keldeo|Keldeo|100/100
|-damage|p1a: Keldeo|94/100|[from] Stealth Rock
|move|p2a: Tyra|Fire Blast|p1a: Keldeo
|-resisted|p1a: Keldeo
|-damage|p1a: Keldeo|79/100
|
|-weather|Sandstorm|[upkeep]
|-damage|p1a: Keldeo|73/100|[from] Sandstorm
|upkeep
|turn|4
|
|switch|p2a: Tias|Latias, F|100/100
|move|p1a: Keldeo|Secret Sword|p2a: Tias
|-resisted|p2a: Tias
|-damage|p2a: Tias|78/100
|
|-weather|Sandstorm|[upkeep]
|-damage|p1a: Keldeo|67/100|[from] Sandstorm
|-damage|p2a: Tias|72/100|[from] Sandstorm
|upkeep
|turn|5
|
|switch|p1a: Tyranitar|Tyranitar, M|100/100
|-damage|p1a: Tyranitar|88/100|[from] Stealth Rock
|move|p2a: Tias|Surf|p1a: Tyranitar
|-supereffective|p1a: Tyranitar
|-damage|p1a: Tyranitar|51/100
|
|-weather|Sandstorm|[upkeep]
|-damage|p2a: Tias|66/100|[from] Sandstorm
|upkeep
|turn|6
|
|move|p2a: Tias|Surf|p1a: Tyranitar
|-supereffective|p1a: Tyranitar
|-damage|p1a: Tyranitar|17/100
|move|p1a: Tyranitar|Pursuit|p2a: Tias
|-supereffective|p2a: Tias
|-damage|p2a: Tias|23/100
|
|-weather|Sandstorm|[upkeep]
|-damage|p2a: Tias|17/100|[from] Sandstorm
|upkeep
|turn|7
|
|switch|p1a: Amoonguss|Amoonguss, M|93/100
|-damage|p1a: Amoonguss|81/100|[from] Stealth Rock
|move|p2a: Tias|Surf|p1a: Amoonguss
|-resisted|p1a: Amoonguss
|-damage|p1a: Amoonguss|69/100
|
|-weather|Sandstorm|[upkeep]
|-damage|p2a: Tias|11/100|[from] Sandstorm
|-damage|p1a: Amoonguss|62/100|[from] Sandstorm
|upkeep
|turn|8
|
|switch|p2a: Tyra|Tyranitar, M|78/100 par
|move|p1a: Amoonguss|Giga Drain|p2a: Tyra
|-supereffective|p2a: Tyra
|-damage|p2a: Tyra|55/100 par
|-heal|p1a: Amoonguss|73/100|[from] drain|[of] p2a: Tyra
|
|-weather|Sandstorm|[upkeep]
|-damage|p1a: Amoonguss|67/100|[from] Sandstorm
|upkeep
|turn|9
|
|move|p1a: Amoonguss|Giga Drain|p2a: Tyra
|-supereffective|p2a: Tyra
|-damage|p2a: Tyra|34/100 par
|-heal|p1a: Amoonguss|76/100|[from] drain|[of] p2a: Tyra
|cant|p2a: Tyra|par
|
|-weather|Sandstorm|[upkeep]
|-damage|p1a: Amoonguss|70/100|[from] Sandstorm
|upkeep
|turn|10
|
|move|p1a: Amoonguss|Giga Drain|p2a: Tyra
|-supereffective|p2a: Tyra
|-damage|p2a: Tyra|15/100 par
|-heal|p1a: Amoonguss|79/100|[from] drain|[of] p2a: Tyra
|move|p2a: Tyra|Fire Blast|p1a: Amoonguss
|-supereffective|p1a: Amoonguss
|-damage|p1a: Amoonguss|43/100
|
|-weather|Sandstorm|[upkeep]
|-damage|p1a: Amoonguss|36/100|[from] Sandstorm
|upkeep
|turn|11
|
|switch|p2a: Chomp|Garchomp, F|100/100
|move|p1a: Amoonguss|Giga Drain|p2a: Chomp
|-damage|p2a: Chomp|78/100
|-heal|p1a: Amoonguss|47/100|[from] drain|[of] p2a: Chomp
|
|-weather|Sandstorm|[upkeep]
|-damage|p1a: Amoonguss|41/100|[from] Sandstorm
|-heal|p2a: Chomp|84/100|[from] item: Leftovers
|upkeep
|turn|12
|
|switch|p1a: Landorus|Landorus-Therian, M|100/100
|-damage|p1a: Landorus|88/100|[from] Stealth Rock
|-ability|p1a: Landorus|Intimidate|boost
|-unboost|p2a: Chomp|atk|1
|move|p2a: Chomp|Earthquake|p1a: Landorus
|-immune|p1a: Landorus|[msg]
|
|-weather|Sandstorm|[upkeep]
|-heal|p2a: Chomp|90/100|[from] item: Leftovers
|upkeep
|turn|13
|
|switch|p2a: Tyra|Tyranitar, M|15/100 par
|move|p1a: Landorus|Hidden Power|p2a: Tyra
|-damage|p2a: Tyra|8/100 par
|
|-weather|Sandstorm|[upkeep]
|upkeep
|turn|14
|
|move|p1a: Landorus|Gravity|p1a: Landorus
|-fieldstart|move: Gravity
|move|p2a: Tyra|Superpower|p1a: Landorus
|-resisted|p1a: Landorus
|-damage|p1a: Landorus|66/100
|-unboost|p2a: Tyra|atk|1
|-unboost|p2a: Tyra|def|1
|
|-weather|Sandstorm|[upkeep]
|upkeep
|turn|15
|
|move|p1a: Landorus|Earthquake|p2a: Tyra
|-supereffective|p2a: Tyra
|-damage|p2a: Tyra|0 fnt
|faint|p2a: Tyra
|
|-weather|Sandstorm|[upkeep]
|upkeep
|
|switch|p2a: Toed|Politoed, M|100/100
|-weather|RainDance|[from] ability: Drizzle|[of] p2a: Toed
|turn|16
|
|move|p2a: Toed|Ice Beam|p1a: Landorus
|-supereffective|p1a: Landorus
|-damage|p1a: Landorus|0 fnt
|faint|p1a: Landorus
|
|-weather|RainDance|[upkeep]
|upkeep
|
|switch|p1a: Tyranitar|Tyranitar, M|17/100
|-damage|p1a: Tyranitar|4/100|[from] Stealth Rock
|-weather|Sandstorm|[from] ability: Sand Stream|[of] p1a: Tyranitar
|turn|17
|
|move|p2a: Toed|Ice Beam|p1a: Tyranitar
|-damage|p1a: Tyranitar|0 fnt
|faint|p1a: Tyranitar
|
|-weather|Sandstorm|[upkeep]
|-damage|p2a: Toed|94/100|[from] Sandstorm
|upkeep
|
|switch|p1a: Excadrill|Excadrill, M|100/100
|-damage|p1a: Excadrill|98/100|[from] Stealth Rock
|turn|18
|
|switch|p2a: Zor|Scizor, F|100/100
|move|p1a: Excadrill|Earthquake|p2a: Zor
|-damage|p2a: Zor|0 fnt
|faint|p2a: Zor
|
|-weather|Sandstorm|[upkeep]
|-fieldend|move: Gravity
|upkeep
|
|switch|p2a: Toed|Politoed, M|94/100
|-weather|RainDance|[from] ability: Drizzle|[of] p2a: Toed
|turn|19
|
|switch|p1a: Amoonguss|Amoonguss, M|74/100
|-damage|p1a: Amoonguss|62/100|[from] Stealth Rock
|move|p2a: Toed|Scald|p1a: Amoonguss
|-resisted|p1a: Amoonguss
|-damage|p1a: Amoonguss|47/100
|
|-weather|RainDance|[upkeep]
|upkeep
|turn|20
|
|switch|p2a: Tias|Latias, F|11/100
|move|p1a: Amoonguss|Spore|p2a: Tias
|-status|p2a: Tias|slp
|
|-weather|RainDance|[upkeep]
|upkeep
|turn|21
|
|switch|p2a: Chomp|Garchomp, F|90/100
|move|p1a: Amoonguss|Giga Drain|p2a: Chomp
|-damage|p2a: Chomp|69/100
|-heal|p1a: Amoonguss|58/100|[from] drain|[of] p2a: Chomp
|
|-weather|RainDance|[upkeep]
|-heal|p2a: Chomp|75/100|[from] item: Leftovers
|upkeep
|turn|22
|
|move|p2a: Chomp|Earthquake|p1a: Amoonguss
|-damage|p1a: Amoonguss|12/100
|move|p1a: Amoonguss|Giga Drain|p2a: Chomp
|-damage|p2a: Chomp|51/100
|-heal|p1a: Amoonguss|24/100|[from] drain|[of] p2a: Chomp
|
|-weather|RainDance|[upkeep]
|-heal|p2a: Chomp|57/100|[from] item: Leftovers
|upkeep
|turn|23
|
|switch|p1a: Excadrill|Excadrill, M|98/100
|-damage|p1a: Excadrill|95/100|[from] Stealth Rock
|move|p2a: Chomp|Swords Dance|p2a: Chomp
|-boost|p2a: Chomp|atk|2
|
|-weather|RainDance|[upkeep]
|-heal|p2a: Chomp|63/100|[from] item: Leftovers
|upkeep
|turn|24
|
|move|p2a: Chomp|Earthquake|p1a: Excadrill
|-supereffective|p1a: Excadrill
|-damage|p1a: Excadrill|0 fnt
|faint|p1a: Excadrill
|
|-weather|RainDance|[upkeep]
|-heal|p2a: Chomp|69/100|[from] item: Leftovers
|upkeep
|
|switch|p1a: Keldeo|Keldeo|67/100
|-damage|p1a: Keldeo|60/100|[from] Stealth Rock
|turn|25
|inactive|lolbw has 120 seconds left.
|
|switch|p2a: Tias|Latias, F|11/100 slp
|move|p1a: Keldeo|Hydro Pump|p2a: Tias
|-resisted|p2a: Tias
|-damage|p2a: Tias|0 fnt
|faint|p2a: Tias
|
|-weather|RainDance|[upkeep]
|upkeep
|
|switch|p2a: Keld|Keldeo|100/100
|turn|26
|
|move|p1a: Keldeo|Hydro Pump|p2a: Keld
|-resisted|p2a: Keld
|-damage|p2a: Keld|46/100
|move|p2a: Keld|Secret Sword|p1a: Keldeo
|-damage|p1a: Keldeo|0 fnt
|faint|p1a: Keldeo
|
|-weather|RainDance|[upkeep]
|upkeep
|
|switch|p1a: Amoonguss|Amoonguss, M|57/100
|-damage|p1a: Amoonguss|44/100|[from] Stealth Rock
|turn|27
|
|move|p2a: Keld|Secret Sword|p1a: Amoonguss
|-resisted|p1a: Amoonguss
|-damage|p1a: Amoonguss|10/100
|move|p1a: Amoonguss|Stun Spore|p2a: Keld|[miss]
|-miss|p1a: Amoonguss|p2a: Keld
|
|-weather|RainDance|[upkeep]
|upkeep
|turn|28
|-message|Le Fouge forfeited.
|
|win|lolbw
|l|☆Le Fouge
|raw|Le Fouge's rating: 1404 &rarr; <strong>1381</strong><br />(-23 for losing)
|raw|lolbw's rating: 1357 &rarr; <strong>1380</strong><br />(+23 for winning)
