|j|‽yt_nigelzockt
|j|☆rabian
|t:|1706736256
|gametype|singles
|player|p1|yt_nigelzockt|169|1302
|player|p2|rabian|iris-gen5bw2|1398
|teamsize|p1|6
|teamsize|p2|6
|gen|5
|tier|[Gen 5] OU
|rated|
|rule|Species Clause: Limit one of each Pokémon
|rule|OHKO Clause: OHKO moves are banned
|rule|Moody Clause: Moody is banned
|rule|Evasion Items Clause: Evasion items are banned
|rule|Evasion Moves Clause: Evasion moves are banned
|rule|Endless Battle Clause: Forcing endless battles is banned
|rule|HP Percentage Mod: HP is shown in percentages
|rule|Evasion Abilities Clause: Evasion abilities are banned
|rule|Sleep Moves Clause: Sleep-inducing moves are banned
|rule|Swagger Clause: Swagger is banned
|rule|Baton Pass Stat Clause: No Baton Passer may have a way to boost its stats
|clearpoke
|poke|p1|Snorlax, F|item
|poke|p1|Gliscor, F|item
|poke|p1|Magnezone|item
|poke|p1|Tyranitar, F|item
|poke|p1|Forretress, F|item
|poke|p1|Celebi|item
|poke|p2|Jolteon, M|item
|poke|p2|Ferrothorn, M|item
|poke|p2|Politoed, M|item
|poke|p2|Gyarados, M|item
|poke|p2|Toxicroak, M|item
|poke|p2|Tentacruel, F|item
|teampreview
|c|☆rabian|glhf!
|
|t:|1706736275
|start
|switch|p1a: Gliscor|Gliscor, F|100/100
|switch|p2a: Weather Setter|Politoed, M|100/100
|-weather|RainDance|[from] ability: Drizzle|[of] p2a: Weather Setter
|turn|1
|j| uka uka uka
|
|t:|1706736313
|move|p1a: Gliscor|Protect|p1a: Gliscor
|-singleturn|p1a: Gliscor|Protect
|move|p2a: Weather Setter|Surf|p1a: Gliscor
|-activate|p1a: Gliscor|move: Protect
|
|-weather|RainDance|[upkeep]
|-status|p1a: Gliscor|tox|[from] item: Toxic Orb
|upkeep
|turn|2
|
|t:|1706736319
|switch|p1a: Celebi|Celebi|100/100
|move|p2a: Weather Setter|Toxic|p1a: Celebi
|-status|p1a: Celebi|tox
|
|-weather|RainDance|[upkeep]
|-damage|p1a: Celebi|94/100 tox|[from] psn
|upkeep
|turn|3
|
|t:|1706736323
|switch|p2a: Squid|Tentacruel, F|100/100
|move|p1a: Celebi|Stealth Rock|p2a: Squid
|-sidestart|p2: rabian|move: Stealth Rock
|
|-weather|RainDance|[upkeep]
|-heal|p1a: Celebi|100/100 tox|[from] item: Leftovers
|-damage|p1a: Celebi|88/100 tox|[from] psn
|upkeep
|turn|4
|
|t:|1706736329
|-curestatus|p1a: Celebi|tox|[from] ability: Natural Cure
|switch|p1a: Snorlax|Snorlax, F|100/100
|move|p2a: Squid|Rapid Spin|p1a: Snorlax
|-damage|p1a: Snorlax|98/100
|-sideend|p2: rabian|Stealth Rock|[from] move: Rapid Spin|[of] p2a: Squid
|
|-weather|RainDance|[upkeep]
|-heal|p1a: Snorlax|100/100|[from] item: Leftovers
|upkeep
|turn|5
|
|t:|1706736334
|switch|p2a: Trans Flag|Toxicroak, M, shiny|100/100
|move|p1a: Snorlax|Curse|p1a: Snorlax
|-unboost|p1a: Snorlax|spe|1
|-boost|p1a: Snorlax|atk|1
|-boost|p1a: Snorlax|def|1
|
|-weather|RainDance|[upkeep]
|upkeep
|turn|6
|
|t:|1706736340
|move|p2a: Trans Flag|Taunt|p1a: Snorlax
|-start|p1a: Snorlax|move: Taunt
|move|p1a: Snorlax|Body Slam|p2a: Trans Flag
|-damage|p2a: Trans Flag|27/100
|-status|p2a: Trans Flag|par
|
|-weather|RainDance|[upkeep]
|-heal|p2a: Trans Flag|39/100 par|[from] ability: Dry Skin
|upkeep
|turn|7
|
|t:|1706736348
|switch|p2a: Wall|Ferrothorn, M|100/100
|move|p1a: Snorlax|Body Slam|p2a: Wall
|-resisted|p2a: Wall
|-damage|p2a: Wall|83/100
|-damage|p1a: Snorlax|88/100|[from] ability: Iron Barbs|[of] p2a: Wall
|
|-weather|RainDance|[upkeep]
|-heal|p1a: Snorlax|94/100|[from] item: Leftovers
|-heal|p2a: Wall|89/100|[from] item: Leftovers
|upkeep
|turn|8
|
|t:|1706736356
|switch|p1a: Magnezone|Magnezone|100/100
|switch|p2a: Trans Flag|Toxicroak, M, shiny|39/100 par
|
|-weather|RainDance|[upkeep]
|-heal|p2a: Trans Flag|52/100 par|[from] ability: Dry Skin
|upkeep
|turn|9
|
|t:|1706736364
|switch|p1a: Celebi|Celebi|88/100
|switch|p2a: Look at this boi|Jolteon, M|100/100
|
|-weather|RainDance|[upkeep]
|-heal|p1a: Celebi|94/100|[from] item: Leftovers
|upkeep
|turn|10
|
|t:|1706736368
|move|p2a: Look at this boi|Volt Switch|p1a: Celebi
|-resisted|p1a: Celebi
|-damage|p1a: Celebi|84/100
|
|t:|1706736374
|switch|p2a: Squid|Tentacruel, F|100/100|[from] Volt Switch
|move|p1a: Celebi|Stealth Rock|p2a: Squid
|-sidestart|p2: rabian|move: Stealth Rock
|
|-weather|RainDance|[upkeep]
|-heal|p1a: Celebi|90/100|[from] item: Leftovers
|upkeep
|turn|11
|
|t:|1706736377
|move|p1a: Celebi|Psychic|p2a: Squid
|-supereffective|p2a: Squid
|-damage|p2a: Squid|55/100
|move|p2a: Squid|Rapid Spin|p1a: Celebi
|-damage|p1a: Celebi|88/100
|-sideend|p2: rabian|Stealth Rock|[from] move: Rapid Spin|[of] p2a: Squid
|
|-weather|RainDance|[upkeep]
|-heal|p2a: Squid|61/100|[from] ability: Rain Dish
|-heal|p1a: Celebi|94/100|[from] item: Leftovers
|-heal|p2a: Squid|67/100|[from] item: Black Sludge
|upkeep
|turn|12
|
|t:|1706736382
|move|p1a: Celebi|Stealth Rock|p2a: Squid
|-sidestart|p2: rabian|move: Stealth Rock
|move|p2a: Squid|Toxic|p1a: Celebi
|-status|p1a: Celebi|tox
|
|-weather|RainDance|[upkeep]
|-heal|p2a: Squid|73/100|[from] ability: Rain Dish
|-heal|p1a: Celebi|99/100 tox|[from] item: Leftovers
|-heal|p2a: Squid|79/100|[from] item: Black Sludge
|-damage|p1a: Celebi|94/100 tox|[from] psn
|upkeep
|turn|13
|
|t:|1706736384
|-curestatus|p1a: Celebi|tox|[from] ability: Natural Cure
|switch|p1a: Snorlax|Snorlax, F|94/100
|move|p2a: Squid|Hex|p1a: Snorlax
|-immune|p1a: Snorlax
|
|-weather|RainDance|[upkeep]
|-heal|p2a: Squid|85/100|[from] ability: Rain Dish
|-heal|p2a: Squid|91/100|[from] item: Black Sludge
|-heal|p1a: Snorlax|99/100|[from] item: Leftovers
|upkeep
|turn|14
|
|t:|1706736391
|move|p2a: Squid|Scald|p1a: Snorlax
|-damage|p1a: Snorlax|84/100
|move|p1a: Snorlax|Curse|p1a: Snorlax
|-unboost|p1a: Snorlax|spe|1
|-boost|p1a: Snorlax|atk|1
|-boost|p1a: Snorlax|def|1
|
|-weather|RainDance|[upkeep]
|-heal|p2a: Squid|97/100|[from] ability: Rain Dish
|-heal|p2a: Squid|100/100|[from] item: Black Sludge
|-heal|p1a: Snorlax|90/100|[from] item: Leftovers
|upkeep
|turn|15
|
|t:|1706736396
|move|p2a: Squid|Rapid Spin|p1a: Snorlax
|-damage|p1a: Snorlax|89/100
|-sideend|p2: rabian|Stealth Rock|[from] move: Rapid Spin|[of] p2a: Squid
|move|p1a: Snorlax|Body Slam|p2a: Squid
|-damage|p2a: Squid|49/100
|
|-weather|RainDance|[upkeep]
|-heal|p2a: Squid|55/100|[from] ability: Rain Dish
|-heal|p2a: Squid|61/100|[from] item: Black Sludge
|-heal|p1a: Snorlax|95/100|[from] item: Leftovers
|upkeep
|turn|16
|
|t:|1706736403
|move|p2a: Squid|Scald|p1a: Snorlax
|-damage|p1a: Snorlax|80/100
|move|p1a: Snorlax|Body Slam|p2a: Squid
|-damage|p2a: Squid|8/100
|-status|p2a: Squid|par
|
|-weather|RainDance|[upkeep]
|-heal|p2a: Squid|14/100 par|[from] ability: Rain Dish
|-heal|p1a: Snorlax|86/100|[from] item: Leftovers
|-heal|p2a: Squid|20/100 par|[from] item: Black Sludge
|upkeep
|turn|17
|
|t:|1706736406
|move|p1a: Snorlax|Body Slam|p2a: Squid
|-damage|p2a: Squid|0 fnt
|faint|p2a: Squid
|
|-weather|RainDance|[upkeep]
|-heal|p1a: Snorlax|92/100|[from] item: Leftovers
|upkeep
|
|t:|1706736409
|switch|p2a: Just A Magikarp|Gyarados, M, shiny|100/100
|-ability|p2a: Just A Magikarp|Intimidate|boost
|-unboost|p1a: Snorlax|atk|1
|turn|18
|
|t:|1706736416
|move|p2a: Just A Magikarp|Substitute|p2a: Just A Magikarp
|-start|p2a: Just A Magikarp|Substitute
|-damage|p2a: Just A Magikarp|76/100
|move|p1a: Snorlax|Curse|p1a: Snorlax
|-unboost|p1a: Snorlax|spe|1
|-boost|p1a: Snorlax|atk|1
|-boost|p1a: Snorlax|def|1
|
|-weather|RainDance|[upkeep]
|-heal|p2a: Just A Magikarp|82/100|[from] item: Leftovers
|-heal|p1a: Snorlax|98/100|[from] item: Leftovers
|upkeep
|turn|19
|
|t:|1706736421
|move|p2a: Just A Magikarp|Dragon Dance|p2a: Just A Magikarp
|-boost|p2a: Just A Magikarp|atk|1
|-boost|p2a: Just A Magikarp|spe|1
|move|p1a: Snorlax|Body Slam|p2a: Just A Magikarp
|-end|p2a: Just A Magikarp|Substitute
|
|-weather|RainDance|[upkeep]
|-heal|p2a: Just A Magikarp|88/100|[from] item: Leftovers
|-heal|p1a: Snorlax|100/100|[from] item: Leftovers
|upkeep
|turn|20
|
|t:|1706736427
|switch|p2a: Wall|Ferrothorn, M|89/100
|move|p1a: Snorlax|Body Slam|p2a: Wall
|-resisted|p2a: Wall
|-damage|p2a: Wall|72/100
|-status|p2a: Wall|par
|-damage|p1a: Snorlax|88/100|[from] ability: Iron Barbs|[of] p2a: Wall
|
|-weather|RainDance|[upkeep]
|-heal|p1a: Snorlax|94/100|[from] item: Leftovers
|-heal|p2a: Wall|78/100 par|[from] item: Leftovers
|upkeep
|turn|21
|
|t:|1706736434
|switch|p1a: Magnezone|Magnezone|100/100
|switch|p2a: Weather Setter|Politoed, M|100/100
|
|-weather|RainDance|[upkeep]
|upkeep
|turn|22
|
|t:|1706736437
|switch|p1a: Celebi|Celebi|94/100
|switch|p2a: Look at this boi|Jolteon, M|100/100
|
|-weather|RainDance|[upkeep]
|-heal|p1a: Celebi|99/100|[from] item: Leftovers
|upkeep
|turn|23
|
|t:|1706736440
|move|p2a: Look at this boi|Hidden Power|p1a: Celebi
|-supereffective|p1a: Celebi
|-damage|p1a: Celebi|72/100
|move|p1a: Celebi|Stealth Rock|p2a: Look at this boi
|-sidestart|p2: rabian|move: Stealth Rock
|
|-weather|RainDance|[upkeep]
|-heal|p1a: Celebi|78/100|[from] item: Leftovers
|upkeep
|turn|24
|
|t:|1706736445
|move|p2a: Look at this boi|Hidden Power|p1a: Celebi
|-supereffective|p1a: Celebi
|-damage|p1a: Celebi|51/100
|move|p1a: Celebi|Recover|p1a: Celebi
|-heal|p1a: Celebi|100/100
|
|-weather|RainDance|[upkeep]
|upkeep
|turn|25
|
|t:|1706736448
|switch|p1a: Tyranitar|Tyranitar, F|100/100
|-weather|Sandstorm|[from] ability: Sand Stream|[of] p1a: Tyranitar
|move|p2a: Look at this boi|Hidden Power|p1a: Tyranitar
|-damage|p1a: Tyranitar|91/100
|
|-weather|Sandstorm|[upkeep]
|-damage|p2a: Look at this boi|94/100|[from] Sandstorm
|upkeep
|turn|26
|
|t:|1706736451
|-activate|p2a: Look at this boi|move: Pursuit
|move|p1a: Tyranitar|Pursuit|p2a: Look at this boi|[from]Pursuit
|-damage|p2a: Look at this boi|23/100
|switch|p2a: Weather Setter|Politoed, M|100/100
|-damage|p2a: Weather Setter|88/100|[from] Stealth Rock
|-weather|RainDance|[from] ability: Drizzle|[of] p2a: Weather Setter
|
|-weather|RainDance|[upkeep]
|-heal|p2a: Weather Setter|94/100|[from] item: Leftovers
|upkeep
|turn|27
|
|t:|1706736458
|switch|p1a: Snorlax|Snorlax, F|94/100
|move|p2a: Weather Setter|Surf|p1a: Snorlax
|-damage|p1a: Snorlax|74/100
|
|-weather|RainDance|[upkeep]
|-heal|p2a: Weather Setter|100/100|[from] item: Leftovers
|-heal|p1a: Snorlax|80/100|[from] item: Leftovers
|upkeep
|turn|28
|
|t:|1706736468
|switch|p2a: Just A Magikarp|Gyarados, M, shiny|88/100
|-damage|p2a: Just A Magikarp|63/100|[from] Stealth Rock
|-ability|p2a: Just A Magikarp|Intimidate|boost
|-unboost|p1a: Snorlax|atk|1
|move|p1a: Snorlax|Body Slam|p2a: Just A Magikarp
|-damage|p2a: Just A Magikarp|42/100
|
|-weather|RainDance|[upkeep]
|-heal|p2a: Just A Magikarp|48/100|[from] item: Leftovers
|-heal|p1a: Snorlax|86/100|[from] item: Leftovers
|upkeep
|turn|29
|
|t:|1706736476
|switch|p2a: Trans Flag|Toxicroak, M, shiny|52/100 par
|-damage|p2a: Trans Flag|45/100 par|[from] Stealth Rock
|switch|p1a: Tyranitar|Tyranitar, F|91/100
|-weather|Sandstorm|[from] ability: Sand Stream|[of] p1a: Tyranitar
|
|-weather|Sandstorm|[upkeep]
|-damage|p2a: Trans Flag|39/100 par|[from] Sandstorm
|upkeep
|turn|30
|
|t:|1706736479
|switch|p1a: Forretress|Forretress, F|100/100
|move|p2a: Trans Flag|Drain Punch|p1a: Forretress
|-damage|p1a: Forretress|78/100
|-heal|p2a: Trans Flag|52/100 par|[from] drain|[of] p1a: Forretress
|
|-weather|Sandstorm|[upkeep]
|-damage|p2a: Trans Flag|46/100 par|[from] Sandstorm
|-heal|p1a: Forretress|84/100|[from] item: Leftovers
|upkeep
|turn|31
|j|+QWILY
|
|t:|1706736483
|move|p1a: Forretress|Spikes|p2a: Trans Flag
|-sidestart|p2: rabian|Spikes
|move|p2a: Trans Flag|Taunt|p1a: Forretress
|-start|p1a: Forretress|move: Taunt
|
|-weather|Sandstorm|[upkeep]
|-damage|p2a: Trans Flag|40/100 par|[from] Sandstorm
|-heal|p1a: Forretress|91/100|[from] item: Leftovers
|upkeep
|turn|32
|
|t:|1706736488
|switch|p2a: Weather Setter|Politoed, M|100/100
|-damage|p2a: Weather Setter|88/100|[from] Stealth Rock
|-damage|p2a: Weather Setter|75/100|[from] Spikes
|-weather|RainDance|[from] ability: Drizzle|[of] p2a: Weather Setter
|move|p1a: Forretress|Earthquake|p2a: Weather Setter
|-damage|p2a: Weather Setter|56/100
|
|-weather|RainDance|[upkeep]
|-heal|p2a: Weather Setter|63/100|[from] item: Leftovers
|-heal|p1a: Forretress|97/100|[from] item: Leftovers
|upkeep
|turn|33
|
|t:|1706736494
|switch|p1a: Celebi|Celebi|100/100
|move|p2a: Weather Setter|Surf|p1a: Celebi
|-resisted|p1a: Celebi
|-damage|p1a: Celebi|87/100
|
|-weather|RainDance|[upkeep]
|-heal|p1a: Celebi|93/100|[from] item: Leftovers
|-heal|p2a: Weather Setter|69/100|[from] item: Leftovers
|upkeep
|turn|34
|
|t:|1706736498
|move|p1a: Celebi|Psychic|p2a: Weather Setter
|-damage|p2a: Weather Setter|47/100
|move|p2a: Weather Setter|Toxic|p1a: Celebi|[miss]
|-miss|p2a: Weather Setter|p1a: Celebi
|
|-weather|RainDance|[upkeep]
|-heal|p1a: Celebi|99/100|[from] item: Leftovers
|-heal|p2a: Weather Setter|53/100|[from] item: Leftovers
|upkeep
|turn|35
|
|t:|1706736501
|move|p1a: Celebi|Psychic|p2a: Weather Setter
|-damage|p2a: Weather Setter|30/100
|move|p2a: Weather Setter|Toxic|p1a: Celebi
|-status|p1a: Celebi|tox
|
|-weather|RainDance|[upkeep]
|-heal|p1a: Celebi|100/100 tox|[from] item: Leftovers
|-heal|p2a: Weather Setter|36/100|[from] item: Leftovers
|-damage|p1a: Celebi|94/100 tox|[from] psn
|upkeep
|turn|36
|
|t:|1706736505
|-curestatus|p1a: Celebi|tox|[from] ability: Natural Cure
|switch|p1a: Snorlax|Snorlax, F|86/100
|move|p2a: Weather Setter|Protect||[still]
|-fail|p2a: Weather Setter
|
|-weather|RainDance|[upkeep]
|-heal|p2a: Weather Setter|42/100|[from] item: Leftovers
|-heal|p1a: Snorlax|92/100|[from] item: Leftovers
|upkeep
|turn|37
|
|t:|1706736508
|move|p2a: Weather Setter|Toxic|p1a: Snorlax
|-status|p1a: Snorlax|tox
|move|p1a: Snorlax|Curse|p1a: Snorlax
|-unboost|p1a: Snorlax|spe|1
|-boost|p1a: Snorlax|atk|1
|-boost|p1a: Snorlax|def|1
|
|-weather|RainDance|[upkeep]
|-heal|p2a: Weather Setter|48/100|[from] item: Leftovers
|-heal|p1a: Snorlax|98/100 tox|[from] item: Leftovers
|-damage|p1a: Snorlax|92/100 tox|[from] psn
|upkeep
|turn|38
|
|t:|1706736514
|move|p2a: Weather Setter|Protect|p2a: Weather Setter
|-singleturn|p2a: Weather Setter|Protect
|move|p1a: Snorlax|Body Slam|p2a: Weather Setter
|-activate|p2a: Weather Setter|move: Protect
|
|-weather|RainDance|[upkeep]
|-heal|p2a: Weather Setter|55/100|[from] item: Leftovers
|-heal|p1a: Snorlax|98/100 tox|[from] item: Leftovers
|-damage|p1a: Snorlax|86/100 tox|[from] psn
|upkeep
|turn|39
|
|t:|1706736520
|switch|p2a: Wall|Ferrothorn, M|78/100 par
|-damage|p2a: Wall|72/100 par|[from] Stealth Rock
|-damage|p2a: Wall|60/100 par|[from] Spikes
|move|p1a: Snorlax|Body Slam|p2a: Wall
|-resisted|p2a: Wall
|-crit|p2a: Wall
|-damage|p2a: Wall|25/100 par
|-damage|p1a: Snorlax|73/100 tox|[from] ability: Iron Barbs|[of] p2a: Wall
|
|-weather|RainDance|[upkeep]
|-heal|p1a: Snorlax|80/100 tox|[from] item: Leftovers
|-heal|p2a: Wall|32/100 par|[from] item: Leftovers
|-damage|p1a: Snorlax|61/100 tox|[from] psn
|upkeep
|turn|40
|
|t:|1706736528
|switch|p1a: Magnezone|Magnezone|100/100
|switch|p2a: Just A Magikarp|Gyarados, M, shiny|48/100
|-damage|p2a: Just A Magikarp|23/100|[from] Stealth Rock
|-ability|p2a: Just A Magikarp|Intimidate|boost
|-unboost|p1a: Magnezone|atk|1
|
|-weather|RainDance|[upkeep]
|-heal|p2a: Just A Magikarp|30/100|[from] item: Leftovers
|upkeep
|turn|41
|
|t:|1706736533
|switch|p1a: Tyranitar|Tyranitar, F|91/100
|-weather|Sandstorm|[from] ability: Sand Stream|[of] p1a: Tyranitar
|move|p2a: Just A Magikarp|Earthquake|p1a: Tyranitar
|-supereffective|p1a: Tyranitar
|-damage|p1a: Tyranitar|42/100
|
|-weather|Sandstorm|[upkeep]
|-damage|p2a: Just A Magikarp|23/100|[from] Sandstorm
|-heal|p2a: Just A Magikarp|30/100|[from] item: Leftovers
|upkeep
|turn|42
|
|t:|1706736541
|switch|p1a: Celebi|Celebi|94/100
|move|p2a: Just A Magikarp|Waterfall|p1a: Celebi
|-resisted|p1a: Celebi
|-damage|p1a: Celebi|79/100
|
|-weather|Sandstorm|[upkeep]
|-damage|p1a: Celebi|72/100|[from] Sandstorm
|-damage|p2a: Just A Magikarp|23/100|[from] Sandstorm
|-heal|p1a: Celebi|79/100|[from] item: Leftovers
|-heal|p2a: Just A Magikarp|30/100|[from] item: Leftovers
|upkeep
|turn|43
|
|t:|1706736550
|switch|p1a: Magnezone|Magnezone|100/100
|switch|p2a: Weather Setter|Politoed, M|55/100
|-damage|p2a: Weather Setter|42/100|[from] Stealth Rock
|-damage|p2a: Weather Setter|30/100|[from] Spikes
|-weather|RainDance|[from] ability: Drizzle|[of] p2a: Weather Setter
|
|-weather|RainDance|[upkeep]
|-heal|p2a: Weather Setter|36/100|[from] item: Leftovers
|upkeep
|turn|44
|
|t:|1706736554
|move|p2a: Weather Setter|Protect|p2a: Weather Setter
|-singleturn|p2a: Weather Setter|Protect
|move|p1a: Magnezone|Volt Switch|p2a: Weather Setter
|-activate|p2a: Weather Setter|move: Protect
|
|-weather|RainDance|[upkeep]
|-heal|p2a: Weather Setter|42/100|[from] item: Leftovers
|upkeep
|turn|45
|
|t:|1706736559
|switch|p2a: Look at this boi|Jolteon, M|23/100
|-damage|p2a: Look at this boi|11/100|[from] Stealth Rock
|-damage|p2a: Look at this boi|0 fnt|[from] Spikes
|faint|p2a: Look at this boi
|move|p1a: Magnezone|Volt Switch|p2: Look at this boi|[notarget]
|-fail|p1a: Magnezone
|
|-weather|RainDance|[upkeep]
|upkeep
|l|+QWILY
|
|t:|1706736567
|switch|p2a: Trans Flag|Toxicroak, M, shiny|40/100 par
|-damage|p2a: Trans Flag|34/100 par|[from] Stealth Rock
|-damage|p2a: Trans Flag|21/100 par|[from] Spikes
|turn|46
|
|t:|1706736569
|move|p1a: Magnezone|Volt Switch|p2a: Trans Flag
|-damage|p2a: Trans Flag|0 fnt
|faint|p2a: Trans Flag
|
|t:|1706736574
|switch|p1a: Tyranitar|Tyranitar, F|42/100|[from] Volt Switch
|-weather|Sandstorm|[from] ability: Sand Stream|[of] p1a: Tyranitar
|
|-weather|Sandstorm|[upkeep]
|upkeep
|
|t:|1706736578
|switch|p2a: Weather Setter|Politoed, M|42/100
|-damage|p2a: Weather Setter|30/100|[from] Stealth Rock
|-damage|p2a: Weather Setter|17/100|[from] Spikes
|-weather|RainDance|[from] ability: Drizzle|[of] p2a: Weather Setter
|turn|47
|
|t:|1706736581
|switch|p1a: Celebi|Celebi|79/100
|move|p2a: Weather Setter|Protect||[still]
|-fail|p2a: Weather Setter
|
|-weather|RainDance|[upkeep]
|-heal|p1a: Celebi|85/100|[from] item: Leftovers
|-heal|p2a: Weather Setter|23/100|[from] item: Leftovers
|upkeep
|turn|48
|-message|rabian forfeited.
|
|win|yt_nigelzockt
|raw|yt_nigelzockt's rating: 1302 &rarr; <strong>1327</strong><br />(+25 for winning)
|raw|rabian's rating: 1398 &rarr; <strong>1373</strong><br />(-25 for losing)
|c|☆rabian|gg
|l|☆rabian
|player|p2|
