|j|☆Bratt Pid
|j|☆Akamatis assos
|player|p1|Bratt Pid|137
|player|p2|Akamatis assos|141
|teamsize|p1|6
|teamsize|p2|6
|gametype|singles
|gen|5
|tier|[Gen 5] OU
|rated|
|rule|Sleep Clause Mod: Limit one foe put to sleep
|rule|Species Clause: Limit one of each Pokémon
|rule|OHKO Clause: OHKO moves are banned
|rule|Moody Clause: Moody is banned
|rule|Evasion Moves Clause: Evasion moves are banned
|rule|Endless Battle Clause: Forcing endless battles is banned
|rule|HP Percentage Mod: HP is shown in percentages
|rule|Evasion Abilities Clause: Evasion abilities are banned
|rule|Baton Pass Clause: Limit one Baton Passer, can't pass Spe and other stats simultaneously
|rule|Swagger Clause: Swagger is banned
|clearpoke
|poke|p1|Kyurem-Black|item
|poke|p1|Jirachi|item
|poke|p1|Latios, M|item
|poke|p1|Magnezone|item
|poke|p1|Garchomp, M|item
|poke|p1|Latias, F|item
|poke|p2|Tyranitar, F|item
|poke|p2|Garchomp, M|item
|poke|p2|Rotom-Wash|item
|poke|p2|Ferrothorn, M|item
|poke|p2|Reuniclus, M|item
|poke|p2|Gengar, M|item
|teampreview
|inactive|Battle timer is ON: inactive players will automatically lose when time's up. (requested by Bratt Pid)
|inactive|Akamatis assos has 135 seconds left.
|inactive|Akamatis assos has 120 seconds left.
|
|start
|switch|p1a: Jirachi|Jirachi|100/100
|switch|p2a: Garchomp|Garchomp, M|100/100
|turn|1
|
|switch|p1a: Latios|Latios, M|100/100
|move|p2a: Garchomp|Stealth Rock|p1a: Latios
|-sidestart|p1: Bratt Pid|move: Stealth Rock
|
|upkeep
|turn|2
|inactive|Akamatis assos has 135 seconds left.
|
|switch|p1a: Jirachi|Jirachi|100/100
|-damage|p1a: Jirachi|94/100|[from] Stealth Rock
|switch|p2a: Tyranitar|Tyranitar, F|100/100
|-weather|Sandstorm|[from] ability: Sand Stream|[of] p2a: Tyranitar
|
|-weather|Sandstorm|[upkeep]
|-heal|p1a: Jirachi|100/100|[from] item: Leftovers
|upkeep
|turn|3
|
|switch|p2a: Rotom|Rotom-Wash|100/100
|move|p1a: Jirachi|Stealth Rock|p2a: Rotom
|-sidestart|p2: Akamatis assos|move: Stealth Rock
|
|-weather|Sandstorm|[upkeep]
|-damage|p2a: Rotom|94/100|[from] sandstorm
|-heal|p2a: Rotom|100/100|[from] item: Leftovers
|upkeep
|turn|4
|
|move|p1a: Jirachi|U-turn|p2a: Rotom
|-damage|p2a: Rotom|86/100
|
|switch|p1a: Latios|Latios, M|100/100
|-damage|p1a: Latios|88/100|[from] Stealth Rock
|move|p2a: Rotom|Volt Switch|p1a: Latios
|-resisted|p1a: Latios
|-damage|p1a: Latios|74/100
|
|switch|p2a: Tyranitar|Tyranitar, F|100/100
|-damage|p2a: Tyranitar|88/100|[from] Stealth Rock
|
|-weather|Sandstorm|[upkeep]
|-damage|p1a: Latios|68/100|[from] sandstorm
|upkeep
|turn|5
|
|move|p2a: Tyranitar|Crunch|p1a: Latios
|-supereffective|p1a: Latios
|-enditem|p1a: Latios|Colbur Berry|[eat]
|-enditem|p1a: Latios|Colbur Berry|[weaken]
|-damage|p1a: Latios|8/100
|move|p1a: Latios|Surf|p2a: Tyranitar
|-supereffective|p2a: Tyranitar
|-damage|p2a: Tyranitar|42/100
|
|-weather|Sandstorm|[upkeep]
|-damage|p1a: Latios|2/100|[from] sandstorm
|upkeep
|turn|6
|
|move|p2a: Tyranitar|Crunch|p1a: Latios
|-supereffective|p1a: Latios
|-damage|p1a: Latios|0 fnt
|faint|p1a: Latios
|
|-weather|Sandstorm|[upkeep]
|upkeep
|
|switch|p1a: Magnezone|Magnezone|100/100
|-damage|p1a: Magnezone|94/100|[from] Stealth Rock
|turn|7
|inactive|Akamatis assos has 135 seconds left.
|
|switch|p2a: Garchomp|Garchomp, M|100/100
|-damage|p2a: Garchomp|94/100|[from] Stealth Rock
|move|p1a: Magnezone|Flash Cannon|p2a: Garchomp
|-damage|p2a: Garchomp|47/100
|
|-weather|Sandstorm|[upkeep]
|upkeep
|turn|8
|inactive|Bratt Pid has 135 seconds left.
|inactive|Akamatis assos has 135 seconds left.
|
|switch|p1a: Jirachi|Jirachi|100/100
|-damage|p1a: Jirachi|94/100|[from] Stealth Rock
|move|p2a: Garchomp|Outrage|p1a: Jirachi
|-resisted|p1a: Jirachi
|-damage|p1a: Jirachi|68/100
|
|-weather|Sandstorm|[upkeep]
|-heal|p1a: Jirachi|74/100|[from] item: Leftovers
|upkeep
|turn|9
|
|move|p2a: Garchomp|Outrage|p1a: Jirachi|[from]lockedmove
|-resisted|p1a: Jirachi
|-damage|p1a: Jirachi|48/100
|-start|p2a: Garchomp|confusion|[fatigue]
|move|p1a: Jirachi|Iron Head|p2a: Garchomp
|-damage|p2a: Garchomp|20/100
|-damage|p1a: Jirachi|35/100|[from] ability: Rough Skin|[of] p2a: Garchomp
|
|-weather|Sandstorm|[upkeep]
|-heal|p1a: Jirachi|41/100|[from] item: Leftovers
|upkeep
|turn|10
|inactive|Akamatis assos has 135 seconds left.
|
|switch|p2a: Rotom|Rotom-Wash|86/100
|-damage|p2a: Rotom|74/100|[from] Stealth Rock
|move|p1a: Jirachi|Fire Punch|p2a: Rotom
|-resisted|p2a: Rotom
|-damage|p2a: Rotom|66/100
|
|-weather|Sandstorm|[upkeep]
|-damage|p2a: Rotom|59/100|[from] sandstorm
|-heal|p1a: Jirachi|48/100|[from] item: Leftovers
|-heal|p2a: Rotom|66/100|[from] item: Leftovers
|upkeep
|turn|11
|
|move|p1a: Jirachi|Iron Head|p2a: Rotom
|-resisted|p2a: Rotom
|-damage|p2a: Rotom|60/100
|cant|p2a: Rotom|flinch
|
|-weather|Sandstorm|[upkeep]
|-damage|p2a: Rotom|53/100|[from] sandstorm
|-heal|p1a: Jirachi|54/100|[from] item: Leftovers
|-heal|p2a: Rotom|60/100|[from] item: Leftovers
|upkeep
|turn|12
|
|move|p1a: Jirachi|Iron Head|p2a: Rotom
|-resisted|p2a: Rotom
|-damage|p2a: Rotom|53/100
|cant|p2a: Rotom|flinch
|
|-weather|Sandstorm|[upkeep]
|-damage|p2a: Rotom|47/100|[from] sandstorm
|-heal|p1a: Jirachi|60/100|[from] item: Leftovers
|-heal|p2a: Rotom|53/100|[from] item: Leftovers
|upkeep
|turn|13
|
|move|p1a: Jirachi|Iron Head|p2a: Rotom
|-resisted|p2a: Rotom
|-damage|p2a: Rotom|46/100
|cant|p2a: Rotom|flinch
|
|-weather|Sandstorm|[upkeep]
|-damage|p2a: Rotom|40/100|[from] sandstorm
|-heal|p1a: Jirachi|66/100|[from] item: Leftovers
|-heal|p2a: Rotom|46/100|[from] item: Leftovers
|upkeep
|turn|14
|
|move|p1a: Jirachi|Iron Head|p2a: Rotom
|-resisted|p2a: Rotom
|-damage|p2a: Rotom|39/100
|move|p2a: Rotom|Pain Split|p1a: Jirachi
|-sethp|p1a: Jirachi|48/100|p2a: Rotom|63/100|[from] move: Pain Split
|
|-weather|Sandstorm|[upkeep]
|-damage|p2a: Rotom|57/100|[from] sandstorm
|-heal|p1a: Jirachi|54/100|[from] item: Leftovers
|-heal|p2a: Rotom|63/100|[from] item: Leftovers
|upkeep
|turn|15
|
|move|p1a: Jirachi|Iron Head|p2a: Rotom
|-resisted|p2a: Rotom
|-damage|p2a: Rotom|57/100
|move|p2a: Rotom|Will-O-Wisp|p1a: Jirachi|[miss]
|-miss|p2a: Rotom|p1a: Jirachi
|
|-weather|Sandstorm|[upkeep]
|-damage|p2a: Rotom|50/100|[from] sandstorm
|-heal|p1a: Jirachi|60/100|[from] item: Leftovers
|-heal|p2a: Rotom|57/100|[from] item: Leftovers
|upkeep
|turn|16
|
|move|p1a: Jirachi|Iron Head|p2a: Rotom
|-resisted|p2a: Rotom
|-damage|p2a: Rotom|50/100
|cant|p2a: Rotom|flinch
|
|-weather|Sandstorm|[upkeep]
|-damage|p2a: Rotom|44/100|[from] sandstorm
|-heal|p1a: Jirachi|66/100|[from] item: Leftovers
|-heal|p2a: Rotom|50/100|[from] item: Leftovers
|upkeep
|turn|17
|
|move|p1a: Jirachi|Iron Head|p2a: Rotom
|-resisted|p2a: Rotom
|-damage|p2a: Rotom|45/100
|cant|p2a: Rotom|flinch
|
|-weather|Sandstorm|[upkeep]
|-damage|p2a: Rotom|38/100|[from] sandstorm
|-heal|p1a: Jirachi|73/100|[from] item: Leftovers
|-heal|p2a: Rotom|45/100|[from] item: Leftovers
|upkeep
|turn|18
|
|move|p1a: Jirachi|Iron Head|p2a: Rotom
|-resisted|p2a: Rotom
|-damage|p2a: Rotom|38/100
|move|p2a: Rotom|Pain Split|p1a: Jirachi
|-sethp|p1a: Jirachi|51/100|p2a: Rotom|67/100|[from] move: Pain Split
|
|-weather|Sandstorm|[upkeep]
|-damage|p2a: Rotom|61/100|[from] sandstorm
|-heal|p1a: Jirachi|57/100|[from] item: Leftovers
|-heal|p2a: Rotom|67/100|[from] item: Leftovers
|upkeep
|turn|19
|
|move|p1a: Jirachi|U-turn|p2a: Rotom
|-damage|p2a: Rotom|53/100
|
|switch|p1a: Magnezone|Magnezone|94/100
|-damage|p1a: Magnezone|88/100|[from] Stealth Rock
|move|p2a: Rotom|Will-O-Wisp|p1a: Magnezone
|-status|p1a: Magnezone|brn
|
|-weather|Sandstorm|[upkeep]
|-damage|p2a: Rotom|47/100|[from] sandstorm
|-heal|p2a: Rotom|53/100|[from] item: Leftovers
|-damage|p1a: Magnezone|76/100 brn|[from] brn
|upkeep
|turn|20
|inactive|Akamatis assos has 135 seconds left.
|inactive|Akamatis assos has 120 seconds left.
|
|switch|p2a: Ferrothorn|Ferrothorn, M|100/100
|-damage|p2a: Ferrothorn|94/100|[from] Stealth Rock
|move|p1a: Magnezone|Thunderbolt|p2a: Ferrothorn
|-resisted|p2a: Ferrothorn
|-crit|p2a: Ferrothorn
|-damage|p2a: Ferrothorn|57/100
|
|-weather|Sandstorm|[upkeep]
|-heal|p2a: Ferrothorn|63/100|[from] item: Leftovers
|-damage|p1a: Magnezone|64/100 brn|[from] brn
|upkeep
|turn|21
|
|move|p1a: Magnezone|Hidden Power|p2a: Ferrothorn
|-supereffective|p2a: Ferrothorn
|-damage|p2a: Ferrothorn|0 fnt
|faint|p2a: Ferrothorn
|
|-weather|Sandstorm|[upkeep]
|-damage|p1a: Magnezone|51/100 brn|[from] brn
|upkeep
|inactive|Akamatis assos has 135 seconds left.
|
|switch|p2a: Gengar|Gengar, M|100/100
|-damage|p2a: Gengar|88/100|[from] Stealth Rock
|turn|22
|
|move|p2a: Gengar|Focus Blast|p1a: Magnezone|[miss]
|-miss|p2a: Gengar|p1a: Magnezone
|move|p1a: Magnezone|Thunderbolt|p2a: Gengar
|-damage|p2a: Gengar|6/100
|
|-weather|Sandstorm|[upkeep]
|-damage|p2a: Gengar|0 fnt|[from] sandstorm
|-damage|p1a: Magnezone|39/100 brn|[from] brn
|upkeep
|faint|p2a: Gengar
|
|switch|p2a: Garchomp|Garchomp, M|20/100
|-damage|p2a: Garchomp|14/100|[from] Stealth Rock
|turn|23
|
|move|p2a: Garchomp|Earthquake|p1a: Magnezone
|-supereffective|p1a: Magnezone
|-damage|p1a: Magnezone|0 fnt
|faint|p1a: Magnezone
|
|-weather|Sandstorm|[upkeep]
|upkeep
|inactive|Bratt Pid has 135 seconds left.
|
|switch|p1a: Garchomp|Garchomp, M|100/100
|-damage|p1a: Garchomp|94/100|[from] Stealth Rock
|turn|24
|
|move|p1a: Garchomp|Dual Chop|p2a: Garchomp
|-supereffective|p2a: Garchomp
|-damage|p2a: Garchomp|0 fnt
|-damage|p1a: Garchomp|82/100|[from] ability: Rough Skin|[of] p2a: Garchomp
|-hitcount|p2a: Garchomp|1
|faint|p2a: Garchomp
|
|-weather|Sandstorm|[upkeep]
|upkeep
|
|switch|p2a: Reuniclus|Reuniclus, M|100/100
|turn|25
|
|switch|p1a: Kyurem|Kyurem-Black|100/100
|-damage|p1a: Kyurem|76/100|[from] Stealth Rock
|-ability|p1a: Kyurem|Teravolt
|move|p2a: Reuniclus|Trick Room|p2a: Reuniclus
|-fieldstart|move: Trick Room|[of] p2a: Reuniclus
|
|-weather|Sandstorm|[upkeep]
|-damage|p1a: Kyurem|70/100|[from] sandstorm
|upkeep
|turn|26
|inactive|Akamatis assos has 135 seconds left.
|inactive|Bratt Pid has 135 seconds left.
|inactive|Akamatis assos has 120 seconds left.
|
|switch|p1a: Jirachi|Jirachi|57/100
|-damage|p1a: Jirachi|51/100|[from] Stealth Rock
|move|p2a: Reuniclus|Focus Blast|p1a: Jirachi
|-damage|p1a: Jirachi|9/100
|
|-weather|Sandstorm|[upkeep]
|-heal|p1a: Jirachi|15/100|[from] item: Leftovers
|upkeep
|turn|27
|
|move|p2a: Reuniclus|Shadow Ball|p1a: Jirachi
|-damage|p1a: Jirachi|0 fnt
|faint|p1a: Jirachi
|
|-weather|Sandstorm|[upkeep]
|upkeep
|
|switch|p1a: Latias|Latias, F|100/100
|-damage|p1a: Latias|88/100|[from] Stealth Rock
|turn|28
|
|move|p2a: Reuniclus|Shadow Ball|p1a: Latias
|-supereffective|p1a: Latias
|-damage|p1a: Latias|30/100
|move|p1a: Latias|Recover|p1a: Latias
|-heal|p1a: Latias|80/100
|
|-weather|Sandstorm|[upkeep]
|-damage|p1a: Latias|74/100|[from] sandstorm
|-heal|p1a: Latias|80/100|[from] item: Leftovers
|upkeep
|turn|29
|inactive|Bratt Pid has 135 seconds left.
|inactive|Akamatis assos has 135 seconds left.
|inactive|Akamatis assos has 120 seconds left.
|
|move|p2a: Reuniclus|Shadow Ball|p1a: Latias
|-supereffective|p1a: Latias
|-damage|p1a: Latias|20/100
|move|p1a: Latias|Calm Mind|p1a: Latias
|-boost|p1a: Latias|spa|1
|-boost|p1a: Latias|spd|1
|
|-weather|Sandstorm|[upkeep]
|-damage|p1a: Latias|14/100|[from] sandstorm
|-heal|p1a: Latias|20/100|[from] item: Leftovers
|-fieldend|move: Trick Room
|upkeep
|turn|30
|inactive|Akamatis assos has 135 seconds left.
|
|switch|p2a: Tyranitar|Tyranitar, F|42/100
|-damage|p2a: Tyranitar|30/100|[from] Stealth Rock
|move|p1a: Latias|Recover|p1a: Latias
|-heal|p1a: Latias|70/100
|
|-weather|Sandstorm|[upkeep]
|-damage|p1a: Latias|64/100|[from] sandstorm
|-heal|p1a: Latias|70/100|[from] item: Leftovers
|upkeep
|turn|31
|inactive|Bratt Pid has 135 seconds left.
|
|move|p2a: Tyranitar|Crunch|p1a: Latias
|-supereffective|p1a: Latias
|-damage|p1a: Latias|0 fnt
|faint|p1a: Latias
|
|-weather|Sandstorm|[upkeep]
|upkeep
|inactive|Bratt Pid has 135 seconds left.
|
|switch|p1a: Kyurem|Kyurem-Black|70/100
|-damage|p1a: Kyurem|45/100|[from] Stealth Rock
|-ability|p1a: Kyurem|Teravolt
|turn|32
|inactive|Akamatis assos has 135 seconds left.
|inactive|Akamatis assos has 120 seconds left.
|
|switch|p2a: Rotom|Rotom-Wash|53/100
|-damage|p2a: Rotom|40/100|[from] Stealth Rock
|move|p1a: Kyurem|Outrage|p2a: Rotom
|-damage|p2a: Rotom|0 fnt
|faint|p2a: Rotom
|
|-weather|Sandstorm|[upkeep]
|-damage|p1a: Kyurem|39/100|[from] sandstorm
|upkeep
|
|switch|p2a: Tyranitar|Tyranitar, F|30/100
|-damage|p2a: Tyranitar|18/100|[from] Stealth Rock
|turn|33
|
|move|p2a: Tyranitar|Superpower|p1a: Kyurem
|-supereffective|p1a: Kyurem
|-damage|p1a: Kyurem|0 fnt
|-unboost|p2a: Tyranitar|atk|1
|-unboost|p2a: Tyranitar|def|1
|faint|p1a: Kyurem
|
|-weather|Sandstorm|[upkeep]
|upkeep
|
|switch|p1a: Garchomp|Garchomp, M|82/100
|-damage|p1a: Garchomp|76/100|[from] Stealth Rock
|turn|34
|inactive|Akamatis assos has 135 seconds left.
|
|move|p1a: Garchomp|Outrage|p2a: Tyranitar
|-damage|p2a: Tyranitar|0 fnt
|faint|p2a: Tyranitar
|
|-weather|Sandstorm|[upkeep]
|upkeep
|
|switch|p2a: Reuniclus|Reuniclus, M|100/100
|turn|35
|
|move|p1a: Garchomp|Outrage|p2a: Reuniclus|[from]lockedmove
|-damage|p2a: Reuniclus|32/100
|move|p2a: Reuniclus|Trick Room|p2a: Reuniclus
|-fieldstart|move: Trick Room|[of] p2a: Reuniclus
|
|-weather|Sandstorm|[upkeep]
|upkeep
|turn|36
|inactive|Akamatis assos has 135 seconds left.
|
|move|p2a: Reuniclus|Psychic|p1a: Garchomp
|-damage|p1a: Garchomp|9/100
|move|p1a: Garchomp|Outrage|p2a: Reuniclus|[from]lockedmove
|-damage|p2a: Reuniclus|0 fnt
|-start|p1a: Garchomp|confusion|[fatigue]
|faint|p2a: Reuniclus
|
|win|Bratt Pid
|raw|Bratt Pid's rating: 1507 &rarr; <strong>1527</strong><br />(+20 for winning)
|raw|Akamatis assos's rating: 1501 &rarr; <strong>1481</strong><br />(-20 for losing)
