|j|☆HydreigonSpammer
|j|☆AstroMigui
|t:|1736149167
|gametype|singles
|player|p1|HydreigonSpammer|iris|1354
|player|p2|AstroMigui|hoopster|1373
|teamsize|p1|6
|teamsize|p2|6
|gen|5
|tier|[Gen 5] OU
|rated|
|rule|Species Clause: Limit one of each Pokémon
|rule|OHKO Clause: OHKO moves are banned
|rule|Moody Clause: Moody is banned
|rule|Evasion Items Clause: Evasion items are banned
|rule|Evasion Moves Clause: Evasion moves are banned
|rule|Endless Battle Clause: Forcing endless battles is banned
|rule|HP Percentage Mod: HP is shown in percentages
|rule|Evasion Abilities Clause: Evasion abilities are banned
|rule|Sleep Moves Clause: Sleep-inducing moves are banned
|rule|Swagger Clause: Swagger is banned
|rule|Baton Pass Stat Clause: No Baton Passer may have a way to boost its stats
|clearpoke
|poke|p1|Aerodactyl, F|item
|poke|p1|Thundurus-Therian, M|item
|poke|p1|Garchomp, M|item
|poke|p1|Hydreigon, F|item
|poke|p1|Latios, M|item
|poke|p1|Tyranitar, F|item
|poke|p2|Jirachi|item
|poke|p2|Garchomp, F|item
|poke|p2|Dragonite, M|item
|poke|p2|Latios, M|item
|poke|p2|Magnezone|item
|poke|p2|Mamoswine, F|item
|teampreview
|
|t:|1736149181
|start
|switch|p1a: Aerodactyl|Aerodactyl, F|100/100
|switch|p2a: Jirachi|Jirachi|100/100
|-ability|p1a: Aerodactyl|Pressure
|turn|1
|
|t:|1736149188
|move|p1a: Aerodactyl|Taunt|p2a: Jirachi
|-start|p2a: Jirachi|move: Taunt
|move|p2a: Jirachi|Icy Wind|p1a: Aerodactyl
|-supereffective|p1a: Aerodactyl
|-damage|p1a: Aerodactyl|63/100
|-unboost|p1a: Aerodactyl|spe|1
|
|upkeep
|turn|2
|
|t:|1736149201
|move|p1a: Aerodactyl|Stealth Rock|p2a: Jirachi
|-sidestart|p2: AstroMigui|move: Stealth Rock
|move|p2a: Jirachi|Icy Wind|p1a: Aerodactyl
|-supereffective|p1a: Aerodactyl
|-damage|p1a: Aerodactyl|23/100
|-unboost|p1a: Aerodactyl|spe|1
|
|upkeep
|turn|3
|
|t:|1736149209
|move|p2a: Jirachi|Icy Wind|p1a: Aerodactyl
|-supereffective|p1a: Aerodactyl
|-damage|p1a: Aerodactyl|0 fnt
|faint|p1a: Aerodactyl
|
|-end|p2a: Jirachi|move: Taunt
|upkeep
|
|t:|1736149221
|switch|p1a: Garchomp|Garchomp, M|100/100
|turn|4
|
|t:|1736149225
|move|p1a: Garchomp|Earthquake|p2a: Jirachi
|-supereffective|p2a: Jirachi
|-enditem|p2a: Jirachi|Shuca Berry|[eat]
|-enditem|p2a: Jirachi|Shuca Berry|[weaken]
|-damage|p2a: Jirachi|38/100
|move|p2a: Jirachi|Icy Wind|p1a: Garchomp
|-supereffective|p1a: Garchomp
|-damage|p1a: Garchomp|43/100
|-unboost|p1a: Garchomp|spe|1
|
|upkeep
|turn|5
|
|t:|1736149234
|move|p1a: Garchomp|Earthquake|p2a: Jirachi
|-supereffective|p2a: Jirachi
|-damage|p2a: Jirachi|0 fnt
|faint|p2a: Jirachi
|
|upkeep
|
|t:|1736149238
|switch|p2a: Latios|Latios, M|100/100
|-damage|p2a: Latios|88/100|[from] Stealth Rock
|turn|6
|
|t:|1736149244
|switch|p2a: Mamoswine|Mamoswine, F|100/100
|-damage|p2a: Mamoswine|88/100|[from] Stealth Rock
|move|p1a: Garchomp|Earthquake|p2a: Mamoswine
|-damage|p2a: Mamoswine|0 fnt
|faint|p2a: Mamoswine
|
|upkeep
|
|t:|1736149257
|switch|p2a: Dragonite|Dragonite, M|100/100
|-damage|p2a: Dragonite|76/100|[from] Stealth Rock
|turn|7
|
|t:|1736149263
|switch|p1a: Hydreigon|Hydreigon, F, shiny|100/100
|move|p2a: Dragonite|Dragon Dance|p2a: Dragonite
|-boost|p2a: Dragonite|atk|1
|-boost|p2a: Dragonite|spe|1
|
|upkeep
|turn|8
|
|t:|1736149274
|move|p1a: Hydreigon|Draco Meteor|p2a: Dragonite
|-supereffective|p2a: Dragonite
|-damage|p2a: Dragonite|0 fnt
|-unboost|p1a: Hydreigon|spa|2
|faint|p2a: Dragonite
|
|upkeep
|
|t:|1736149284
|switch|p2a: Latios|Latios, M|88/100
|-damage|p2a: Latios|76/100|[from] Stealth Rock
|turn|9
|
|t:|1736149294
|switch|p1a: Garchomp|Garchomp, M|43/100
|move|p2a: Latios|Draco Meteor|p1a: Garchomp
|-supereffective|p1a: Garchomp
|-damage|p1a: Garchomp|0 fnt
|-unboost|p2a: Latios|spa|2
|faint|p1a: Garchomp
|
|upkeep
|
|t:|1736149316
|switch|p1a: Tyranitar|Tyranitar, F|100/100
|-weather|Sandstorm|[from] ability: Sand Stream|[of] p1a: Tyranitar
|turn|10
|
|t:|1736149322
|switch|p2a: Magnezone|Magnezone|100/100
|-damage|p2a: Magnezone|94/100|[from] Stealth Rock
|-item|p2a: Magnezone|Air Balloon
|move|p1a: Tyranitar|Dragon Dance|p1a: Tyranitar
|-boost|p1a: Tyranitar|atk|1
|-boost|p1a: Tyranitar|spe|1
|
|-weather|Sandstorm|[upkeep]
|upkeep
|turn|11
|
|t:|1736149335
|move|p1a: Tyranitar|Dragon Dance|p1a: Tyranitar
|-boost|p1a: Tyranitar|atk|1
|-boost|p1a: Tyranitar|spe|1
|move|p2a: Magnezone|Flash Cannon|p1a: Tyranitar
|-supereffective|p1a: Tyranitar
|-damage|p1a: Tyranitar|39/100
|
|-weather|Sandstorm|[upkeep]
|upkeep
|turn|12
|
|t:|1736149341
|move|p1a: Tyranitar|Fire Punch|p2a: Magnezone
|-supereffective|p2a: Magnezone
|-damage|p2a: Magnezone|0 fnt
|-enditem|p2a: Magnezone|Air Balloon
|faint|p2a: Magnezone
|
|-weather|Sandstorm|[upkeep]
|upkeep
|
|t:|1736149346
|switch|p2a: Garchomp|Garchomp, F|100/100
|-damage|p2a: Garchomp|94/100|[from] Stealth Rock
|turn|13
|
|t:|1736149361
|move|p2a: Garchomp|Outrage|p1a: Tyranitar
|-damage|p1a: Tyranitar|0 fnt
|faint|p1a: Tyranitar
|
|-weather|Sandstorm|[upkeep]
|upkeep
|
|t:|1736149369
|switch|p1a: Latios|Latios, M|100/100
|turn|14
|
|t:|1736149373
|move|p1a: Latios|Draco Meteor|p2a: Garchomp
|-supereffective|p2a: Garchomp
|-damage|p2a: Garchomp|0 fnt
|-unboost|p1a: Latios|spa|2
|faint|p2a: Garchomp
|
|-weather|Sandstorm|[upkeep]
|-damage|p1a: Latios|95/100|[from] Sandstorm
|upkeep
|
|t:|1736149377
|switch|p2a: Latios|Latios, M|76/100
|-damage|p2a: Latios|64/100|[from] Stealth Rock
|turn|15
|
|t:|1736149384
|switch|p1a: Thundurus|Thundurus-Therian, M|100/100
|move|p2a: Latios|Dragon Pulse|p1a: Thundurus
|-damage|p1a: Thundurus|12/100
|
|-weather|Sandstorm|[upkeep]
|-damage|p2a: Latios|58/100|[from] Sandstorm
|-damage|p1a: Thundurus|6/100|[from] Sandstorm
|-heal|p1a: Thundurus|12/100|[from] item: Leftovers
|upkeep
|turn|16
|c|☆AstroMigui|gg
|-message|AstroMigui forfeited.
|
|win|HydreigonSpammer
|raw|HydreigonSpammer's rating: 1354 &rarr; <strong>1375</strong><br />(+21 for winning)
|raw|AstroMigui's rating: 1373 &rarr; <strong>1352</strong><br />(-21 for losing)
|c|☆HydreigonSpammer|gg
|l|☆AstroMigui
|player|p2|
