|j|☆ZBUEB
|j|☆Gen5OU.AntiMeta
|t:|1747157999
|gametype|singles
|player|p1|ZBUEB|266|1292
|player|p2|Gen5OU.AntiMeta|cyrus|1389
|teamsize|p1|6
|teamsize|p2|6
|gen|5
|tier|[Gen 5] OU
|rated|
|rule|Species Clause: Limit one of each Pokémon
|rule|OHKO Clause: OHKO moves are banned
|rule|Moody Clause: Moody is banned
|rule|Evasion Items Clause: Evasion items are banned
|rule|Evasion Moves Clause: Evasion moves are banned
|rule|Endless Battle Clause: Forcing endless battles is banned
|rule|HP Percentage Mod: HP is shown in percentages
|rule|Evasion Abilities Clause: Evasion abilities are banned
|rule|Sleep Moves Clause: Sleep-inducing moves are banned
|rule|Swagger Clause: Swagger is banned
|rule|Baton Pass Stat Clause: No Baton Passer may have a way to boost its stats
|clearpoke
|poke|p1|Lucario, F|item
|poke|p1|Azelf|item
|poke|p1|Dragonite, M|item
|poke|p1|Garchomp, M|item
|poke|p1|Starmie|item
|poke|p1|Volcarona, F|item
|poke|p2|Breloom, F|item
|poke|p2|Gyarados, F|item
|poke|p2|Ferrothorn, M|item
|poke|p2|Jellicent, M|item
|poke|p2|Hitmontop, M|item
|poke|p2|Heatran, M|item
|teampreview
|inactive|Battle timer is ON: inactive players will automatically lose when time's up. (requested by Gen5OU.AntiMeta)
|inactive|Gen5OU.AntiMeta has 120 seconds left.
|
|t:|1747158033
|start
|switch|p1a: Azelf|Azelf|100/100
|switch|p2a: kyoto|Heatran, M|100/100
|turn|1
|
|t:|1747158041
|move|p1a: Azelf|Stealth Rock|p2a: kyoto
|-sidestart|p2: Gen5OU.AntiMeta|move: Stealth Rock
|move|p2a: kyoto|Magma Storm|p1a: Azelf
|-enditem|p1a: Azelf|Focus Sash
|-damage|p1a: Azelf|1/100
|-activate|p1a: Azelf|move: Magma Storm|[of] p2a: kyoto
|
|-damage|p1a: Azelf|0 fnt|[from] move: Magma Storm|[partiallytrapped]
|faint|p1a: Azelf
|upkeep
|
|t:|1747158045
|switch|p1a: Garchomp|Garchomp, M|100/100
|turn|2
|
|t:|1747158055
|switch|p2a: chuck|Ferrothorn, M|100/100
|-damage|p2a: chuck|94/100|[from] Stealth Rock
|move|p1a: Garchomp|Swords Dance|p1a: Garchomp
|-boost|p1a: Garchomp|atk|2
|
|upkeep
|turn|3
|
|t:|1747158062
|move|p1a: Garchomp|Fire Fang|p2a: chuck
|-supereffective|p2a: chuck
|-damage|p2a: chuck|0 fnt
|-damage|p1a: Garchomp|88/100|[from] ability: Iron Barbs|[of] p2a: chuck
|faint|p2a: chuck
|
|upkeep
|
|t:|1747158065
|switch|p2a: Hitmontop|Hitmontop, M|100/100
|-damage|p2a: Hitmontop|94/100|[from] Stealth Rock
|-ability|p2a: Hitmontop|Intimidate|boost
|-unboost|p1a: Garchomp|atk|1
|turn|4
|
|t:|1747158070
|switch|p1a: Starmie|Starmie|100/100
|-item|p1a: Starmie|Air Balloon
|move|p2a: Hitmontop|Rapid Spin|p1a: Starmie
|-damage|p1a: Starmie|93/100
|-enditem|p1a: Starmie|Air Balloon
|-sideend|p2: Gen5OU.AntiMeta|Stealth Rock|[from] move: Rapid Spin|[of] p2a: Hitmontop
|
|upkeep
|turn|5
|
|t:|1747158076
|move|p1a: Starmie|Surf|p2a: Hitmontop
|-crit|p2a: Hitmontop
|-damage|p2a: Hitmontop|7/100
|-enditem|p2a: Hitmontop|Sitrus Berry|[eat]
|-heal|p2a: Hitmontop|32/100|[from] item: Sitrus Berry
|move|p2a: Hitmontop|Body Slam|p1a: Starmie
|-damage|p1a: Starmie|63/100
|-status|p1a: Starmie|par
|
|upkeep
|turn|6
|
|t:|1747158083
|move|p2a: Hitmontop|Earthquake|p1a: Starmie
|-damage|p1a: Starmie|31/100 par
|move|p1a: Starmie|Surf|p2a: Hitmontop
|-damage|p2a: Hitmontop|0 fnt
|faint|p2a: Hitmontop
|
|upkeep
|
|t:|1747158099
|switch|p2a: Jellicent|Jellicent, M|100/100
|turn|7
|
|t:|1747158108
|move|p2a: Jellicent|Scald|p1a: Starmie
|-resisted|p1a: Starmie
|-crit|p1a: Starmie
|-damage|p1a: Starmie|0 fnt
|faint|p1a: Starmie
|
|upkeep
|
|t:|1747158120
|switch|p1a: Garchomp|Garchomp, M|88/100
|turn|8
|
|t:|1747158122
|move|p1a: Garchomp|Swords Dance|p1a: Garchomp
|-boost|p1a: Garchomp|atk|2
|move|p2a: Jellicent|Will-O-Wisp|p1a: Garchomp|[miss]
|-miss|p2a: Jellicent|p1a: Garchomp
|
|upkeep
|turn|9
|
|t:|1747158128
|move|p1a: Garchomp|Earthquake|p2a: Jellicent
|-damage|p2a: Jellicent|20/100
|move|p2a: Jellicent|Will-O-Wisp|p1a: Garchomp
|-status|p1a: Garchomp|brn
|
|-heal|p2a: Jellicent|26/100|[from] item: Leftovers
|-damage|p1a: Garchomp|76/100 brn|[from] brn
|upkeep
|turn|10
|
|t:|1747158134
|move|p1a: Garchomp|Outrage|p2a: Jellicent
|-damage|p2a: Jellicent|0 fnt
|faint|p2a: Jellicent
|
|-damage|p1a: Garchomp|64/100 brn|[from] brn
|upkeep
|
|t:|1747158144
|switch|p2a: kyoto|Heatran, M|100/100
|turn|11
|
|t:|1747158146
|move|p1a: Garchomp|Outrage|p2a: kyoto|[from] lockedmove
|-resisted|p2a: kyoto
|-damage|p2a: kyoto|71/100
|move|p2a: kyoto|Hidden Power|p1a: Garchomp
|-supereffective|p1a: Garchomp
|-damage|p1a: Garchomp|0 fnt
|faint|p1a: Garchomp
|
|-heal|p2a: kyoto|77/100|[from] item: Leftovers
|upkeep
|
|t:|1747158160
|switch|p1a: Lucario|Lucario, F|100/100
|turn|12
|
|t:|1747158171
|switch|p2a: Breloom|Breloom, F|100/100
|move|p1a: Lucario|Close Combat|p2a: Breloom
|-damage|p2a: Breloom|15/100
|-unboost|p1a: Lucario|def|1
|-unboost|p1a: Lucario|spd|1
|-damage|p1a: Lucario|91/100|[from] item: Life Orb
|
|upkeep
|turn|13
|
|t:|1747158179
|move|p1a: Lucario|Extreme Speed|p2a: Breloom
|-damage|p2a: Breloom|0 fnt
|faint|p2a: Breloom
|-damage|p1a: Lucario|81/100|[from] item: Life Orb
|
|upkeep
|
|t:|1747158182
|switch|p2a: maxus|Gyarados, F|100/100
|turn|14
|
|t:|1747158191
|move|p1a: Lucario|Swords Dance|p1a: Lucario
|-boost|p1a: Lucario|atk|2
|move|p2a: maxus|Bounce||[still]
|-prepare|p2a: maxus|Bounce
|
|upkeep
|turn|15
|
|t:|1747158196
|switch|p1a: Volcarona|Volcarona, F|100/100
|move|p2a: maxus|Bounce|p1a: Volcarona|[from] lockedmove
|-supereffective|p1a: Volcarona
|-damage|p1a: Volcarona|0 fnt
|faint|p1a: Volcarona
|-ability|p2a: maxus|Moxie|boost
|-boost|p2a: maxus|atk|1
|
|upkeep
|
|t:|1747158198
|switch|p1a: Dragonite|Dragonite, M|100/100
|turn|16
|
|t:|1747158205
|move|p2a: maxus|Waterfall|p1a: Dragonite
|-resisted|p1a: Dragonite
|-damage|p1a: Dragonite|81/100
|move|p1a: Dragonite|Outrage|p2a: maxus
|-damage|p2a: maxus|20/100
|
|-heal|p2a: maxus|26/100|[from] item: Leftovers
|upkeep
|turn|17
|
|t:|1747158216
|move|p2a: maxus|Bounce||[still]
|-prepare|p2a: maxus|Bounce
|move|p1a: Dragonite|Outrage|p2a: maxus|[from] lockedmove|[miss]
|-miss|p1a: Dragonite|p2a: maxus
|
|-heal|p2a: maxus|32/100|[from] item: Leftovers
|upkeep
|turn|18
|
|t:|1747158227
|move|p2a: maxus|Bounce|p1a: Dragonite|[from] lockedmove
|-damage|p1a: Dragonite|0 fnt
|faint|p1a: Dragonite
|-ability|p2a: maxus|Moxie|boost
|-boost|p2a: maxus|atk|1
|
|-heal|p2a: maxus|38/100|[from] item: Leftovers
|upkeep
|
|t:|1747158230
|switch|p1a: Lucario|Lucario, F|81/100
|turn|19
|
|t:|1747158235
|move|p1a: Lucario|Extreme Speed|p2a: maxus
|-damage|p2a: maxus|0 fnt
|faint|p2a: maxus
|-damage|p1a: Lucario|71/100|[from] item: Life Orb
|
|upkeep
|
|t:|1747158237
|switch|p2a: kyoto|Heatran, M|77/100
|turn|20
|
|t:|1747158240
|move|p1a: Lucario|Close Combat|p2a: kyoto
|-supereffective|p2a: kyoto
|-damage|p2a: kyoto|0 fnt
|-unboost|p1a: Lucario|def|1
|-unboost|p1a: Lucario|spd|1
|faint|p2a: kyoto
|-damage|p1a: Lucario|61/100|[from] item: Life Orb
|
|win|ZBUEB
|raw|ZBUEB's rating: 1292 &rarr; <strong>1324</strong><br />(+32 for winning)
|raw|Gen5OU.AntiMeta's rating: 1389 &rarr; <strong>1364</strong><br />(-25 for losing)
|c|☆ZBUEB|gg
|l|☆Gen5OU.AntiMeta
|player|p2|
