|j|☆BWR BookofConke
|j|☆mimikyu11111
|t:|1722584940
|gametype|singles
|player|p1|BWR BookofConke|silver-masters|1264
|player|p2|mimikyu11111|1|1384
|teamsize|p1|6
|teamsize|p2|6
|gen|5
|tier|[Gen 5] OU
|rated|
|rule|Species Clause: Limit one of each Pokémon
|rule|OHKO Clause: OHKO moves are banned
|rule|Moody Clause: Moody is banned
|rule|Evasion Items Clause: Evasion items are banned
|rule|Evasion Moves Clause: Evasion moves are banned
|rule|Endless Battle Clause: Forcing endless battles is banned
|rule|HP Percentage Mod: HP is shown in percentages
|rule|Evasion Abilities Clause: Evasion abilities are banned
|rule|Sleep Moves Clause: Sleep-inducing moves are banned
|rule|Swagger Clause: Swagger is banned
|rule|Baton Pass Stat Clause: No Baton Passer may have a way to boost its stats
|clearpoke
|poke|p1|Abomasnow, M|item
|poke|p1|Blissey, F|item
|poke|p1|Forretress, F|item
|poke|p1|Gliscor, F|item
|poke|p1|Kyurem-Black|item
|poke|p1|Latios, M|item
|poke|p2|Hydreigon, M|item
|poke|p2|Jellicent, M|item
|poke|p2|Abomasnow, M|item
|poke|p2|Zebstrika, M|item
|poke|p2|Forretress, M|item
|poke|p2|Mienshao, M|item
|teampreview
|inactive|Battle timer is ON: inactive players will automatically lose when time's up. (requested by mimikyu11111)
|
|t:|1722584947
|start
|switch|p1a: Abomasnow|Abomasnow, M|100/100
|switch|p2a: Zebstrika|Zebstrika, M|100/100
|-weather|Hail|[from] ability: Snow Warning|[of] p1a: Abomasnow
|turn|1
|
|t:|1722584954
|move|p1a: Abomasnow|Protect|p1a: Abomasnow
|-singleturn|p1a: Abomasnow|Protect
|move|p2a: Zebstrika|Overheat|p1a: Abomasnow
|-activate|p1a: Abomasnow|move: Protect
|
|-weather|Hail|[upkeep]
|-damage|p2a: Zebstrika|94/100|[from] Hail
|upkeep
|turn|2
|
|t:|1722584980
|switch|p1a: Latios|Latios, M|100/100
|move|p2a: Zebstrika|Volt Switch|p1a: Latios
|-resisted|p1a: Latios
|-damage|p1a: Latios|81/100
|-damage|p2a: Zebstrika|84/100|[from] item: Life Orb
|
|t:|1722584983
|switch|p2a: Hydreigon|Hydreigon, M|100/100|[from] Volt Switch
|
|-weather|Hail|[upkeep]
|-damage|p2a: Hydreigon|94/100|[from] Hail
|-damage|p1a: Latios|75/100|[from] Hail
|upkeep
|turn|3
|
|t:|1722584993
|switch|p1a: Blissey|Blissey, F|100/100
|move|p2a: Hydreigon|U-turn|p1a: Blissey
|-damage|p1a: Blissey|81/100
|
|t:|1722584996
|switch|p2a: Mienshao|Mienshao, M|100/100|[from] U-turn
|
|-weather|Hail|[upkeep]
|-damage|p2a: Mienshao|94/100|[from] Hail
|-damage|p1a: Blissey|75/100|[from] Hail
|-heal|p1a: Blissey|81/100|[from] item: Leftovers
|upkeep
|turn|4
|
|t:|1722585009
|switch|p1a: Gliscor|Gliscor, F|100/100
|move|p2a: Mienshao|High Jump Kick|p1a: Gliscor
|-resisted|p1a: Gliscor
|-crit|p1a: Gliscor
|-damage|p1a: Gliscor|52/100
|
|-weather|Hail|[upkeep]
|-damage|p2a: Mienshao|88/100|[from] Hail
|-damage|p1a: Gliscor|45/100|[from] Hail
|-status|p1a: Gliscor|tox|[from] item: Toxic Orb
|upkeep
|turn|5
|
|t:|1722585022
|move|p1a: Gliscor|Protect|p1a: Gliscor
|-singleturn|p1a: Gliscor|Protect
|move|p2a: Mienshao|High Jump Kick|p1a: Gliscor
|-activate|p1a: Gliscor|move: Protect
|-damage|p2a: Mienshao|38/100|[from] highjumpkick
|
|-weather|Hail|[upkeep]
|-damage|p2a: Mienshao|32/100|[from] Hail
|-damage|p1a: Gliscor|39/100 tox|[from] Hail
|-heal|p1a: Gliscor|52/100 tox|[from] ability: Poison Heal
|upkeep
|turn|6
|
|t:|1722585034
|move|p2a: Mienshao|U-turn|p1a: Gliscor
|-resisted|p1a: Gliscor
|-damage|p1a: Gliscor|43/100 tox
|
|t:|1722585039
|switch|p2a: Hydreigon|Hydreigon, M|94/100|[from] U-turn
|move|p1a: Gliscor|Stealth Rock|p2a: Hydreigon
|-sidestart|p2: mimikyu11111|move: Stealth Rock
|
|-weather|Hail|[upkeep]
|-damage|p2a: Hydreigon|88/100|[from] Hail
|-damage|p1a: Gliscor|37/100 tox|[from] Hail
|-heal|p1a: Gliscor|49/100 tox|[from] ability: Poison Heal
|upkeep
|turn|7
|
|t:|1722585047
|move|p1a: Gliscor|Protect|p1a: Gliscor
|-singleturn|p1a: Gliscor|Protect
|move|p2a: Hydreigon|Superpower|p1a: Gliscor
|-activate|p1a: Gliscor|move: Protect
|
|-weather|Hail|[upkeep]
|-damage|p2a: Hydreigon|82/100|[from] Hail
|-damage|p1a: Gliscor|43/100 tox|[from] Hail
|-heal|p1a: Gliscor|56/100 tox|[from] ability: Poison Heal
|upkeep
|turn|8
|
|t:|1722585072
|switch|p2a: Forretress|Forretress, M|100/100
|-damage|p2a: Forretress|88/100|[from] Stealth Rock
|switch|p1a: Forretress|Forretress, F|100/100
|
|-weather|Hail|[upkeep]
|-damage|p2a: Forretress|82/100|[from] Hail
|upkeep
|turn|9
|
|t:|1722585081
|move|p1a: Forretress|Hidden Power|p2a: Forretress
|-supereffective|p2a: Forretress
|-damage|p2a: Forretress|16/100
|move|p2a: Forretress|Rapid Spin|p1a: Forretress
|-resisted|p1a: Forretress
|-damage|p1a: Forretress|99/100
|-sideend|p2: mimikyu11111|Stealth Rock|[from] move: Rapid Spin|[of] p2a: Forretress
|
|-weather|Hail|[upkeep]
|-damage|p2a: Forretress|10/100|[from] Hail
|-heal|p1a: Forretress|100/100|[from] item: Leftovers
|upkeep
|turn|10
|-enditem|p2a: Forretress|Custap Berry|[eat]
|-activate|p2a: Forretress|item: Custap Berry|[consumed]
|
|t:|1722585090
|move|p2a: Forretress|Stealth Rock|p1a: Forretress
|-sidestart|p1: BWR BookofConke|move: Stealth Rock
|move|p1a: Forretress|Spikes|p2a: Forretress
|-sidestart|p2: mimikyu11111|Spikes
|
|-weather|Hail|[upkeep]
|-damage|p2a: Forretress|4/100|[from] Hail
|upkeep
|turn|11
|
|t:|1722585103
|move|p1a: Forretress|Rapid Spin|p2a: Forretress
|-resisted|p2a: Forretress
|-damage|p2a: Forretress|3/100
|-sideend|p1: BWR BookofConke|Stealth Rock|[from] move: Rapid Spin|[of] p1a: Forretress
|move|p2a: Forretress|Rapid Spin|p1a: Forretress
|-resisted|p1a: Forretress
|-damage|p1a: Forretress|99/100
|-sideend|p2: mimikyu11111|Spikes|[from] move: Rapid Spin|[of] p2a: Forretress
|
|-weather|Hail|[upkeep]
|-damage|p2a: Forretress|0 fnt|[from] Hail
|faint|p2a: Forretress
|-heal|p1a: Forretress|100/100|[from] item: Leftovers
|upkeep
|
|t:|1722585106
|switch|p2a: Abomasnow|Abomasnow, M|100/100
|turn|12
|
|t:|1722585130
|switch|p1a: Blissey|Blissey, F|81/100
|move|p2a: Abomasnow|Hidden Power|p1a: Blissey
|-crit|p1a: Blissey
|-damage|p1a: Blissey|65/100
|
|-weather|Hail|[upkeep]
|-damage|p1a: Blissey|59/100|[from] Hail
|-heal|p1a: Blissey|65/100|[from] item: Leftovers
|upkeep
|turn|13
|
|t:|1722585140
|move|p1a: Blissey|Thunder Wave|p2a: Abomasnow
|-status|p2a: Abomasnow|par
|cant|p2a: Abomasnow|par
|
|-weather|Hail|[upkeep]
|-damage|p1a: Blissey|59/100|[from] Hail
|-heal|p1a: Blissey|65/100|[from] item: Leftovers
|upkeep
|turn|14
|
|t:|1722585154
|move|p1a: Blissey|Soft-Boiled|p1a: Blissey
|-heal|p1a: Blissey|100/100
|cant|p2a: Abomasnow|par
|
|-weather|Hail|[upkeep]
|-damage|p1a: Blissey|94/100|[from] Hail
|-heal|p1a: Blissey|100/100|[from] item: Leftovers
|upkeep
|turn|15
|
|t:|1722585163
|move|p1a: Blissey|Seismic Toss|p2a: Abomasnow
|-damage|p2a: Abomasnow|74/100 par
|cant|p2a: Abomasnow|par
|
|-weather|Hail|[upkeep]
|-damage|p1a: Blissey|94/100|[from] Hail
|-heal|p1a: Blissey|100/100|[from] item: Leftovers
|-heal|p2a: Abomasnow|81/100 par|[from] item: Leftovers
|upkeep
|turn|16
|
|t:|1722585172
|move|p1a: Blissey|Seismic Toss|p2a: Abomasnow
|-damage|p2a: Abomasnow|55/100 par
|move|p2a: Abomasnow|Wood Hammer|p1a: Blissey
|-damage|p1a: Blissey|70/100
|-damage|p2a: Abomasnow|36/100 par|[from] Recoil
|
|-weather|Hail|[upkeep]
|-damage|p1a: Blissey|64/100|[from] Hail
|-heal|p1a: Blissey|70/100|[from] item: Leftovers
|-heal|p2a: Abomasnow|42/100 par|[from] item: Leftovers
|upkeep
|turn|17
|
|t:|1722585193
|switch|p2a: Mienshao|Mienshao, M|65/100
|move|p1a: Blissey|Seismic Toss|p2a: Mienshao
|-damage|p2a: Mienshao|28/100
|
|-weather|Hail|[upkeep]
|-damage|p2a: Mienshao|22/100|[from] Hail
|-damage|p1a: Blissey|64/100|[from] Hail
|-heal|p1a: Blissey|70/100|[from] item: Leftovers
|upkeep
|turn|18
|
|t:|1722585208
|switch|p1a: Forretress|Forretress, F|100/100
|move|p2a: Mienshao|U-turn|p1a: Forretress
|-resisted|p1a: Forretress
|-damage|p1a: Forretress|94/100
|
|t:|1722585216
|switch|p2a: Zebstrika|Zebstrika, M|84/100|[from] U-turn
|
|-weather|Hail|[upkeep]
|-damage|p2a: Zebstrika|78/100|[from] Hail
|-heal|p1a: Forretress|100/100|[from] item: Leftovers
|upkeep
|turn|19
|
|t:|1722585237
|switch|p1a: Latios|Latios, M|75/100
|move|p2a: Zebstrika|Volt Switch|p1a: Latios
|-resisted|p1a: Latios
|-damage|p1a: Latios|59/100
|-damage|p2a: Zebstrika|68/100|[from] item: Life Orb
|
|t:|1722585241
|switch|p2a: Hydreigon|Hydreigon, M|82/100|[from] Volt Switch
|
|-weather|Hail|[upkeep]
|-damage|p2a: Hydreigon|76/100|[from] Hail
|-damage|p1a: Latios|53/100|[from] Hail
|upkeep
|turn|20
|
|t:|1722585253
|switch|p1a: Forretress|Forretress, F|100/100
|move|p2a: Hydreigon|U-turn|p1a: Forretress
|-resisted|p1a: Forretress
|-damage|p1a: Forretress|95/100
|
|t:|1722585260
|switch|p2a: Zebstrika|Zebstrika, M|68/100|[from] U-turn
|
|-weather|Hail|[upkeep]
|-damage|p2a: Zebstrika|62/100|[from] Hail
|-heal|p1a: Forretress|100/100|[from] item: Leftovers
|upkeep
|turn|21
|
|t:|1722585268
|switch|p1a: Latios|Latios, M|53/100
|move|p2a: Zebstrika|Overheat|p1a: Latios|[miss]
|-miss|p2a: Zebstrika|p1a: Latios
|
|-weather|Hail|[upkeep]
|-damage|p2a: Zebstrika|56/100|[from] Hail
|-damage|p1a: Latios|47/100|[from] Hail
|upkeep
|turn|22
|
|t:|1722585276
|move|p2a: Zebstrika|Hidden Power|p1a: Latios
|-supereffective|p1a: Latios
|-damage|p1a: Latios|1/100
|-damage|p2a: Zebstrika|46/100|[from] item: Life Orb
|move|p1a: Latios|Recover|p1a: Latios
|-heal|p1a: Latios|51/100
|
|-weather|Hail|[upkeep]
|-damage|p2a: Zebstrika|40/100|[from] Hail
|-damage|p1a: Latios|45/100|[from] Hail
|upkeep
|turn|23
|inactive|BWR BookofConke has 120 seconds left.
|
|t:|1722585313
|switch|p1a: Blissey|Blissey, F|70/100
|move|p2a: Zebstrika|Hidden Power|p1a: Blissey
|-damage|p1a: Blissey|61/100
|-damage|p2a: Zebstrika|30/100|[from] item: Life Orb
|
|-weather|Hail|[upkeep]
|-damage|p2a: Zebstrika|24/100|[from] Hail
|-damage|p1a: Blissey|54/100|[from] Hail
|-heal|p1a: Blissey|61/100|[from] item: Leftovers
|upkeep
|turn|24
|inactive|BWR BookofConke has 120 seconds left.
|
|t:|1722585325
|move|p2a: Zebstrika|Double-Edge|p1a: Blissey
|-damage|p1a: Blissey|31/100
|-damage|p2a: Zebstrika|0 fnt|[from] Recoil
|faint|p2a: Zebstrika
|move|p1a: Blissey|Soft-Boiled|p1a: Blissey
|-heal|p1a: Blissey|81/100
|
|-weather|Hail|[upkeep]
|-damage|p1a: Blissey|75/100|[from] Hail
|-heal|p1a: Blissey|81/100|[from] item: Leftovers
|upkeep
|
|t:|1722585328
|switch|p2a: Mienshao|Mienshao, M|55/100
|turn|25
|
|t:|1722585337
|switch|p1a: Forretress|Forretress, F|100/100
|move|p2a: Mienshao|High Jump Kick|p1a: Forretress
|-damage|p1a: Forretress|66/100
|
|-weather|Hail|[upkeep]
|-damage|p2a: Mienshao|49/100|[from] Hail
|-heal|p1a: Forretress|72/100|[from] item: Leftovers
|upkeep
|turn|26
|inactive|BWR BookofConke has 120 seconds left.
|
|t:|1722585363
|move|p2a: Mienshao|Fake Out||[still]
|-hint|Fake Out only works on your first turn out.
|-fail|p2a: Mienshao
|move|p1a: Forretress|Gyro Ball|p2a: Mienshao
|-damage|p2a: Mienshao|0 fnt
|faint|p2a: Mienshao
|
|-weather|Hail|[upkeep]
|-heal|p1a: Forretress|78/100|[from] item: Leftovers
|upkeep
|-message|mimikyu11111 forfeited.
|
|win|BWR BookofConke
|raw|BWR BookofConke's rating: 1264 &rarr; <strong>1297</strong><br />(+33 for winning)
|raw|mimikyu11111's rating: 1384 &rarr; <strong>1357</strong><br />(-27 for losing)
|l|☆mimikyu11111
|player|p2|
