|j|☆gamerno1
|j|☆CertamenMeum
|t:|1734194090
|gametype|singles
|player|p1|gamerno1|policeman-gen4|1455
|player|p2|CertamenMeum|fisherman-gen4|1535
|teamsize|p1|6
|teamsize|p2|6
|gen|5
|tier|[Gen 5] OU
|rated|
|rule|Species Clause: Limit one of each Pokémon
|rule|OHKO Clause: OHKO moves are banned
|rule|Moody Clause: Moody is banned
|rule|Evasion Items Clause: Evasion items are banned
|rule|Evasion Moves Clause: Evasion moves are banned
|rule|Endless Battle Clause: Forcing endless battles is banned
|rule|HP Percentage Mod: HP is shown in percentages
|rule|Evasion Abilities Clause: Evasion abilities are banned
|rule|Sleep Moves Clause: Sleep-inducing moves are banned
|rule|Swagger Clause: Swagger is banned
|rule|Baton Pass Stat Clause: No Baton Passer may have a way to boost its stats
|clearpoke
|poke|p1|Salamence, F|item
|poke|p1|Mamoswine, M|item
|poke|p1|Lucario, F|item
|poke|p1|Gyarados, M|item
|poke|p1|Mew|item
|poke|p1|Cresselia, F|item
|poke|p2|Forretress, M|item
|poke|p2|Dragonite, M|item
|poke|p2|Scizor, M|item
|poke|p2|Rotom-Wash|item
|poke|p2|Ferrothorn, F|item
|poke|p2|Landorus-Therian, M|item
|teampreview
|inactive|Battle timer is ON: inactive players will automatically lose when time's up. (requested by CertamenMeum)
|
|t:|1734194096
|start
|switch|p1a: Mew|Mew|100/100
|switch|p2a: ランドロス|Landorus-Therian, M|100/100
|-ability|p2a: ランドロス|Intimidate|boost
|-unboost|p1a: Mew|atk|1
|turn|1
|
|t:|1734194102
|move|p2a: ランドロス|U-turn|p1a: Mew
|-supereffective|p1a: Mew
|-damage|p1a: Mew|54/100
|
|t:|1734194107
|switch|p2a: フォレトス|Forretress, M, shiny|100/100|[from] U-turn
|move|p1a: Mew|Reflect|p1a: Mew
|-sidestart|p1: gamerno1|Reflect
|
|upkeep
|turn|2
|
|t:|1734194122
|switch|p2a: ランドロス|Landorus-Therian, M|100/100
|-ability|p2a: ランドロス|Intimidate|boost
|-unboost|p1a: Mew|atk|1
|move|p1a: Mew|Taunt|p2a: ランドロス
|-start|p2a: ランドロス|move: Taunt
|
|upkeep
|turn|3
|
|t:|1734194129
|move|p2a: ランドロス|U-turn|p1a: Mew
|-supereffective|p1a: Mew
|-damage|p1a: Mew|31/100
|
|t:|1734194140
|switch|p2a: ロトム|Rotom-Wash, shiny|100/100|[from] U-turn
|move|p1a: Mew|Light Screen|p1a: Mew
|-sidestart|p1: gamerno1|move: Light Screen
|
|upkeep
|turn|4
|
|t:|1734194150
|move|p1a: Mew|Stealth Rock|p2a: ロトム
|-sidestart|p2: CertamenMeum|move: Stealth Rock
|move|p2a: ロトム|Volt Switch|p1a: Mew
|-damage|p1a: Mew|10/100
|
|t:|1734194168
|switch|p2a: フォレトス|Forretress, M, shiny|100/100|[from] Volt Switch
|-damage|p2a: フォレトス|88/100|[from] Stealth Rock
|
|upkeep
|turn|5
|
|t:|1734194184
|switch|p1a: Lucario|Lucario, F|100/100
|move|p2a: フォレトス|Rapid Spin|p1a: Lucario
|-resisted|p1a: Lucario
|-damage|p1a: Lucario|98/100
|-sideend|p2: CertamenMeum|Stealth Rock|[from] move: Rapid Spin|[of] p2a: フォレトス
|
|upkeep
|turn|6
|
|t:|1734194193
|switch|p2a: ランドロス|Landorus-Therian, M|100/100
|-ability|p2a: ランドロス|Intimidate|boost
|-unboost|p1a: Lucario|atk|1
|move|p1a: Lucario|Swords Dance|p1a: Lucario
|-boost|p1a: Lucario|atk|2
|
|upkeep
|turn|7
|
|t:|1734194210
|switch|p1a: Salamence|Salamence, F|100/100
|move|p2a: ランドロス|Earthquake|p1a: Salamence
|-immune|p1a: Salamence
|
|upkeep
|turn|8
|
|t:|1734194225
|switch|p2a: ロトム|Rotom-Wash, shiny|100/100
|move|p1a: Salamence|Fire Blast|p2a: ロトム
|-resisted|p2a: ロトム
|-damage|p2a: ロトム|81/100
|
|-sideend|p1: gamerno1|Reflect
|upkeep
|turn|9
|
|t:|1734194236
|switch|p1a: Mew|Mew|10/100
|move|p2a: ロトム|Trick|p1a: Mew
|-activate|p2a: ロトム|move: Trick|[of] p1a: Mew
|-item|p1a: Mew|Choice Specs|[from] move: Trick
|-item|p2a: ロトム|Light Clay|[from] move: Trick
|
|upkeep
|turn|10
|
|t:|1734194246
|switch|p2a: フォレトス|Forretress, M, shiny|88/100
|move|p1a: Mew|Stealth Rock|p2a: フォレトス
|-sidestart|p2: CertamenMeum|move: Stealth Rock
|
|-sideend|p1: gamerno1|move: Light Screen
|upkeep
|turn|11
|
|t:|1734194252
|switch|p1a: Lucario|Lucario, F|98/100
|move|p2a: フォレトス|Stealth Rock|p1a: Lucario
|-sidestart|p1: gamerno1|move: Stealth Rock
|
|upkeep
|turn|12
|
|t:|1734194258
|switch|p2a: ランドロス|Landorus-Therian, M|100/100
|-damage|p2a: ランドロス|88/100|[from] Stealth Rock
|-ability|p2a: ランドロス|Intimidate|boost
|-unboost|p1a: Lucario|atk|1
|move|p1a: Lucario|Ice Punch|p2a: ランドロス
|-supereffective|p2a: ランドロス
|-damage|p2a: ランドロス|0 fnt
|faint|p2a: ランドロス
|-damage|p1a: Lucario|88/100|[from] item: Life Orb
|
|upkeep
|
|t:|1734194273
|switch|p2a: ロトム|Rotom-Wash, shiny|81/100
|-damage|p2a: ロトム|69/100|[from] Stealth Rock
|turn|13
|
|t:|1734194283
|switch|p1a: Mew|Mew|10/100
|-damage|p1a: Mew|0 fnt|[from] Stealth Rock
|faint|p1a: Mew
|move|p2a: ロトム|Volt Switch|p1: Mew|[notarget]
|-fail|p2a: ロトム
|
|upkeep
|
|t:|1734194295
|switch|p1a: Cresselia|Cresselia, F|100/100
|-damage|p1a: Cresselia|88/100|[from] Stealth Rock
|turn|14
|
|t:|1734194299
|move|p2a: ロトム|Trick|p1a: Cresselia
|-activate|p2a: ロトム|move: Trick|[of] p1a: Cresselia
|-item|p1a: Cresselia|Light Clay|[from] move: Trick
|-item|p2a: ロトム|Light Clay|[from] move: Trick
|move|p1a: Cresselia|Thunder Wave|p2a: ロトム
|-status|p2a: ロトム|par
|
|upkeep
|turn|15
|c|☆gamerno1|sick
|c|☆CertamenMeum|:o
|
|t:|1734194315
|move|p1a: Cresselia|Light Screen|p1a: Cresselia
|-sidestart|p1: gamerno1|move: Light Screen
|move|p2a: ロトム|Volt Switch|p1a: Cresselia
|-crit|p1a: Cresselia
|-damage|p1a: Cresselia|47/100
|
|t:|1734194324
|switch|p2a: ナットレイ|Ferrothorn, F|100/100|[from] Volt Switch
|-damage|p2a: ナットレイ|94/100|[from] Stealth Rock
|
|-heal|p2a: ナットレイ|100/100|[from] item: Leftovers
|upkeep
|turn|16
|
|t:|1734194331
|move|p1a: Cresselia|Reflect|p1a: Cresselia
|-sidestart|p1: gamerno1|Reflect
|move|p2a: ナットレイ|Curse|p2a: ナットレイ
|-unboost|p2a: ナットレイ|spe|1
|-boost|p2a: ナットレイ|atk|1
|-boost|p2a: ナットレイ|def|1
|
|upkeep
|turn|17
|
|t:|1734194337
|switch|p1a: Lucario|Lucario, F|88/100
|-damage|p1a: Lucario|86/100|[from] Stealth Rock
|move|p2a: ナットレイ|Leech Seed|p1a: Lucario|[miss]
|-miss|p2a: ナットレイ|p1a: Lucario
|
|upkeep
|turn|18
|
|t:|1734194348
|move|p1a: Lucario|Swords Dance|p1a: Lucario
|-boost|p1a: Lucario|atk|2
|move|p2a: ナットレイ|Curse|p2a: ナットレイ
|-unboost|p2a: ナットレイ|spe|1
|-boost|p2a: ナットレイ|atk|1
|-boost|p2a: ナットレイ|def|1
|
|upkeep
|turn|19
|
|t:|1734194353
|move|p1a: Lucario|Close Combat|p2a: ナットレイ
|-supereffective|p2a: ナットレイ
|-damage|p2a: ナットレイ|0 fnt
|-unboost|p1a: Lucario|def|1
|-unboost|p1a: Lucario|spd|1
|-damage|p1a: Lucario|73/100|[from] ability: Iron Barbs|[of] p2a: ナットレイ
|faint|p2a: ナットレイ
|-damage|p1a: Lucario|63/100|[from] item: Life Orb
|
|upkeep
|
|t:|1734194363
|switch|p2a: ロトム|Rotom-Wash, shiny|69/100 par
|-damage|p2a: ロトム|56/100 par|[from] Stealth Rock
|turn|20
|
|t:|1734194367
|move|p1a: Lucario|Close Combat|p2a: ロトム
|-damage|p2a: ロトム|0 fnt
|-unboost|p1a: Lucario|def|1
|-unboost|p1a: Lucario|spd|1
|faint|p2a: ロトム
|-damage|p1a: Lucario|53/100|[from] item: Life Orb
|
|upkeep
|
|t:|1734194377
|switch|p2a: フォレトス|Forretress, M, shiny|88/100
|-damage|p2a: フォレトス|76/100|[from] Stealth Rock
|turn|21
|
|t:|1734194380
|move|p1a: Lucario|Close Combat|p2a: フォレトス
|-damage|p2a: フォレトス|0 fnt
|-unboost|p1a: Lucario|def|1
|-unboost|p1a: Lucario|spd|1
|faint|p2a: フォレトス
|-damage|p1a: Lucario|43/100|[from] item: Life Orb
|
|upkeep
|
|t:|1734194388
|switch|p2a: ハッサム|Scizor, M|100/100
|-damage|p2a: ハッサム|88/100|[from] Stealth Rock
|turn|22
|
|t:|1734194402
|switch|p1a: Gyarados|Gyarados, M|100/100
|-damage|p1a: Gyarados|76/100|[from] Stealth Rock
|move|p2a: ハッサム|Bullet Punch|p1a: Gyarados
|-resisted|p1a: Gyarados
|-damage|p1a: Gyarados|61/100
|
|-heal|p1a: Gyarados|67/100|[from] item: Leftovers
|-sideend|p1: gamerno1|move: Light Screen
|upkeep
|turn|23
|
|t:|1734194413
|move|p2a: ハッサム|Bullet Punch|p1a: Gyarados
|-resisted|p1a: Gyarados
|-damage|p1a: Gyarados|51/100
|move|p1a: Gyarados|Waterfall|p2a: ハッサム
|-damage|p2a: ハッサム|40/100
|
|-heal|p1a: Gyarados|57/100|[from] item: Leftovers
|-sideend|p1: gamerno1|Reflect
|upkeep
|turn|24
|
|t:|1734194418
|switch|p2a: カイリュー|Dragonite, M|100/100
|-damage|p2a: カイリュー|76/100|[from] Stealth Rock
|move|p1a: Gyarados|Waterfall|p2a: カイリュー
|-resisted|p2a: カイリュー
|-damage|p2a: カイリュー|53/100
|
|-heal|p1a: Gyarados|64/100|[from] item: Leftovers
|upkeep
|turn|25
|
|t:|1734194425
|switch|p1a: Mamoswine|Mamoswine, M|100/100
|-damage|p1a: Mamoswine|88/100|[from] Stealth Rock
|move|p2a: カイリュー|Dragon Dance|p2a: カイリュー
|-boost|p2a: カイリュー|atk|1
|-boost|p2a: カイリュー|spe|1
|
|upkeep
|turn|26
|
|t:|1734194431
|move|p2a: カイリュー|Extreme Speed|p1a: Mamoswine
|-damage|p1a: Mamoswine|34/100
|move|p1a: Mamoswine|Ice Shard|p2a: カイリュー
|-supereffective|p2a: カイリュー
|-damage|p2a: カイリュー|0 fnt
|faint|p2a: カイリュー
|-damage|p1a: Mamoswine|24/100|[from] item: Life Orb
|
|upkeep
|
|t:|1734194436
|switch|p2a: ハッサム|Scizor, M|40/100
|-damage|p2a: ハッサム|28/100|[from] Stealth Rock
|turn|27
|
|t:|1734194444
|move|p2a: ハッサム|Bullet Punch|p1a: Mamoswine
|-supereffective|p1a: Mamoswine
|-damage|p1a: Mamoswine|0 fnt
|faint|p1a: Mamoswine
|
|upkeep
|
|t:|1734194449
|switch|p1a: Gyarados|Gyarados, M|64/100
|-damage|p1a: Gyarados|39/100|[from] Stealth Rock
|turn|28
|
|t:|1734194453
|move|p2a: ハッサム|Bullet Punch|p1a: Gyarados
|-resisted|p1a: Gyarados
|-damage|p1a: Gyarados|9/100
|move|p1a: Gyarados|Waterfall|p2a: ハッサム
|-damage|p2a: ハッサム|0 fnt
|faint|p2a: ハッサム
|-ability|p1a: Gyarados|Moxie|boost
|-boost|p1a: Gyarados|atk|1
|
|win|gamerno1
|raw|gamerno1's rating: 1455 &rarr; <strong>1480</strong><br />(+25 for winning)
|raw|CertamenMeum's rating: 1535 &rarr; <strong>1510</strong><br />(-25 for losing)
|l|☆CertamenMeum
|player|p2|
|c|☆gamerno1|gg
