|j|☆CamperSpencer
|j|☆basco
|player|p1|CamperSpencer|5
|player|p2|basco|266
|teamsize|p1|6
|teamsize|p2|6
|gametype|singles
|gen|5
|tier|[Gen 5] OU
|rated|
|rule|Sleep Clause Mod: Limit one foe put to sleep
|rule|Species Clause: Limit one of each Pokémon
|rule|OHKO Clause: OHKO moves are banned
|rule|Moody Clause: Moody is banned
|rule|Evasion Moves Clause: Evasion moves are banned
|rule|Endless Battle Clause: Forcing endless battles is banned
|rule|HP Percentage Mod: HP is shown in percentages
|rule|Evasion Abilities Clause: Evasion abilities are banned
|rule|Baton Pass Clause: Limit one Baton Passer, can't pass Spe and other stats simultaneously
|rule|Swagger Clause: Swagger is banned
|clearpoke
|poke|p1|Hippowdon, M|item
|poke|p1|Tyranitar, M|item
|poke|p1|Garchomp, F|item
|poke|p1|Excadrill, F|item
|poke|p1|Reuniclus, F|item
|poke|p1|Terrakion|item
|poke|p2|Tyranitar, M|item
|poke|p2|Magnezone|item
|poke|p2|Terrakion|item
|poke|p2|Latios, M|item
|poke|p2|Scizor, F|item
|poke|p2|Landorus-Therian, M|item
|teampreview
|
|start
|switch|p1a: Garchomp|Garchomp, F|100/100
|switch|p2a: Bron Bron|Landorus-Therian, M|100/100
|-ability|p2a: Bron Bron|Intimidate|boost
|-unboost|p1a: Garchomp|atk|1
|turn|1
|
|switch|p1a: Hippowdon|Hippowdon, M|100/100
|-weather|Sandstorm|[from] ability: Sand Stream|[of] p1a: Hippowdon
|move|p2a: Bron Bron|Hidden Power|p1a: Hippowdon
|-supereffective|p1a: Hippowdon
|-damage|p1a: Hippowdon|54/100
|
|-weather|Sandstorm|[upkeep]
|upkeep
|turn|2
|
|move|p2a: Bron Bron|Hidden Power|p1a: Hippowdon
|-supereffective|p1a: Hippowdon
|-damage|p1a: Hippowdon|15/100
|move|p1a: Hippowdon|Stealth Rock|p2a: Bron Bron
|-sidestart|p2: basco|move: Stealth Rock
|
|-weather|Sandstorm|[upkeep]
|upkeep
|turn|3
|
|move|p2a: Bron Bron|Earthquake|p1a: Hippowdon
|-damage|p1a: Hippowdon|0
|faint|p1a: Hippowdon
|
|-weather|Sandstorm|[upkeep]
|upkeep
|
|switch|p1a: Garchomp|Garchomp, F|100/100
|turn|4
|inactive|Battle timer is ON: inactive players will automatically lose when time's up. (requested by CamperSpencer)
|
|move|p1a: Garchomp|Swords Dance|p1a: Garchomp
|-boost|p1a: Garchomp|atk|2
|move|p2a: Bron Bron|Hidden Power|p1a: Garchomp
|-supereffective|p1a: Garchomp
|-damage|p1a: Garchomp|9/100
|
|-weather|Sandstorm|[upkeep]
|upkeep
|turn|5
|
|move|p1a: Garchomp|Outrage|p2a: Bron Bron
|-damage|p2a: Bron Bron|0
|faint|p2a: Bron Bron
|
|-weather|Sandstorm|[upkeep]
|upkeep
|
|switch|p2a: Miller|Scizor, F, shiny|100/100
|-damage|p2a: Miller|88/100|[from] Stealth Rock
|turn|6
|
|move|p2a: Miller|Bullet Punch|p1a: Garchomp
|-damage|p1a: Garchomp|0
|-damage|p2a: Miller|76/100|[from] ability: Rough Skin|[of] p1a: Garchomp
|faint|p1a: Garchomp
|
|-weather|Sandstorm|[upkeep]
|upkeep
|
|switch|p1a: Reuniclus|Reuniclus, F|100/100
|turn|7
|
|switch|p2a: Pat Riely|Tyranitar, M|100/100
|-damage|p2a: Pat Riely|88/100|[from] Stealth Rock
|move|p1a: Reuniclus|Hidden Power|p2a: Pat Riely
|-resisted|p2a: Pat Riely
|-damage|p2a: Pat Riely|84/100
|
|-weather|Sandstorm|[upkeep]
|-heal|p2a: Pat Riely|90/100|[from] item: Leftovers
|upkeep
|turn|8
|
|switch|p1a: Terrakion|Terrakion|100/100
|move|p2a: Pat Riely|Stealth Rock|p1a: Terrakion
|-sidestart|p1: CamperSpencer|move: Stealth Rock
|
|-weather|Sandstorm|[upkeep]
|-heal|p2a: Pat Riely|96/100|[from] item: Leftovers
|upkeep
|turn|9
|
|move|p1a: Terrakion|X-Scissor|p2a: Pat Riely
|-supereffective|p2a: Pat Riely
|-damage|p2a: Pat Riely|32/100
|move|p2a: Pat Riely|Stealth Rock|p1a: Terrakion
|-fail|p2a: Pat Riely
|
|-weather|Sandstorm|[upkeep]
|-heal|p2a: Pat Riely|38/100|[from] item: Leftovers
|upkeep
|turn|10
|c|☆CamperSpencer|nice
|
|move|p1a: Terrakion|X-Scissor|p2a: Pat Riely
|-supereffective|p2a: Pat Riely
|-damage|p2a: Pat Riely|0
|faint|p2a: Pat Riely
|
|-weather|Sandstorm|[upkeep]
|upkeep
|c|☆basco|yeah playing wow too haha
|
|switch|p2a: Miller|Scizor, F, shiny|76/100
|-damage|p2a: Miller|64/100|[from] Stealth Rock
|turn|11
|c|☆CamperSpencer|xD
|
|switch|p1a: Reuniclus|Reuniclus, F|100/100
|move|p2a: Miller|U-turn|p1a: Reuniclus
|-supereffective|p1a: Reuniclus
|-damage|p1a: Reuniclus|21/100
|
|switch|p2a: D.Wade|Terrakion|100/100
|-damage|p2a: D.Wade|94/100|[from] Stealth Rock
|
|-weather|Sandstorm|[upkeep]
|-heal|p1a: Reuniclus|27/100|[from] item: Leftovers
|upkeep
|turn|12
|
|move|p2a: D.Wade|X-Scissor|p1a: Reuniclus
|-supereffective|p1a: Reuniclus
|-damage|p1a: Reuniclus|0
|faint|p1a: Reuniclus
|
|-weather|Sandstorm|[upkeep]
|upkeep
|
|switch|p1a: Terrakion|Terrakion|100/100
|-damage|p1a: Terrakion|94/100|[from] Stealth Rock
|turn|13
|
|switch|p2a: Bosh|Latios, M, shiny|100/100
|-damage|p2a: Bosh|88/100|[from] Stealth Rock
|move|p1a: Terrakion|Close Combat|p2a: Bosh
|-resisted|p2a: Bosh
|-damage|p2a: Bosh|27/100
|-unboost|p1a: Terrakion|def|1
|-unboost|p1a: Terrakion|spd|1
|
|-weather|Sandstorm|[upkeep]
|-damage|p2a: Bosh|21/100|[from] Sandstorm
|upkeep
|turn|14
|
|move|p2a: Bosh|Surf|p1a: Terrakion
|-supereffective|p1a: Terrakion
|-damage|p1a: Terrakion|0
|faint|p1a: Terrakion
|
|-weather|Sandstorm|[upkeep]
|-damage|p2a: Bosh|15/100|[from] Sandstorm
|upkeep
|
|switch|p1a: Tyranitar|Tyranitar, M|100/100
|-damage|p1a: Tyranitar|88/100|[from] Stealth Rock
|turn|15
|
|move|p2a: Bosh|Surf|p1a: Tyranitar
|-supereffective|p1a: Tyranitar
|-damage|p1a: Tyranitar|46/100
|move|p1a: Tyranitar|Pursuit|p2a: Bosh
|-supereffective|p2a: Bosh
|-damage|p2a: Bosh|0
|-damage|p1a: Tyranitar|36/100|[from] item: Life Orb
|faint|p2a: Bosh
|
|-weather|Sandstorm|[upkeep]
|upkeep
|
|switch|p2a: D.Wade|Terrakion|94/100
|-damage|p2a: D.Wade|88/100|[from] Stealth Rock
|turn|16
|c|☆CamperSpencer|i fucking hate the ladder
|c|☆CamperSpencer|i win and get +4
|c|☆CamperSpencer|I lose and get -30
|c|☆basco|i feel u
|
|move|p2a: D.Wade|Close Combat|p1a: Tyranitar
|-supereffective|p1a: Tyranitar
|-damage|p1a: Tyranitar|0
|-unboost|p2a: D.Wade|def|1
|-unboost|p2a: D.Wade|spd|1
|faint|p1a: Tyranitar
|
|-weather|Sandstorm|[upkeep]
|upkeep
|
|switch|p1a: Excadrill|Excadrill, F|100/100
|-damage|p1a: Excadrill|98/100|[from] Stealth Rock
|-ability|p1a: Excadrill|Mold Breaker
|turn|17
|c|☆CamperSpencer|penis
|
|move|p2a: D.Wade|Close Combat|p1a: Excadrill
|-supereffective|p1a: Excadrill
|-damage|p1a: Excadrill|0
|-unboost|p2a: D.Wade|def|1
|-unboost|p2a: D.Wade|spd|1
|faint|p1a: Excadrill
|
|win|basco
|c|☆CamperSpencer|gf
|raw|CamperSpencer's rating: 1333 &rarr; <strong>1316</strong><br />(-17 for losing)
|raw|basco's rating: 1373 &rarr; <strong>1391</strong><br />(+18 for winning)
|c|☆basco|gg
|l|☆CamperSpencer
