|j|☆A Welcome Guest
|j|☆saberuihaf
|t:|1708972524
|gametype|singles
|player|p1|A Welcome Guest|miku-ground|1321
|player|p2|saberuihaf|266|1342
|teamsize|p1|6
|teamsize|p2|6
|gen|5
|tier|[Gen 5] OU
|rated|
|rule|Species Clause: Limit one of each Pokémon
|rule|OHKO Clause: OHKO moves are banned
|rule|Moody Clause: Moody is banned
|rule|Evasion Items Clause: Evasion items are banned
|rule|Evasion Moves Clause: Evasion moves are banned
|rule|Endless Battle Clause: Forcing endless battles is banned
|rule|HP Percentage Mod: HP is shown in percentages
|rule|Evasion Abilities Clause: Evasion abilities are banned
|rule|Sleep Moves Clause: Sleep-inducing moves are banned
|rule|Swagger Clause: Swagger is banned
|rule|Baton Pass Stat Clause: No Baton Passer may have a way to boost its stats
|clearpoke
|poke|p1|Clefable, M|item
|poke|p1|Rotom|item
|poke|p1|Skarmory, M|item
|poke|p1|Latios, M|item
|poke|p1|Hippowdon, M|item
|poke|p1|Registeel|item
|poke|p2|Politoed, M|item
|poke|p2|Tentacruel, M|item
|poke|p2|Ferrothorn, F|item
|poke|p2|Keldeo-Resolute|item
|poke|p2|Thundurus-Therian, M|item
|poke|p2|Latios, M|item
|teampreview
|inactive|Battle timer is ON: inactive players will automatically lose when time's up. (requested by saberuihaf)
|inactive|A Welcome Guest has 120 seconds left.
|
|t:|1708972567
|start
|switch|p1a: Latios|Latios, M|100/100
|switch|p2a: Politoed|Politoed, M|100/100
|-weather|RainDance|[from] ability: Drizzle|[of] p2a: Politoed
|turn|1
|
|t:|1708972577
|switch|p1a: Clefable|Clefable, M|100/100
|move|p2a: Politoed|Protect||[still]
|-fail|p2a: Politoed
|
|-weather|RainDance|[upkeep]
|upkeep
|turn|2
|
|t:|1708972584
|move|p2a: Politoed|Toxic|p1a: Clefable
|-status|p1a: Clefable|tox
|move|p1a: Clefable|Knock Off|p2a: Politoed
|-crit|p2a: Politoed
|-damage|p2a: Politoed|94/100
|-enditem|p2a: Politoed|Leftovers|[from] move: Knock Off|[of] p1a: Clefable
|
|-weather|RainDance|[upkeep]
|upkeep
|turn|3
|
|t:|1708972591
|move|p2a: Politoed|Scald|p1a: Clefable
|-damage|p1a: Clefable|75/100 tox
|move|p1a: Clefable|Seismic Toss|p2a: Politoed
|-damage|p2a: Politoed|68/100
|
|-weather|RainDance|[upkeep]
|-heal|p1a: Clefable|81/100 tox|[from] item: Leftovers
|upkeep
|turn|4
|
|t:|1708972601
|move|p2a: Politoed|Scald|p1a: Clefable
|-damage|p1a: Clefable|55/100 tox
|move|p1a: Clefable|Thunder Wave|p2a: Politoed
|-status|p2a: Politoed|par
|
|-weather|RainDance|[upkeep]
|-heal|p1a: Clefable|61/100 tox|[from] item: Leftovers
|upkeep
|turn|5
|
|t:|1708972610
|switch|p2a: Thundurus|Thundurus-Therian, M|100/100
|move|p1a: Clefable|Seismic Toss|p2a: Thundurus
|-damage|p2a: Thundurus|70/100
|
|-weather|RainDance|[upkeep]
|-heal|p2a: Thundurus|76/100|[from] item: Leftovers
|-heal|p1a: Clefable|67/100 tox|[from] item: Leftovers
|upkeep
|turn|6
|
|t:|1708972615
|switch|p1a: Hippowdon|Hippowdon, M|100/100
|-weather|Sandstorm|[from] ability: Sand Stream|[of] p1a: Hippowdon
|move|p2a: Thundurus|Thunder|p1a: Hippowdon
|-immune|p1a: Hippowdon
|
|-weather|Sandstorm|[upkeep]
|-damage|p2a: Thundurus|70/100|[from] Sandstorm
|-heal|p2a: Thundurus|76/100|[from] item: Leftovers
|upkeep
|turn|7
|
|t:|1708972618
|switch|p2a: Politoed|Politoed, M|68/100 par
|-weather|RainDance|[from] ability: Drizzle|[of] p2a: Politoed
|move|p1a: Hippowdon|Stealth Rock|p2a: Politoed
|-sidestart|p2: saberuihaf|move: Stealth Rock
|
|-weather|RainDance|[upkeep]
|upkeep
|turn|8
|
|t:|1708972626
|switch|p1a: Clefable|Clefable, M|67/100 tox
|move|p2a: Politoed|Scald|p1a: Clefable
|-damage|p1a: Clefable|39/100 tox
|
|-weather|RainDance|[upkeep]
|-heal|p1a: Clefable|45/100 tox|[from] item: Leftovers
|upkeep
|turn|9
|
|t:|1708972629
|switch|p2a: Ferrothorn|Ferrothorn, F|100/100
|-damage|p2a: Ferrothorn|94/100|[from] Stealth Rock
|move|p1a: Clefable|Soft-Boiled|p1a: Clefable
|-heal|p1a: Clefable|95/100 tox
|
|-weather|RainDance|[upkeep]
|-heal|p1a: Clefable|100/100 tox|[from] item: Leftovers
|-heal|p2a: Ferrothorn|100/100|[from] item: Leftovers
|upkeep
|turn|10
|
|t:|1708972641
|move|p1a: Clefable|Knock Off|p2a: Ferrothorn
|-resisted|p2a: Ferrothorn
|-damage|p2a: Ferrothorn|99/100
|-enditem|p2a: Ferrothorn|Leftovers|[from] move: Knock Off|[of] p1a: Clefable
|move|p2a: Ferrothorn|Knock Off|p1a: Clefable
|-damage|p1a: Clefable|96/100 tox
|-enditem|p1a: Clefable|Leftovers|[from] move: Knock Off|[of] p2a: Ferrothorn
|
|-weather|RainDance|[upkeep]
|upkeep
|turn|11
|
|t:|1708972650
|move|p1a: Clefable|Seismic Toss|p2a: Ferrothorn
|-damage|p2a: Ferrothorn|71/100
|move|p2a: Ferrothorn|Stealth Rock|p1a: Clefable
|-sidestart|p1: A Welcome Guest|move: Stealth Rock
|
|-weather|RainDance|[upkeep]
|upkeep
|turn|12
|
|t:|1708972653
|move|p1a: Clefable|Seismic Toss|p2a: Ferrothorn
|-damage|p2a: Ferrothorn|43/100
|move|p2a: Ferrothorn|Spikes|p1a: Clefable
|-sidestart|p1: A Welcome Guest|Spikes
|
|-weather|RainDance|[upkeep]
|upkeep
|turn|13
|
|t:|1708972655
|move|p1a: Clefable|Seismic Toss|p2a: Ferrothorn
|-damage|p2a: Ferrothorn|14/100
|move|p2a: Ferrothorn|Spikes|p1a: Clefable
|-sidestart|p1: A Welcome Guest|Spikes
|
|-weather|RainDance|[upkeep]
|upkeep
|turn|14
|
|t:|1708972657
|move|p1a: Clefable|Seismic Toss|p2a: Ferrothorn
|-damage|p2a: Ferrothorn|0 fnt
|faint|p2a: Ferrothorn
|
|-weather|RainDance|[upkeep]
|upkeep
|
|t:|1708972663
|switch|p2a: Latios|Latios, M|100/100
|-damage|p2a: Latios|88/100|[from] Stealth Rock
|turn|15
|
|t:|1708972684
|switch|p1a: Skarmory|Skarmory, M|100/100
|-damage|p1a: Skarmory|88/100|[from] Stealth Rock
|move|p2a: Latios|Trick|p1a: Skarmory
|-activate|p2a: Latios|move: Trick|[of] p1a: Skarmory
|-item|p1a: Skarmory|Choice Specs|[from] move: Trick
|-item|p2a: Latios|Leftovers|[from] move: Trick
|
|-weather|RainDance|[upkeep]
|-heal|p2a: Latios|94/100|[from] item: Leftovers
|upkeep
|turn|16
|
|t:|1708972693
|switch|p1a: Clefable|Clefable, M|96/100 tox
|move|p2a: Latios|Surf|p1a: Clefable
|-damage|p1a: Clefable|59/100 tox
|
|-weather|RainDance|[upkeep]
|-heal|p2a: Latios|99/100|[from] item: Leftovers
|upkeep
|turn|17
|
|t:|1708972698
|move|p2a: Latios|Draco Meteor|p1a: Clefable
|-damage|p1a: Clefable|2/100 tox
|-unboost|p2a: Latios|spa|2
|move|p1a: Clefable|Soft-Boiled|p1a: Clefable
|-heal|p1a: Clefable|52/100 tox
|
|-weather|RainDance|[upkeep]
|-heal|p2a: Latios|100/100|[from] item: Leftovers
|upkeep
|turn|18
|
|t:|1708972703
|switch|p2a: Tentacruel|Tentacruel, M|100/100
|-damage|p2a: Tentacruel|88/100|[from] Stealth Rock
|move|p1a: Clefable|Soft-Boiled|p1a: Clefable
|-heal|p1a: Clefable|100/100 tox
|
|-weather|RainDance|[upkeep]
|-heal|p2a: Tentacruel|94/100|[from] ability: Rain Dish
|-heal|p2a: Tentacruel|99/100|[from] item: Black Sludge
|upkeep
|turn|19
|
|t:|1708972706
|move|p2a: Tentacruel|Rapid Spin|p1a: Clefable
|-damage|p1a: Clefable|97/100 tox
|-sideend|p2: saberuihaf|Stealth Rock|[from] move: Rapid Spin|[of] p2a: Tentacruel
|move|p1a: Clefable|Thunder Wave|p2a: Tentacruel
|-status|p2a: Tentacruel|par
|
|-weather|RainDance|[upkeep]
|-heal|p2a: Tentacruel|100/100 par|[from] ability: Rain Dish
|upkeep
|turn|20
|
|t:|1708972716
|switch|p2a: Politoed|Politoed, M|68/100 par
|move|p1a: Clefable|Knock Off|p2a: Politoed
|-damage|p2a: Politoed|64/100 par
|
|-weather|RainDance|[upkeep]
|upkeep
|turn|21
|
|t:|1708972720
|move|p1a: Clefable|Seismic Toss|p2a: Politoed
|-damage|p2a: Politoed|38/100 par
|move|p2a: Politoed|Scald|p1a: Clefable
|-damage|p1a: Clefable|72/100 tox
|
|-weather|RainDance|[upkeep]
|upkeep
|turn|22
|
|t:|1708972727
|switch|p2a: Tentacruel|Tentacruel, M|100/100 par
|move|p1a: Clefable|Seismic Toss|p2a: Tentacruel
|-damage|p2a: Tentacruel|73/100 par
|
|-weather|RainDance|[upkeep]
|-heal|p2a: Tentacruel|79/100 par|[from] ability: Rain Dish
|-heal|p2a: Tentacruel|85/100 par|[from] item: Black Sludge
|upkeep
|turn|23
|
|t:|1708972731
|move|p1a: Clefable|Knock Off|p2a: Tentacruel
|-damage|p2a: Tentacruel|81/100 par
|-enditem|p2a: Tentacruel|Black Sludge|[from] move: Knock Off|[of] p1a: Clefable
|move|p2a: Tentacruel|Scald|p1a: Clefable
|-damage|p1a: Clefable|50/100 tox
|
|-weather|RainDance|[upkeep]
|-heal|p2a: Tentacruel|87/100 par|[from] ability: Rain Dish
|upkeep
|turn|24
|
|t:|1708972738
|move|p1a: Clefable|Soft-Boiled|p1a: Clefable
|-heal|p1a: Clefable|99/100 tox
|move|p2a: Tentacruel|Scald|p1a: Clefable
|-damage|p1a: Clefable|74/100 tox
|
|-weather|RainDance|[upkeep]
|-heal|p2a: Tentacruel|93/100 par|[from] ability: Rain Dish
|upkeep
|turn|25
|
|t:|1708972750
|move|p1a: Clefable|Seismic Toss|p2a: Tentacruel
|-damage|p2a: Tentacruel|66/100 par
|cant|p2a: Tentacruel|par
|
|-weather|RainDance|[upkeep]
|-heal|p2a: Tentacruel|72/100 par|[from] ability: Rain Dish
|upkeep
|turn|26
|
|t:|1708972754
|move|p1a: Clefable|Seismic Toss|p2a: Tentacruel
|-damage|p2a: Tentacruel|44/100 par
|move|p2a: Tentacruel|Scald|p1a: Clefable
|-damage|p1a: Clefable|49/100 tox
|
|-weather|RainDance|[upkeep]
|-heal|p2a: Tentacruel|50/100 par|[from] ability: Rain Dish
|upkeep
|turn|27
|
|t:|1708972758
|move|p1a: Clefable|Soft-Boiled|p1a: Clefable
|-heal|p1a: Clefable|99/100 tox
|move|p2a: Tentacruel|Scald|p1a: Clefable
|-damage|p1a: Clefable|76/100 tox
|
|-weather|RainDance|[upkeep]
|-heal|p2a: Tentacruel|56/100 par|[from] ability: Rain Dish
|upkeep
|turn|28
|
|t:|1708972762
|move|p2a: Tentacruel|Protect|p2a: Tentacruel
|-singleturn|p2a: Tentacruel|Protect
|move|p1a: Clefable|Seismic Toss|p2a: Tentacruel
|-activate|p2a: Tentacruel|move: Protect
|
|-weather|RainDance|[upkeep]
|-heal|p2a: Tentacruel|62/100 par|[from] ability: Rain Dish
|upkeep
|turn|29
|
|t:|1708972764
|move|p1a: Clefable|Seismic Toss|p2a: Tentacruel
|-damage|p2a: Tentacruel|35/100 par
|move|p2a: Tentacruel|Scald|p1a: Clefable
|-crit|p1a: Clefable
|-damage|p1a: Clefable|25/100 tox
|
|-weather|RainDance|[upkeep]
|-heal|p2a: Tentacruel|41/100 par|[from] ability: Rain Dish
|upkeep
|turn|30
|
|t:|1708972767
|move|p1a: Clefable|Soft-Boiled|p1a: Clefable
|-heal|p1a: Clefable|75/100 tox
|cant|p2a: Tentacruel|par
|
|-weather|RainDance|[upkeep]
|-heal|p2a: Tentacruel|47/100 par|[from] ability: Rain Dish
|upkeep
|turn|31
|
|t:|1708972770
|move|p2a: Tentacruel|Protect|p2a: Tentacruel
|-singleturn|p2a: Tentacruel|Protect
|move|p1a: Clefable|Seismic Toss|p2a: Tentacruel
|-activate|p2a: Tentacruel|move: Protect
|
|-weather|RainDance|[upkeep]
|-heal|p2a: Tentacruel|53/100 par|[from] ability: Rain Dish
|upkeep
|turn|32
|
|t:|1708972773
|move|p1a: Clefable|Seismic Toss|p2a: Tentacruel
|-damage|p2a: Tentacruel|25/100 par
|move|p2a: Tentacruel|Scald|p1a: Clefable
|-damage|p1a: Clefable|52/100 tox
|
|-weather|RainDance|[upkeep]
|-heal|p2a: Tentacruel|31/100 par|[from] ability: Rain Dish
|upkeep
|turn|33
|
|t:|1708972778
|move|p1a: Clefable|Soft-Boiled|p1a: Clefable
|-heal|p1a: Clefable|100/100 tox
|move|p2a: Tentacruel|Scald|p1a: Clefable
|-damage|p1a: Clefable|77/100 tox
|
|-weather|RainDance|[upkeep]
|-heal|p2a: Tentacruel|37/100 par|[from] ability: Rain Dish
|upkeep
|turn|34
|
|t:|1708972781
|move|p2a: Tentacruel|Protect|p2a: Tentacruel
|-singleturn|p2a: Tentacruel|Protect
|move|p1a: Clefable|Knock Off|p2a: Tentacruel
|-activate|p2a: Tentacruel|move: Protect
|
|-weather|RainDance|[upkeep]
|-heal|p2a: Tentacruel|43/100 par|[from] ability: Rain Dish
|upkeep
|turn|35
|
|t:|1708972784
|move|p1a: Clefable|Seismic Toss|p2a: Tentacruel
|-damage|p2a: Tentacruel|16/100 par
|move|p2a: Tentacruel|Scald|p1a: Clefable
|-damage|p1a: Clefable|52/100 tox
|
|-weather|RainDance|[upkeep]
|-heal|p2a: Tentacruel|22/100 par|[from] ability: Rain Dish
|upkeep
|turn|36
|
|t:|1708972789
|move|p2a: Tentacruel|Protect|p2a: Tentacruel
|-singleturn|p2a: Tentacruel|Protect
|move|p1a: Clefable|Soft-Boiled|p1a: Clefable
|-heal|p1a: Clefable|100/100 tox
|
|-weather|RainDance|[upkeep]
|-heal|p2a: Tentacruel|28/100 par|[from] ability: Rain Dish
|upkeep
|turn|37
|
|t:|1708972792
|move|p1a: Clefable|Seismic Toss|p2a: Tentacruel
|-damage|p2a: Tentacruel|0 fnt
|faint|p2a: Tentacruel
|
|-weather|RainDance|[upkeep]
|upkeep
|
|t:|1708972796
|switch|p2a: Thundurus|Thundurus-Therian, M|76/100
|turn|38
|
|t:|1708972821
|switch|p1a: Rotom|Rotom|100/100
|-damage|p1a: Rotom|88/100|[from] Stealth Rock
|move|p2a: Thundurus|Focus Blast|p1a: Rotom
|-immune|p1a: Rotom
|
|-weather|RainDance|[upkeep]
|-heal|p2a: Thundurus|82/100|[from] item: Leftovers
|upkeep
|turn|39
|
|t:|1708972827
|move|p1a: Rotom|Hidden Power|p2a: Thundurus
|-supereffective|p2a: Thundurus
|-damage|p2a: Thundurus|41/100
|move|p2a: Thundurus|Substitute|p2a: Thundurus
|-start|p2a: Thundurus|Substitute
|-damage|p2a: Thundurus|16/100
|
|-weather|RainDance|[upkeep]
|-heal|p2a: Thundurus|23/100|[from] item: Leftovers
|upkeep
|turn|40
|
|t:|1708972830
|move|p1a: Rotom|Hidden Power|p2a: Thundurus
|-supereffective|p2a: Thundurus
|-end|p2a: Thundurus|Substitute
|move|p2a: Thundurus|Thunder|p1a: Rotom
|-resisted|p1a: Rotom
|-crit|p1a: Rotom
|-damage|p1a: Rotom|0 fnt
|faint|p1a: Rotom
|
|-weather|RainDance|[upkeep]
|-heal|p2a: Thundurus|29/100|[from] item: Leftovers
|upkeep
|
|t:|1708972843
|switch|p1a: Latios|Latios, M|100/100
|-damage|p1a: Latios|88/100|[from] Stealth Rock
|turn|41
|
|t:|1708972847
|move|p1a: Latios|Surf|p2a: Thundurus
|-damage|p2a: Thundurus|0 fnt
|faint|p2a: Thundurus
|
|-weather|RainDance|[upkeep]
|upkeep
|
|t:|1708972850
|switch|p2a: Keldeo|Keldeo-Resolute|100/100
|turn|42
|
|t:|1708972861
|switch|p1a: Registeel|Registeel|100/100
|-damage|p1a: Registeel|94/100|[from] Stealth Rock
|-damage|p1a: Registeel|78/100|[from] Spikes
|move|p2a: Keldeo|Hydro Pump|p1a: Registeel
|-damage|p1a: Registeel|29/100
|
|-weather|RainDance|[upkeep]
|-heal|p1a: Registeel|35/100|[from] item: Leftovers
|upkeep
|turn|43
|
|t:|1708972867
|move|p2a: Keldeo|Hydro Pump|p1a: Registeel
|-damage|p1a: Registeel|0 fnt
|faint|p1a: Registeel
|
|-weather|RainDance|[upkeep]
|upkeep
|
|t:|1708972874
|switch|p1a: Clefable|Clefable, M|100/100 tox
|turn|44
|
|t:|1708972877
|move|p2a: Keldeo|Hydro Pump|p1a: Clefable
|-damage|p1a: Clefable|30/100 tox
|move|p1a: Clefable|Thunder Wave|p2a: Keldeo
|-status|p2a: Keldeo|par
|
|-weather|RainDance|[upkeep]
|upkeep
|turn|45
|
|t:|1708972885
|move|p1a: Clefable|Soft-Boiled|p1a: Clefable
|-heal|p1a: Clefable|80/100 tox
|cant|p2a: Keldeo|par
|
|-weather|RainDance|[upkeep]
|upkeep
|turn|46
|
|t:|1708972890
|move|p1a: Clefable|Seismic Toss|p2a: Keldeo
|-damage|p2a: Keldeo|70/100 par
|cant|p2a: Keldeo|par
|
|-weather|RainDance|[upkeep]
|upkeep
|turn|47
|
|t:|1708972910
|move|p1a: Clefable|Seismic Toss|p2a: Keldeo
|-damage|p2a: Keldeo|39/100 par
|move|p2a: Keldeo|Hydro Pump|p1a: Clefable|[miss]
|-miss|p2a: Keldeo|p1a: Clefable
|
|-weather|RainDance|[upkeep]
|upkeep
|turn|48
|
|t:|1708972914
|move|p1a: Clefable|Seismic Toss|p2a: Keldeo
|-damage|p2a: Keldeo|8/100 par
|move|p2a: Keldeo|Hydro Pump|p1a: Clefable
|-damage|p1a: Clefable|9/100 tox
|
|-weather|RainDance|[upkeep]
|upkeep
|turn|49
|
|t:|1708972928
|move|p1a: Clefable|Seismic Toss|p2a: Keldeo
|-damage|p2a: Keldeo|0 fnt
|faint|p2a: Keldeo
|
|-weather|RainDance|[upkeep]
|upkeep
|
|t:|1708972931
|switch|p2a: Latios|Latios, M|100/100
|turn|50
|
|t:|1708972942
|move|p2a: Latios|Surf|p1a: Clefable
|-damage|p1a: Clefable|0 fnt
|faint|p1a: Clefable
|
|-weather|RainDance|[upkeep]
|upkeep
|
|t:|1708972958
|switch|p1a: Skarmory|Skarmory, M|88/100
|-damage|p1a: Skarmory|76/100|[from] Stealth Rock
|turn|51
|
|t:|1708972962
|move|p2a: Latios|Surf|p1a: Skarmory
|-damage|p1a: Skarmory|32/100
|move|p1a: Skarmory|Brave Bird|p2a: Latios
|-damage|p2a: Latios|57/100
|-damage|p1a: Skarmory|19/100|[from] Recoil
|
|-weather|RainDance|[upkeep]
|-heal|p2a: Latios|63/100|[from] item: Leftovers
|upkeep
|turn|52
|
|t:|1708972965
|move|p2a: Latios|Surf|p1a: Skarmory
|-damage|p1a: Skarmory|0 fnt
|faint|p1a: Skarmory
|
|-weather|RainDance|[upkeep]
|-heal|p2a: Latios|69/100|[from] item: Leftovers
|upkeep
|
|t:|1708972972
|switch|p1a: Latios|Latios, M|88/100
|-damage|p1a: Latios|76/100|[from] Stealth Rock
|turn|53
|
|t:|1708972974
|switch|p2a: Politoed|Politoed, M|38/100 par
|move|p1a: Latios|Draco Meteor|p2a: Politoed|[miss]
|-miss|p1a: Latios|p2a: Politoed
|
|-weather|RainDance|[upkeep]
|upkeep
|turn|54
|
|t:|1708972982
|move|p1a: Latios|Draco Meteor|p2a: Politoed
|-damage|p2a: Politoed|0 fnt
|-unboost|p1a: Latios|spa|2
|faint|p2a: Politoed
|
|-weather|RainDance|[upkeep]
|upkeep
|
|t:|1708972983
|switch|p2a: Latios|Latios, M|69/100
|turn|55
|
|t:|1708972988
|move|p2a: Latios|Dragon Pulse|p1a: Latios
|-supereffective|p1a: Latios
|-damage|p1a: Latios|0 fnt
|faint|p1a: Latios
|
|-weather|RainDance|[upkeep]
|-heal|p2a: Latios|75/100|[from] item: Leftovers
|upkeep
|
|t:|1708972990
|switch|p1a: Hippowdon|Hippowdon, M|100/100
|-damage|p1a: Hippowdon|94/100|[from] Stealth Rock
|-damage|p1a: Hippowdon|78/100|[from] Spikes
|-weather|Sandstorm|[from] ability: Sand Stream|[of] p1a: Hippowdon
|turn|56
|
|t:|1708972993
|move|p2a: Latios|Surf|p1a: Hippowdon
|-supereffective|p1a: Hippowdon
|-damage|p1a: Hippowdon|32/100
|move|p1a: Hippowdon|Slack Off|p1a: Hippowdon
|-heal|p1a: Hippowdon|82/100
|
|-weather|Sandstorm|[upkeep]
|-damage|p2a: Latios|69/100|[from] Sandstorm
|-heal|p2a: Latios|75/100|[from] item: Leftovers
|-heal|p1a: Hippowdon|89/100|[from] item: Leftovers
|upkeep
|turn|57
|c|☆saberuihaf|gg
|
|t:|1708972998
|move|p2a: Latios|Surf|p1a: Hippowdon
|-supereffective|p1a: Hippowdon
|-damage|p1a: Hippowdon|42/100
|move|p1a: Hippowdon|Slack Off|p1a: Hippowdon
|-heal|p1a: Hippowdon|92/100
|
|-weather|Sandstorm|[upkeep]
|-damage|p2a: Latios|69/100|[from] Sandstorm
|-heal|p2a: Latios|75/100|[from] item: Leftovers
|-heal|p1a: Hippowdon|99/100|[from] item: Leftovers
|upkeep
|turn|58
|
|t:|1708973002
|move|p2a: Latios|Surf|p1a: Hippowdon
|-supereffective|p1a: Hippowdon
|-damage|p1a: Hippowdon|53/100
|move|p1a: Hippowdon|Slack Off|p1a: Hippowdon
|-heal|p1a: Hippowdon|100/100
|
|-weather|Sandstorm|[upkeep]
|-damage|p2a: Latios|69/100|[from] Sandstorm
|-heal|p2a: Latios|75/100|[from] item: Leftovers
|upkeep
|turn|59
|
|t:|1708973004
|move|p2a: Latios|Surf|p1a: Hippowdon
|-supereffective|p1a: Hippowdon
|-damage|p1a: Hippowdon|54/100
|move|p1a: Hippowdon|Rock Slide|p2a: Latios
|-damage|p2a: Latios|48/100
|
|-weather|Sandstorm|[upkeep]
|-damage|p2a: Latios|42/100|[from] Sandstorm
|-heal|p2a: Latios|48/100|[from] item: Leftovers
|-heal|p1a: Hippowdon|60/100|[from] item: Leftovers
|upkeep
|turn|60
|
|t:|1708973008
|move|p2a: Latios|Surf|p1a: Hippowdon
|-supereffective|p1a: Hippowdon
|-damage|p1a: Hippowdon|11/100
|move|p1a: Hippowdon|Slack Off|p1a: Hippowdon
|-heal|p1a: Hippowdon|61/100
|
|-weather|Sandstorm|[upkeep]
|-damage|p2a: Latios|42/100|[from] Sandstorm
|-heal|p2a: Latios|48/100|[from] item: Leftovers
|-heal|p1a: Hippowdon|67/100|[from] item: Leftovers
|upkeep
|turn|61
|
|t:|1708973011
|move|p2a: Latios|Surf|p1a: Hippowdon
|-supereffective|p1a: Hippowdon
|-damage|p1a: Hippowdon|20/100
|move|p1a: Hippowdon|Slack Off|p1a: Hippowdon
|-heal|p1a: Hippowdon|70/100
|
|-weather|Sandstorm|[upkeep]
|-damage|p2a: Latios|42/100|[from] Sandstorm
|-heal|p2a: Latios|48/100|[from] item: Leftovers
|-heal|p1a: Hippowdon|76/100|[from] item: Leftovers
|upkeep
|turn|62
|
|t:|1708973014
|move|p2a: Latios|Surf|p1a: Hippowdon
|-supereffective|p1a: Hippowdon
|-damage|p1a: Hippowdon|24/100
|move|p1a: Hippowdon|Slack Off|p1a: Hippowdon
|-heal|p1a: Hippowdon|74/100
|
|-weather|Sandstorm|[upkeep]
|-damage|p2a: Latios|42/100|[from] Sandstorm
|-heal|p2a: Latios|48/100|[from] item: Leftovers
|-heal|p1a: Hippowdon|80/100|[from] item: Leftovers
|upkeep
|turn|63
|
|t:|1708973016
|move|p2a: Latios|Surf|p1a: Hippowdon
|-supereffective|p1a: Hippowdon
|-damage|p1a: Hippowdon|35/100
|move|p1a: Hippowdon|Slack Off|p1a: Hippowdon
|-heal|p1a: Hippowdon|85/100
|
|-weather|Sandstorm|[upkeep]
|-damage|p2a: Latios|42/100|[from] Sandstorm
|-heal|p2a: Latios|48/100|[from] item: Leftovers
|-heal|p1a: Hippowdon|91/100|[from] item: Leftovers
|upkeep
|turn|64
|
|t:|1708973022
|move|p2a: Latios|Surf|p1a: Hippowdon
|-supereffective|p1a: Hippowdon
|-damage|p1a: Hippowdon|41/100
|move|p1a: Hippowdon|Slack Off|p1a: Hippowdon
|-heal|p1a: Hippowdon|91/100
|
|-weather|Sandstorm|[upkeep]
|-damage|p2a: Latios|42/100|[from] Sandstorm
|-heal|p2a: Latios|48/100|[from] item: Leftovers
|-heal|p1a: Hippowdon|97/100|[from] item: Leftovers
|upkeep
|turn|65
|
|t:|1708973027
|move|p2a: Latios|Surf|p1a: Hippowdon
|-supereffective|p1a: Hippowdon
|-damage|p1a: Hippowdon|48/100
|move|p1a: Hippowdon|Slack Off|p1a: Hippowdon
|-heal|p1a: Hippowdon|98/100
|
|-weather|Sandstorm|[upkeep]
|-damage|p2a: Latios|42/100|[from] Sandstorm
|-heal|p2a: Latios|48/100|[from] item: Leftovers
|-heal|p1a: Hippowdon|100/100|[from] item: Leftovers
|upkeep
|turn|66
|
|t:|1708973029
|move|p2a: Latios|Surf|p1a: Hippowdon
|-supereffective|p1a: Hippowdon
|-damage|p1a: Hippowdon|54/100
|move|p1a: Hippowdon|Rock Slide|p2a: Latios
|-damage|p2a: Latios|24/100
|
|-weather|Sandstorm|[upkeep]
|-damage|p2a: Latios|18/100|[from] Sandstorm
|-heal|p2a: Latios|24/100|[from] item: Leftovers
|-heal|p1a: Hippowdon|60/100|[from] item: Leftovers
|upkeep
|turn|67
|
|t:|1708973033
|move|p2a: Latios|Surf|p1a: Hippowdon
|-supereffective|p1a: Hippowdon
|-damage|p1a: Hippowdon|14/100
|move|p1a: Hippowdon|Rock Slide|p2a: Latios
|-damage|p2a: Latios|0 fnt
|faint|p2a: Latios
|
|win|A Welcome Guest
|raw|A Welcome Guest's rating: 1321 &rarr; <strong>1342</strong><br />(+21 for winning)
|raw|saberuihaf's rating: 1342 &rarr; <strong>1321</strong><br />(-21 for losing)
|c|☆A Welcome Guest|gg
|l|☆saberuihaf
|player|p2|
