|j|☆Xalvadore
|j|☆baixiaohen
|t:|1741643663
|gametype|singles
|player|p1|Xalvadore|265|1327
|player|p2|baixiaohen|steven|1319
|teamsize|p1|6
|teamsize|p2|6
|gen|5
|tier|[Gen 5] OU
|rated|
|rule|Species Clause: Limit one of each Pokémon
|rule|OHKO Clause: OHKO moves are banned
|rule|Moody Clause: Moody is banned
|rule|Evasion Items Clause: Evasion items are banned
|rule|Evasion Moves Clause: Evasion moves are banned
|rule|Endless Battle Clause: Forcing endless battles is banned
|rule|HP Percentage Mod: HP is shown in percentages
|rule|Evasion Abilities Clause: Evasion abilities are banned
|rule|Sleep Moves Clause: Sleep-inducing moves are banned
|rule|Swagger Clause: Swagger is banned
|rule|Baton Pass Stat Clause: No Baton Passer may have a way to boost its stats
|clearpoke
|poke|p1|Magnezone|item
|poke|p1|Latios, M|item
|poke|p1|Garchomp, M|item
|poke|p1|Mamoswine, M|item
|poke|p1|Jirachi|item
|poke|p1|Kyurem-Black|item
|poke|p2|Keldeo-Resolute|item
|poke|p2|Latios, M|item
|poke|p2|Jirachi|item
|poke|p2|Rotom-Wash|item
|poke|p2|Mamoswine, F|item
|poke|p2|Starmie|item
|teampreview
|
|t:|1741643725
|start
|switch|p1a: Jirachi|Jirachi|100/100
|switch|p2a: Rotom|Rotom-Wash|100/100
|turn|1
|
|t:|1741643730
|move|p2a: Rotom|Will-O-Wisp|p1a: Jirachi|[miss]
|-miss|p2a: Rotom|p1a: Jirachi
|move|p1a: Jirachi|Stealth Rock|p2a: Rotom
|-sidestart|p2: baixiaohen|move: Stealth Rock
|
|upkeep
|turn|2
|
|t:|1741643736
|switch|p1a: Latios|Latios, M|100/100
|move|p2a: Rotom|Will-O-Wisp|p1a: Latios
|-status|p1a: Latios|brn
|
|-damage|p1a: Latios|88/100 brn|[from] brn
|upkeep
|turn|3
|
|t:|1741643747
|switch|p2a: Jirachi|Jirachi|100/100
|-damage|p2a: Jirachi|94/100|[from] Stealth Rock
|move|p1a: Latios|Calm Mind|p1a: Latios
|-boost|p1a: Latios|spa|1
|-boost|p1a: Latios|spd|1
|
|-heal|p2a: Jirachi|100/100|[from] item: Leftovers
|-damage|p1a: Latios|76/100 brn|[from] brn
|upkeep
|turn|4
|
|t:|1741643755
|move|p1a: Latios|Surf|p2a: Jirachi
|-damage|p2a: Jirachi|69/100
|move|p2a: Jirachi|Stealth Rock|p1a: Latios
|-sidestart|p1: Xalvadore|move: Stealth Rock
|
|-heal|p2a: Jirachi|75/100|[from] item: Leftovers
|-damage|p1a: Latios|64/100 brn|[from] brn
|upkeep
|turn|5
|
|t:|1741643761
|switch|p1a: Magnezone|Magnezone|100/100
|-damage|p1a: Magnezone|94/100|[from] Stealth Rock
|-item|p1a: Magnezone|Air Balloon
|move|p2a: Jirachi|U-turn|p1a: Magnezone
|-resisted|p1a: Magnezone
|-damage|p1a: Magnezone|86/100
|-enditem|p1a: Magnezone|Air Balloon
|
|t:|1741643773
|switch|p2a: Mamoswine|Mamoswine, F|100/100|[from] U-turn
|-damage|p2a: Mamoswine|88/100|[from] Stealth Rock
|
|upkeep
|turn|6
|
|t:|1741643786
|switch|p1a: Latios|Latios, M|64/100 brn
|-damage|p1a: Latios|51/100 brn|[from] Stealth Rock
|move|p2a: Mamoswine|Earthquake|p1a: Latios
|-immune|p1a: Latios|[from] ability: Levitate
|
|-damage|p1a: Latios|39/100 brn|[from] brn
|upkeep
|turn|7
|
|t:|1741643792
|move|p2a: Mamoswine|Ice Shard|p1a: Latios
|-supereffective|p1a: Latios
|-damage|p1a: Latios|0 fnt
|faint|p1a: Latios
|-damage|p2a: Mamoswine|78/100|[from] item: Life Orb
|
|upkeep
|
|t:|1741643796
|switch|p1a: Kyurem|Kyurem-Black|100/100
|-damage|p1a: Kyurem|76/100|[from] Stealth Rock
|-ability|p1a: Kyurem|Teravolt
|turn|8
|
|t:|1741643814
|switch|p2a: Jirachi|Jirachi|75/100
|-damage|p2a: Jirachi|69/100|[from] Stealth Rock
|move|p1a: Kyurem|Dragon Claw|p2a: Jirachi
|-resisted|p2a: Jirachi
|-damage|p2a: Jirachi|34/100
|
|-heal|p2a: Jirachi|40/100|[from] item: Leftovers
|upkeep
|turn|9
|
|t:|1741643822
|switch|p1a: Mamoswine|Mamoswine, M|100/100
|-damage|p1a: Mamoswine|88/100|[from] Stealth Rock
|move|p2a: Jirachi|Body Slam|p1a: Mamoswine
|-damage|p1a: Mamoswine|67/100
|
|-heal|p2a: Jirachi|46/100|[from] item: Leftovers
|upkeep
|turn|10
|
|t:|1741643832
|switch|p2a: Rotom|Rotom-Wash|100/100
|-damage|p2a: Rotom|88/100|[from] Stealth Rock
|move|p1a: Mamoswine|Substitute|p1a: Mamoswine
|-start|p1a: Mamoswine|Substitute
|-damage|p1a: Mamoswine|42/100
|
|-heal|p2a: Rotom|94/100|[from] item: Leftovers
|upkeep
|turn|11
|
|t:|1741643836
|move|p1a: Mamoswine|Icicle Crash|p2a: Rotom
|-resisted|p2a: Rotom
|-damage|p2a: Rotom|67/100
|move|p2a: Rotom|Reflect|p2a: Rotom
|-sidestart|p2: baixiaohen|Reflect
|
|-heal|p2a: Rotom|73/100|[from] item: Leftovers
|upkeep
|turn|12
|
|t:|1741643841
|move|p1a: Mamoswine|Icicle Crash|p2a: Rotom
|-resisted|p2a: Rotom
|-damage|p2a: Rotom|60/100
|move|p2a: Rotom|Hydro Pump|p1a: Mamoswine
|-supereffective|p1a: Mamoswine
|-end|p1a: Mamoswine|Substitute
|
|-heal|p2a: Rotom|67/100|[from] item: Leftovers
|upkeep
|turn|13
|
|t:|1741643894
|switch|p1a: Jirachi|Jirachi|100/100
|-damage|p1a: Jirachi|94/100|[from] Stealth Rock
|move|p2a: Rotom|Hydro Pump|p1a: Jirachi
|-damage|p1a: Jirachi|68/100
|
|-heal|p2a: Rotom|73/100|[from] item: Leftovers
|-heal|p1a: Jirachi|74/100|[from] item: Leftovers
|upkeep
|turn|14
|
|t:|1741643902
|move|p2a: Rotom|Will-O-Wisp|p1a: Jirachi
|-status|p1a: Jirachi|brn
|move|p1a: Jirachi|Icy Wind|p2a: Rotom
|-resisted|p2a: Rotom
|-damage|p2a: Rotom|66/100
|-unboost|p2a: Rotom|spe|1
|
|-heal|p1a: Jirachi|80/100 brn|[from] item: Leftovers
|-heal|p2a: Rotom|73/100|[from] item: Leftovers
|-damage|p1a: Jirachi|68/100 brn|[from] brn
|upkeep
|turn|15
|
|t:|1741643911
|move|p1a: Jirachi|Thunder|p2a: Rotom
|-damage|p2a: Rotom|45/100
|-status|p2a: Rotom|par
|move|p2a: Rotom|Hydro Pump|p1a: Jirachi
|-damage|p1a: Jirachi|43/100 brn
|
|-heal|p1a: Jirachi|49/100 brn|[from] item: Leftovers
|-heal|p2a: Rotom|51/100 par|[from] item: Leftovers
|-damage|p1a: Jirachi|37/100 brn|[from] brn
|-sideend|p2: baixiaohen|Reflect
|upkeep
|turn|16
|
|t:|1741643932
|switch|p1a: Kyurem|Kyurem-Black|76/100
|-damage|p1a: Kyurem|51/100|[from] Stealth Rock
|-ability|p1a: Kyurem|Teravolt
|cant|p2a: Rotom|par
|
|-heal|p2a: Rotom|58/100 par|[from] item: Leftovers
|upkeep
|turn|17
|
|t:|1741643941
|move|p1a: Kyurem|Outrage|p2a: Rotom
|-crit|p2a: Rotom
|-damage|p2a: Rotom|0 fnt
|faint|p2a: Rotom
|
|upkeep
|
|t:|1741643961
|switch|p2a: Jirachi|Jirachi|46/100
|-damage|p2a: Jirachi|40/100|[from] Stealth Rock
|turn|18
|
|t:|1741643988
|move|p1a: Kyurem|Outrage|p2a: Jirachi|[from] lockedmove
|-resisted|p2a: Jirachi
|-damage|p2a: Jirachi|0 fnt
|faint|p2a: Jirachi
|-start|p1a: Kyurem|confusion|[fatigue]
|
|upkeep
|
|t:|1741643997
|switch|p2a: Starmie|Starmie|100/100
|-damage|p2a: Starmie|88/100|[from] Stealth Rock
|turn|19
|
|t:|1741644005
|switch|p1a: Jirachi|Jirachi|37/100 brn
|-damage|p1a: Jirachi|30/100 brn|[from] Stealth Rock
|move|p2a: Starmie|Trick|p1a: Jirachi
|-activate|p2a: Starmie|move: Trick|[of] p1a: Jirachi
|-item|p1a: Jirachi|Choice Scarf|[from] move: Trick
|-item|p2a: Starmie|Leftovers|[from] move: Trick
|
|-heal|p2a: Starmie|94/100|[from] item: Leftovers
|-damage|p1a: Jirachi|18/100 brn|[from] brn
|upkeep
|turn|20
|
|t:|1741644014
|move|p1a: Jirachi|U-turn|p2a: Starmie
|-supereffective|p2a: Starmie
|-damage|p2a: Starmie|80/100
|
|t:|1741644023
|switch|p1a: Magnezone|Magnezone|86/100|[from] U-turn
|-damage|p1a: Magnezone|80/100|[from] Stealth Rock
|move|p2a: Starmie|Rapid Spin|p1a: Magnezone
|-resisted|p1a: Magnezone
|-damage|p1a: Magnezone|78/100
|-sideend|p2: baixiaohen|Stealth Rock|[from] move: Rapid Spin|[of] p2a: Starmie
|
|-heal|p2a: Starmie|86/100|[from] item: Leftovers
|upkeep
|turn|21
|
|t:|1741644032
|move|p2a: Starmie|Thunder Wave|p1a: Magnezone
|-status|p1a: Magnezone|par
|move|p1a: Magnezone|Magnet Rise|p1a: Magnezone
|-start|p1a: Magnezone|Magnet Rise
|
|-heal|p2a: Starmie|92/100|[from] item: Leftovers
|upkeep
|turn|22
|
|t:|1741644048
|switch|p2a: Latios|Latios, M|100/100
|cant|p1a: Magnezone|par
|
|upkeep
|turn|23
|
|t:|1741644058
|move|p2a: Latios|Psychic|p1a: Magnezone
|-resisted|p1a: Magnezone
|-damage|p1a: Magnezone|50/100 par
|move|p1a: Magnezone|Thunderbolt|p2a: Latios
|-resisted|p2a: Latios
|-damage|p2a: Latios|70/100
|
|upkeep
|turn|24
|
|t:|1741644063
|move|p2a: Latios|Psychic|p1a: Magnezone
|-resisted|p1a: Magnezone
|-damage|p1a: Magnezone|21/100 par
|move|p1a: Magnezone|Thunderbolt|p2a: Latios
|-resisted|p2a: Latios
|-damage|p2a: Latios|43/100
|
|upkeep
|turn|25
|
|t:|1741644072
|switch|p2a: Mamoswine|Mamoswine, F|78/100
|move|p1a: Magnezone|Thunderbolt|p2a: Mamoswine
|-immune|p2a: Mamoswine
|
|-end|p1a: Magnezone|Magnet Rise
|upkeep
|turn|26
|
|t:|1741644078
|move|p2a: Mamoswine|Earthquake|p1a: Magnezone
|-supereffective|p1a: Magnezone
|-damage|p1a: Magnezone|0 fnt
|faint|p1a: Magnezone
|-damage|p2a: Mamoswine|68/100|[from] item: Life Orb
|
|upkeep
|
|t:|1741644083
|switch|p1a: Kyurem|Kyurem-Black|51/100
|-damage|p1a: Kyurem|26/100|[from] Stealth Rock
|-ability|p1a: Kyurem|Teravolt
|turn|27
|
|t:|1741644089
|move|p2a: Mamoswine|Ice Shard|p1a: Kyurem
|-damage|p1a: Kyurem|1/100
|-damage|p2a: Mamoswine|58/100|[from] item: Life Orb
|move|p1a: Kyurem|Outrage|p2a: Mamoswine
|-damage|p2a: Mamoswine|0 fnt
|faint|p2a: Mamoswine
|
|upkeep
|j| Spoonii
|
|t:|1741644100
|switch|p2a: Keldeo|Keldeo-Resolute|100/100
|turn|28
|
|t:|1741644105
|move|p2a: Keldeo|Secret Sword|p1a: Kyurem
|-supereffective|p1a: Kyurem
|-damage|p1a: Kyurem|0 fnt
|faint|p1a: Kyurem
|
|upkeep
|
|t:|1741644110
|switch|p1a: Garchomp|Garchomp, M|100/100
|-damage|p1a: Garchomp|94/100|[from] Stealth Rock
|turn|29
|
|t:|1741644113
|move|p1a: Garchomp|Outrage|p2a: Keldeo
|-damage|p2a: Keldeo|26/100
|move|p2a: Keldeo|Hydro Pump|p1a: Garchomp
|-damage|p1a: Garchomp|22/100
|
|-heal|p2a: Keldeo|33/100|[from] item: Leftovers
|upkeep
|turn|30
|
|t:|1741644128
|switch|p2a: Starmie|Starmie|92/100
|move|p1a: Garchomp|Outrage|p2a: Starmie|[from] lockedmove
|-damage|p2a: Starmie|39/100
|-start|p1a: Garchomp|confusion|[fatigue]
|
|-heal|p2a: Starmie|45/100|[from] item: Leftovers
|upkeep
|turn|31
|
|t:|1741644138
|switch|p1a: Jirachi|Jirachi|18/100 brn
|-damage|p1a: Jirachi|12/100 brn|[from] Stealth Rock
|move|p2a: Starmie|Recover|p2a: Starmie
|-heal|p2a: Starmie|95/100
|
|-heal|p2a: Starmie|100/100|[from] item: Leftovers
|-damage|p1a: Jirachi|0 fnt|[from] brn
|faint|p1a: Jirachi
|upkeep
|
|t:|1741644142
|switch|p1a: Mamoswine|Mamoswine, M|42/100
|-damage|p1a: Mamoswine|29/100|[from] Stealth Rock
|turn|32
|
|t:|1741644150
|move|p2a: Starmie|Rapid Spin|p1a: Mamoswine
|-damage|p1a: Mamoswine|26/100
|move|p1a: Mamoswine|Earthquake|p2a: Starmie
|-damage|p2a: Starmie|49/100
|
|-heal|p2a: Starmie|55/100|[from] item: Leftovers
|upkeep
|turn|33
|
|t:|1741644156
|move|p2a: Starmie|Rapid Spin|p1a: Mamoswine
|-damage|p1a: Mamoswine|22/100
|move|p1a: Mamoswine|Earthquake|p2a: Starmie
|-crit|p2a: Starmie
|-damage|p2a: Starmie|0 fnt
|faint|p2a: Starmie
|
|upkeep
|
|t:|1741644160
|switch|p2a: Keldeo|Keldeo-Resolute|33/100
|turn|34
|
|t:|1741644171
|move|p2a: Keldeo|Secret Sword|p1a: Mamoswine
|-supereffective|p1a: Mamoswine
|-damage|p1a: Mamoswine|0 fnt
|faint|p1a: Mamoswine
|
|-heal|p2a: Keldeo|39/100|[from] item: Leftovers
|upkeep
|
|t:|1741644173
|switch|p1a: Garchomp|Garchomp, M|22/100
|-damage|p1a: Garchomp|16/100|[from] Stealth Rock
|turn|35
|
|t:|1741644178
|move|p1a: Garchomp|Outrage|p2a: Keldeo
|-damage|p2a: Keldeo|0 fnt
|faint|p2a: Keldeo
|
|upkeep
|
|t:|1741644180
|switch|p2a: Latios|Latios, M|43/100
|turn|36
|
|t:|1741644182
|move|p2a: Latios|Psychic|p1a: Garchomp
|-damage|p1a: Garchomp|0 fnt
|faint|p1a: Garchomp
|
|win|baixiaohen
|raw|Xalvadore's rating: 1327 &rarr; <strong>1307</strong><br />(-20 for losing)
|raw|baixiaohen's rating: 1319 &rarr; <strong>1339</strong><br />(+20 for winning)
|c|☆Xalvadore|gg
