|j|☆baixiaohen
|j|☆HydreigonSpammer
|t:|1736680851
|gametype|singles
|player|p1|baixiaohen|steven|1397
|player|p2|HydreigonSpammer|iris|1331
|teamsize|p1|6
|teamsize|p2|6
|gen|5
|tier|[Gen 5] OU
|rated|
|rule|Species Clause: Limit one of each Pokémon
|rule|OHKO Clause: OHKO moves are banned
|rule|Moody Clause: Moody is banned
|rule|Evasion Items Clause: Evasion items are banned
|rule|Evasion Moves Clause: Evasion moves are banned
|rule|Endless Battle Clause: Forcing endless battles is banned
|rule|HP Percentage Mod: HP is shown in percentages
|rule|Evasion Abilities Clause: Evasion abilities are banned
|rule|Sleep Moves Clause: Sleep-inducing moves are banned
|rule|Swagger Clause: Swagger is banned
|rule|Baton Pass Stat Clause: No Baton Passer may have a way to boost its stats
|clearpoke
|poke|p1|Politoed, M|item
|poke|p1|Tentacruel, F|item
|poke|p1|Ferrothorn, M|item
|poke|p1|Keldeo-Resolute|item
|poke|p1|Thundurus-Therian, M|item
|poke|p1|Latios, M|item
|poke|p2|Gengar, M|item
|poke|p2|Landorus-Therian, M|item
|poke|p2|Rotom-Wash|item
|poke|p2|Alakazam, M|item
|poke|p2|Ferrothorn, M|item
|poke|p2|Gliscor, F|item
|teampreview
|
|t:|1736680865
|start
|switch|p1a: Latios|Latios, M|100/100
|switch|p2a: Gengar|Gengar, M|100/100
|turn|1
|
|t:|1736680884
|switch|p2a: Ferrothorn|Ferrothorn, M|100/100
|move|p1a: Latios|Trick|p2a: Ferrothorn
|-activate|p1a: Latios|move: Trick|[of] p2a: Ferrothorn
|-item|p2a: Ferrothorn|Choice Specs|[from] move: Trick
|-item|p1a: Latios|Shed Shell|[from] move: Trick
|
|upkeep
|turn|2
|
|t:|1736680907
|switch|p1a: Ferrothorn|Ferrothorn, M|100/100
|move|p2a: Ferrothorn|Spikes|p1a: Ferrothorn
|-sidestart|p1: baixiaohen|Spikes
|
|upkeep
|turn|3
|
|t:|1736680915
|move|p1a: Ferrothorn|Stealth Rock|p2a: Ferrothorn
|-sidestart|p2: HydreigonSpammer|move: Stealth Rock
|move|p2a: Ferrothorn|Spikes|p1a: Ferrothorn
|-sidestart|p1: baixiaohen|Spikes
|
|upkeep
|turn|4
|
|t:|1736680923
|move|p1a: Ferrothorn|Spikes|p2a: Ferrothorn
|-sidestart|p2: HydreigonSpammer|Spikes
|move|p2a: Ferrothorn|Spikes|p1a: Ferrothorn
|-sidestart|p1: baixiaohen|Spikes
|
|upkeep
|turn|5
|
|t:|1736680954
|switch|p2a: Gliscor|Gliscor, F|100/100
|-damage|p2a: Gliscor|88/100|[from] Stealth Rock
|move|p1a: Ferrothorn|Knock Off|p2a: Gliscor
|-damage|p2a: Gliscor|84/100
|-enditem|p2a: Gliscor|Toxic Orb|[from] move: Knock Off|[of] p1a: Ferrothorn
|
|upkeep
|turn|6
|
|t:|1736681002
|move|p2a: Gliscor|Stealth Rock|p1a: Ferrothorn
|-sidestart|p1: baixiaohen|move: Stealth Rock
|move|p1a: Ferrothorn|Spikes|p2a: Gliscor
|-sidestart|p2: HydreigonSpammer|Spikes
|
|upkeep
|turn|7
|inactive|Battle timer is ON: inactive players will automatically lose when time's up. (requested by baixiaohen)
|
|t:|1736681008
|move|p2a: Gliscor|Taunt|p1a: Ferrothorn
|-start|p1a: Ferrothorn|move: Taunt
|cant|p1a: Ferrothorn|move: Taunt|Spikes
|
|upkeep
|turn|8
|
|t:|1736681026
|move|p2a: Gliscor|Earthquake|p1a: Ferrothorn
|-damage|p1a: Ferrothorn|77/100
|move|p1a: Ferrothorn|Knock Off|p2a: Gliscor
|-damage|p2a: Gliscor|80/100
|
|-heal|p1a: Ferrothorn|83/100|[from] item: Leftovers
|upkeep
|turn|9
|
|t:|1736681033
|switch|p1a: Thundurus|Thundurus-Therian, M|100/100
|-damage|p1a: Thundurus|76/100|[from] Stealth Rock
|move|p2a: Gliscor|Toxic|p1a: Thundurus
|-status|p1a: Thundurus|tox
|
|-heal|p1a: Thundurus|82/100 tox|[from] item: Leftovers
|-damage|p1a: Thundurus|76/100 tox|[from] psn
|upkeep
|turn|10
|
|t:|1736681054
|move|p1a: Thundurus|Hidden Power|p2a: Gliscor
|-supereffective|p2a: Gliscor
|-damage|p2a: Gliscor|0 fnt
|faint|p2a: Gliscor
|
|-heal|p1a: Thundurus|82/100 tox|[from] item: Leftovers
|-damage|p1a: Thundurus|69/100 tox|[from] psn
|upkeep
|
|t:|1736681066
|switch|p2a: Gengar|Gengar, M|100/100
|-damage|p2a: Gengar|88/100|[from] Stealth Rock
|turn|11
|
|t:|1736681084
|switch|p1a: Politoed|Politoed, M|100/100
|-damage|p1a: Politoed|76/100|[from] Spikes
|-damage|p1a: Politoed|63/100|[from] Stealth Rock
|-weather|RainDance|[from] ability: Drizzle|[of] p1a: Politoed
|move|p2a: Gengar|Sludge Wave|p1a: Politoed
|-damage|p1a: Politoed|21/100
|-damage|p2a: Gengar|78/100|[from] item: Life Orb
|
|-weather|RainDance|[upkeep]
|-heal|p1a: Politoed|27/100|[from] item: Leftovers
|upkeep
|turn|12
|
|t:|1736681090
|move|p1a: Politoed|Protect|p1a: Politoed
|-singleturn|p1a: Politoed|Protect
|move|p2a: Gengar|Shadow Ball|p1a: Politoed
|-activate|p1a: Politoed|move: Protect
|
|-weather|RainDance|[upkeep]
|-heal|p1a: Politoed|33/100|[from] item: Leftovers
|upkeep
|turn|13
|
|t:|1736681100
|move|p2a: Gengar|Shadow Ball|p1a: Politoed
|-damage|p1a: Politoed|0 fnt
|faint|p1a: Politoed
|-damage|p2a: Gengar|68/100|[from] item: Life Orb
|
|-weather|RainDance|[upkeep]
|upkeep
|
|t:|1736681103
|switch|p1a: Tentacruel|Tentacruel, F|100/100
|-damage|p1a: Tentacruel|76/100|[from] Spikes
|-damage|p1a: Tentacruel|63/100|[from] Stealth Rock
|turn|14
|
|t:|1736681116
|move|p1a: Tentacruel|Protect|p1a: Tentacruel
|-singleturn|p1a: Tentacruel|Protect
|move|p2a: Gengar|Shadow Ball|p1a: Tentacruel
|-activate|p1a: Tentacruel|move: Protect
|
|-weather|RainDance|[upkeep]
|-heal|p1a: Tentacruel|69/100|[from] ability: Rain Dish
|-heal|p1a: Tentacruel|75/100|[from] item: Black Sludge
|upkeep
|turn|15
|
|t:|1736681127
|move|p2a: Gengar|Shadow Ball|p1a: Tentacruel
|-damage|p1a: Tentacruel|33/100
|-damage|p2a: Gengar|58/100|[from] item: Life Orb
|move|p1a: Tentacruel|Scald|p2a: Gengar
|-damage|p2a: Gengar|5/100
|
|-weather|RainDance|[upkeep]
|-heal|p1a: Tentacruel|39/100|[from] ability: Rain Dish
|-heal|p1a: Tentacruel|45/100|[from] item: Black Sludge
|upkeep
|turn|16
|inactive|HydreigonSpammer has 120 seconds left.
|
|t:|1736681158
|move|p1a: Tentacruel|Protect|p1a: Tentacruel
|-singleturn|p1a: Tentacruel|Protect
|move|p2a: Gengar|Shadow Ball|p1a: Tentacruel
|-activate|p1a: Tentacruel|move: Protect
|
|-weather|RainDance|[upkeep]
|-heal|p1a: Tentacruel|51/100|[from] ability: Rain Dish
|-heal|p1a: Tentacruel|58/100|[from] item: Black Sludge
|upkeep
|turn|17
|inactive|HydreigonSpammer has 120 seconds left.
|
|t:|1736681179
|move|p2a: Gengar|Shadow Ball|p1a: Tentacruel
|-damage|p1a: Tentacruel|10/100
|-damage|p2a: Gengar|0 fnt|[from] item: Life Orb
|faint|p2a: Gengar
|move|p1a: Tentacruel|Scald|p2: Gengar|[notarget]
|-fail|p1a: Tentacruel
|
|-weather|RainDance|[upkeep]
|-heal|p1a: Tentacruel|16/100|[from] ability: Rain Dish
|-heal|p1a: Tentacruel|22/100|[from] item: Black Sludge
|upkeep
|inactive|HydreigonSpammer has 120 seconds left.
|
|t:|1736681187
|switch|p2a: Alakazam|Alakazam, M|100/100
|turn|18
|
|t:|1736681193
|move|p1a: Tentacruel|Protect|p1a: Tentacruel
|-singleturn|p1a: Tentacruel|Protect
|move|p2a: Alakazam|Psychic|p1a: Tentacruel
|-activate|p1a: Tentacruel|move: Protect
|
|-weather|RainDance|[upkeep]
|-heal|p1a: Tentacruel|28/100|[from] ability: Rain Dish
|-heal|p1a: Tentacruel|34/100|[from] item: Black Sludge
|upkeep
|turn|19
|
|t:|1736681203
|move|p2a: Alakazam|Psychic|p1a: Tentacruel
|-supereffective|p1a: Tentacruel
|-damage|p1a: Tentacruel|0 fnt
|faint|p1a: Tentacruel
|
|-weather|RainDance|[upkeep]
|upkeep
|
|t:|1736681215
|switch|p1a: Latios|Latios, M|100/100
|-damage|p1a: Latios|88/100|[from] Stealth Rock
|turn|20
|
|t:|1736681219
|move|p2a: Alakazam|Calm Mind|p2a: Alakazam
|-boost|p2a: Alakazam|spa|1
|-boost|p2a: Alakazam|spd|1
|move|p1a: Latios|Surf|p2a: Alakazam
|-damage|p2a: Alakazam|50/100
|
|-weather|RainDance|[upkeep]
|upkeep
|turn|21
|
|t:|1736681239
|move|p2a: Alakazam|Shadow Ball|p1a: Latios
|-supereffective|p1a: Latios
|-damage|p1a: Latios|0 fnt
|faint|p1a: Latios
|
|-weather|RainDance|[upkeep]
|upkeep
|
|t:|1736681242
|switch|p1a: Keldeo|Keldeo-Resolute|100/100
|-damage|p1a: Keldeo|76/100|[from] Spikes
|-damage|p1a: Keldeo|70/100|[from] Stealth Rock
|turn|22
|
|t:|1736681255
|switch|p2a: Ferrothorn|Ferrothorn, M|100/100
|-damage|p2a: Ferrothorn|95/100|[from] Stealth Rock
|-damage|p2a: Ferrothorn|78/100|[from] Spikes
|move|p1a: Keldeo|Hydro Pump|p2a: Ferrothorn
|-resisted|p2a: Ferrothorn
|-damage|p2a: Ferrothorn|46/100
|
|-weather|RainDance|[upkeep]
|upkeep
|turn|23
|
|t:|1736681274
|move|p1a: Keldeo|Hydro Pump|p2a: Ferrothorn
|-resisted|p2a: Ferrothorn
|-damage|p2a: Ferrothorn|18/100
|move|p2a: Ferrothorn|Knock Off|p1a: Keldeo
|-resisted|p1a: Keldeo
|-damage|p1a: Keldeo|67/100
|-ability|p1a: Keldeo|Justified|boost
|-boost|p1a: Keldeo|atk|1
|-enditem|p1a: Keldeo|Choice Scarf|[from] move: Knock Off|[of] p2a: Ferrothorn
|
|-weather|RainDance|[upkeep]
|upkeep
|turn|24
|
|t:|1736681286
|move|p1a: Keldeo|Hydro Pump|p2a: Ferrothorn
|-resisted|p2a: Ferrothorn
|-damage|p2a: Ferrothorn|0 fnt
|faint|p2a: Ferrothorn
|
|-weather|RainDance|[upkeep]
|upkeep
|
|t:|1736681291
|switch|p2a: Alakazam|Alakazam, M|50/100
|turn|25
|l|☆baixiaohen
|inactive|baixiaohen disconnected and has a minute to reconnect!
|player|p1|
|inactive|baixiaohen has 30 seconds to reconnect!
|inactive|baixiaohen has 20 seconds to reconnect!
|j|☆baixiaohen
|inactive|baixiaohen reconnected and has 100 seconds left.
|player|p1|baixiaohen|steven|
|
|t:|1736681347
|move|p2a: Alakazam|Psychic|p1a: Keldeo
|-supereffective|p1a: Keldeo
|-damage|p1a: Keldeo|0 fnt
|faint|p1a: Keldeo
|
|-weather|RainDance|[upkeep]
|upkeep
|-message|baixiaohen forfeited.
|
|win|HydreigonSpammer
|raw|baixiaohen's rating: 1397 &rarr; <strong>1373</strong><br />(-24 for losing)
|raw|HydreigonSpammer's rating: 1331 &rarr; <strong>1355</strong><br />(+24 for winning)
|l|☆baixiaohen
|player|p1|
