|badge|p1|bronze|gen9ou|100-2
|uhtml|medal-msg|<div class="broadcast-blue">Curious what those medals under the avatar are? PS now has Ladder Seasons! For more information, check out the <a href="https://www.smogon.com/forums/threads/3740067/">thread on Smogon.</a></div>
|j|☆Shinjou Akane
|j|☆Rick91
|t:|1726761982
|gametype|singles
|player|p1|Shinjou Akane|lass-gen6oras|1303
|player|p2|Rick91|swimmer|1325
|teamsize|p1|6
|teamsize|p2|6
|gen|5
|tier|[Gen 5] OU
|rated|
|rule|Species Clause: Limit one of each Pokémon
|rule|OHKO Clause: OHKO moves are banned
|rule|Moody Clause: Moody is banned
|rule|Evasion Items Clause: Evasion items are banned
|rule|Evasion Moves Clause: Evasion moves are banned
|rule|Endless Battle Clause: Forcing endless battles is banned
|rule|HP Percentage Mod: HP is shown in percentages
|rule|Evasion Abilities Clause: Evasion abilities are banned
|rule|Sleep Moves Clause: Sleep-inducing moves are banned
|rule|Swagger Clause: Swagger is banned
|rule|Baton Pass Stat Clause: No Baton Passer may have a way to boost its stats
|clearpoke
|poke|p1|Tyranitar, F|item
|poke|p1|Landorus-Therian, M|item
|poke|p1|Excadrill, F|item
|poke|p1|Garchomp, F|item
|poke|p1|Celebi|item
|poke|p1|Rotom-Wash|item
|poke|p2|Ninetales, F|item
|poke|p2|Arcanine, M|item
|poke|p2|Landorus-Therian, M|item
|poke|p2|Lickilicky, M|item
|poke|p2|Donphan, M|item
|poke|p2|Cresselia, F|item
|teampreview
|inactive|Battle timer is ON: inactive players will automatically lose when time's up. (requested by Rick91)
|
|t:|1726761990
|start
|switch|p1a: Rotom|Rotom-Wash|100/100
|switch|p2a: Landorus|Landorus-Therian, M|100/100
|-ability|p2a: Landorus|Intimidate|boost
|-unboost|p1a: Rotom|atk|1
|turn|1
|
|t:|1726762013
|move|p2a: Landorus|Earthquake|p1a: Rotom
|-immune|p1a: Rotom|[from] ability: Levitate
|move|p1a: Rotom|Will-O-Wisp|p2a: Landorus|[miss]
|-miss|p1a: Rotom|p2a: Landorus
|
|upkeep
|turn|2
|
|t:|1726762018
|switch|p2a: Ninetales|Ninetales, F|100/100
|-weather|SunnyDay|[from] ability: Drought|[of] p2a: Ninetales
|move|p1a: Rotom|Volt Switch|p2a: Ninetales
|-damage|p2a: Ninetales|70/100
|
|t:|1726762023
|switch|p1a: Tyranitar|Tyranitar, F|100/100|[from] Volt Switch
|-weather|Sandstorm|[from] ability: Sand Stream|[of] p1a: Tyranitar
|
|-weather|Sandstorm|[upkeep]
|-damage|p2a: Ninetales|64/100|[from] Sandstorm
|upkeep
|turn|3
|
|t:|1726762026
|-activate|p2a: Ninetales|move: Pursuit
|move|p1a: Tyranitar|Pursuit|p2a: Ninetales|[from]Pursuit
|-damage|p2a: Ninetales|1/100
|switch|p2a: Landorus|Landorus-Therian, M|100/100
|-ability|p2a: Landorus|Intimidate|boost
|-unboost|p1a: Tyranitar|atk|1
|
|-weather|Sandstorm|[upkeep]
|upkeep
|turn|4
|
|t:|1726762033
|switch|p1a: Rotom|Rotom-Wash|100/100
|move|p2a: Landorus|U-turn|p1a: Rotom
|-damage|p1a: Rotom|78/100
|
|t:|1726762037
|switch|p2a: Lickilicky|Lickilicky, M|100/100|[from] U-turn
|-ability|p2a: Lickilicky|Cloud Nine
|
|-weather|Sandstorm|[upkeep]
|-heal|p1a: Rotom|84/100|[from] item: Leftovers
|upkeep
|turn|5
|
|t:|1726762042
|move|p1a: Rotom|Will-O-Wisp|p2a: Lickilicky|[miss]
|-miss|p1a: Rotom|p2a: Lickilicky
|move|p2a: Lickilicky|Focus Blast|p1a: Rotom
|-damage|p1a: Rotom|51/100
|
|-weather|Sandstorm|[upkeep]
|-heal|p1a: Rotom|57/100|[from] item: Leftovers
|upkeep
|turn|6
|
|t:|1726762048
|move|p1a: Rotom|Volt Switch|p2a: Lickilicky
|-damage|p2a: Lickilicky|80/100
|
|t:|1726762051
|switch|p1a: Celebi|Celebi|100/100|[from] Volt Switch
|move|p2a: Lickilicky|Thunderbolt|p1a: Celebi
|-resisted|p1a: Celebi
|-damage|p1a: Celebi|92/100
|
|-weather|Sandstorm|[upkeep]
|-heal|p1a: Celebi|98/100|[from] item: Leftovers
|upkeep
|turn|7
|-activate|p2a: Lickilicky|item: Quick Claw
|
|t:|1726762053
|move|p2a: Lickilicky|Fire Blast|p1a: Celebi
|-supereffective|p1a: Celebi
|-crit|p1a: Celebi
|-damage|p1a: Celebi|16/100
|move|p1a: Celebi|Stealth Rock|p2a: Lickilicky
|-sidestart|p2: Rick91|move: Stealth Rock
|
|-weather|Sandstorm|[upkeep]
|-heal|p1a: Celebi|23/100|[from] item: Leftovers
|upkeep
|turn|8
|
|t:|1726762059
|move|p1a: Celebi|Recover|p1a: Celebi
|-heal|p1a: Celebi|73/100
|move|p2a: Lickilicky|Ice Beam|p1a: Celebi
|-supereffective|p1a: Celebi
|-damage|p1a: Celebi|39/100
|
|-weather|Sandstorm|[upkeep]
|-heal|p1a: Celebi|45/100|[from] item: Leftovers
|upkeep
|turn|9
|
|t:|1726762063
|move|p1a: Celebi|Recover|p1a: Celebi
|-heal|p1a: Celebi|95/100
|move|p2a: Lickilicky|Fire Blast|p1a: Celebi
|-supereffective|p1a: Celebi
|-damage|p1a: Celebi|55/100
|
|-weather|Sandstorm|[upkeep]
|-heal|p1a: Celebi|61/100|[from] item: Leftovers
|upkeep
|turn|10
|-activate|p2a: Lickilicky|item: Quick Claw
|
|t:|1726762068
|move|p2a: Lickilicky|Fire Blast|p1a: Celebi|[miss]
|-miss|p2a: Lickilicky|p1a: Celebi
|move|p1a: Celebi|Baton Pass|p1a: Celebi
|
|t:|1726762076
|switch|p1a: Rotom|Rotom-Wash|57/100|[from] Baton Pass
|
|-weather|Sandstorm|[upkeep]
|-heal|p1a: Rotom|64/100|[from] item: Leftovers
|upkeep
|turn|11
|-activate|p2a: Lickilicky|item: Quick Claw
|
|t:|1726762080
|move|p2a: Lickilicky|Ice Beam|p1a: Rotom
|-resisted|p1a: Rotom
|-damage|p1a: Rotom|51/100
|move|p1a: Rotom|Will-O-Wisp|p2a: Lickilicky
|-status|p2a: Lickilicky|brn
|
|-weather|Sandstorm|[upkeep]
|-heal|p1a: Rotom|58/100|[from] item: Leftovers
|-damage|p2a: Lickilicky|67/100 brn|[from] brn
|upkeep
|turn|12
|-activate|p2a: Lickilicky|item: Quick Claw
|
|t:|1726762087
|move|p2a: Lickilicky|Thunderbolt|p1a: Rotom
|-damage|p1a: Rotom|31/100
|move|p1a: Rotom|Volt Switch|p2a: Lickilicky
|-damage|p2a: Lickilicky|47/100 brn
|
|t:|1726762096
|switch|p1a: Celebi|Celebi|61/100|[from] Volt Switch
|
|-weather|Sandstorm|[upkeep]
|-heal|p1a: Celebi|67/100|[from] item: Leftovers
|-damage|p2a: Lickilicky|34/100 brn|[from] brn
|upkeep
|turn|13
|
|t:|1726762100
|switch|p2a: Landorus|Landorus-Therian, M|100/100
|-damage|p2a: Landorus|88/100|[from] Stealth Rock
|-ability|p2a: Landorus|Intimidate|boost
|-unboost|p1a: Celebi|atk|1
|move|p1a: Celebi|Recover|p1a: Celebi
|-heal|p1a: Celebi|100/100
|
|-weather|Sandstorm|[upkeep]
|-damage|p1a: Celebi|94/100|[from] Sandstorm
|-heal|p1a: Celebi|100/100|[from] item: Leftovers
|upkeep
|turn|14
|
|t:|1726762105
|switch|p1a: Rotom|Rotom-Wash|31/100
|move|p2a: Landorus|U-turn|p1a: Rotom
|-damage|p1a: Rotom|11/100
|
|t:|1726762109
|switch|p2a: Arcanine|Arcanine, M|100/100|[from] U-turn
|-damage|p2a: Arcanine|75/100|[from] Stealth Rock
|-ability|p2a: Arcanine|Intimidate|boost
|-unboost|p1a: Rotom|atk|1
|
|-weather|Sandstorm|[upkeep]
|-damage|p2a: Arcanine|69/100|[from] Sandstorm
|-damage|p1a: Rotom|5/100|[from] Sandstorm
|-heal|p2a: Arcanine|75/100|[from] item: Leftovers
|-heal|p1a: Rotom|11/100|[from] item: Leftovers
|upkeep
|turn|15
|
|t:|1726762112
|switch|p1a: Landorus|Landorus-Therian, M|100/100
|-ability|p1a: Landorus|Intimidate|boost
|-unboost|p2a: Arcanine|atk|1
|move|p2a: Arcanine|Extreme Speed|p1a: Landorus
|-damage|p1a: Landorus|86/100
|
|-weather|Sandstorm|[upkeep]
|-damage|p2a: Arcanine|69/100|[from] Sandstorm
|-heal|p1a: Landorus|92/100|[from] item: Leftovers
|-heal|p2a: Arcanine|75/100|[from] item: Leftovers
|upkeep
|turn|16
|
|t:|1726762116
|switch|p2a: Landorus|Landorus-Therian, M|88/100
|-damage|p2a: Landorus|76/100|[from] Stealth Rock
|-ability|p2a: Landorus|Intimidate|boost
|-unboost|p1a: Landorus|atk|1
|move|p1a: Landorus|Substitute|p1a: Landorus
|-start|p1a: Landorus|Substitute
|-damage|p1a: Landorus|67/100
|
|-weather|Sandstorm|[upkeep]
|-heal|p1a: Landorus|73/100|[from] item: Leftovers
|upkeep
|turn|17
|
|t:|1726762122
|move|p2a: Landorus|U-turn|p1a: Landorus
|-resisted|p1a: Landorus
|-activate|p1a: Landorus|Substitute|[damage]
|
|t:|1726762123
|switch|p2a: Donphan|Donphan, M|100/100|[from] U-turn
|-damage|p2a: Donphan|94/100|[from] Stealth Rock
|move|p1a: Landorus|Hidden Power|p2a: Donphan
|-supereffective|p2a: Donphan
|-crit|p2a: Donphan
|-damage|p2a: Donphan|0 fnt
|faint|p2a: Donphan
|
|-weather|Sandstorm|[upkeep]
|-heal|p1a: Landorus|79/100|[from] item: Leftovers
|upkeep
|
|t:|1726762128
|switch|p2a: Ninetales|Ninetales, F|1/100
|-damage|p2a: Ninetales|0 fnt|[from] Stealth Rock
|faint|p2a: Ninetales
|
|t:|1726762130
|switch|p2a: Cresselia|Cresselia, F|100/100
|-damage|p2a: Cresselia|88/100|[from] Stealth Rock
|turn|18
|
|t:|1726762134
|move|p1a: Landorus|Smack Down|p2a: Cresselia
|-damage|p2a: Cresselia|79/100
|-start|p2a: Cresselia|Smack Down
|move|p2a: Cresselia|Ice Beam|p1a: Landorus
|-supereffective|p1a: Landorus
|-end|p1a: Landorus|Substitute
|
|-weather|Sandstorm|[upkeep]
|-damage|p2a: Cresselia|73/100|[from] Sandstorm
|-heal|p1a: Landorus|85/100|[from] item: Leftovers
|-heal|p2a: Cresselia|79/100|[from] item: Leftovers
|upkeep
|turn|19
|
|t:|1726762141
|switch|p1a: Celebi|Celebi|100/100
|move|p2a: Cresselia|Ice Beam|p1a: Celebi
|-supereffective|p1a: Celebi
|-damage|p1a: Celebi|79/100
|
|-weather|Sandstorm|[upkeep]
|-damage|p1a: Celebi|73/100|[from] Sandstorm
|-damage|p2a: Cresselia|73/100|[from] Sandstorm
|-heal|p1a: Celebi|79/100|[from] item: Leftovers
|-heal|p2a: Cresselia|79/100|[from] item: Leftovers
|upkeep
|turn|20
|
|t:|1726762146
|move|p1a: Celebi|Baton Pass|p1a: Celebi
|
|t:|1726762149
|switch|p1a: Tyranitar|Tyranitar, F|100/100|[from] Baton Pass
|move|p2a: Cresselia|Ice Beam|p1a: Tyranitar
|-damage|p1a: Tyranitar|93/100
|
|-weather|Sandstorm|[upkeep]
|-damage|p2a: Cresselia|73/100|[from] Sandstorm
|-heal|p2a: Cresselia|79/100|[from] item: Leftovers
|upkeep
|turn|21
|
|t:|1726762151
|move|p2a: Cresselia|Thunder Wave|p1a: Tyranitar
|-status|p1a: Tyranitar|par
|move|p1a: Tyranitar|Pursuit|p2a: Cresselia
|-supereffective|p2a: Cresselia
|-damage|p2a: Cresselia|54/100
|
|-weather|Sandstorm|[upkeep]
|-damage|p2a: Cresselia|48/100|[from] Sandstorm
|-heal|p2a: Cresselia|54/100|[from] item: Leftovers
|upkeep
|turn|22
|
|t:|1726762156
|switch|p2a: Landorus|Landorus-Therian, M|76/100
|-damage|p2a: Landorus|63/100|[from] Stealth Rock
|-ability|p2a: Landorus|Intimidate|boost
|-unboost|p1a: Tyranitar|atk|1
|move|p1a: Tyranitar|Crunch|p2a: Landorus
|-damage|p2a: Landorus|29/100
|
|-weather|Sandstorm|[upkeep]
|upkeep
|turn|23
|
|t:|1726762165
|move|p2a: Landorus|U-turn|p1a: Tyranitar
|-supereffective|p1a: Tyranitar
|-damage|p1a: Tyranitar|49/100 par
|-activate|p2a: Landorus|move: Pursuit
|move|p1a: Tyranitar|Pursuit|p2a: Landorus|[from]Pursuit
|-damage|p2a: Landorus|0 fnt
|faint|p2a: Landorus
|
|-weather|Sandstorm|[upkeep]
|upkeep
|
|t:|1726762167
|switch|p2a: Arcanine|Arcanine, M|75/100
|-damage|p2a: Arcanine|50/100|[from] Stealth Rock
|-ability|p2a: Arcanine|Intimidate|boost
|-unboost|p1a: Tyranitar|atk|1
|turn|24
|
|t:|1726762177
|switch|p1a: Rotom|Rotom-Wash|11/100
|move|p2a: Arcanine|Flare Blitz|p1a: Rotom
|-resisted|p1a: Rotom
|-damage|p1a: Rotom|0 fnt
|faint|p1a: Rotom
|-damage|p2a: Arcanine|48/100|[from] Recoil
|
|-weather|Sandstorm|[upkeep]
|-damage|p2a: Arcanine|41/100|[from] Sandstorm
|-heal|p2a: Arcanine|48/100|[from] item: Leftovers
|upkeep
|
|t:|1726762182
|switch|p1a: Garchomp|Garchomp, F|100/100
|turn|25
|
|t:|1726762185
|move|p1a: Garchomp|Outrage|p2a: Arcanine
|-damage|p2a: Arcanine|0 fnt
|faint|p2a: Arcanine
|
|-weather|Sandstorm|[upkeep]
|upkeep
|
|t:|1726762188
|switch|p2a: Cresselia|Cresselia, F|54/100
|-damage|p2a: Cresselia|41/100|[from] Stealth Rock
|turn|26
|
|t:|1726762189
|move|p1a: Garchomp|Outrage|p2a: Cresselia|[from]lockedmove
|-damage|p2a: Cresselia|1/100
|move|p2a: Cresselia|Ice Beam|p1a: Garchomp
|-supereffective|p1a: Garchomp
|-damage|p1a: Garchomp|29/100
|
|-weather|Sandstorm|[upkeep]
|-damage|p2a: Cresselia|0 fnt|[from] Sandstorm
|faint|p2a: Cresselia
|upkeep
|
|t:|1726762197
|switch|p2a: Lickilicky|Lickilicky, M|34/100 brn
|-damage|p2a: Lickilicky|22/100 brn|[from] Stealth Rock
|-ability|p2a: Lickilicky|Cloud Nine
|turn|27
|
|t:|1726762200
|move|p1a: Garchomp|Outrage|p2a: Lickilicky|[from]lockedmove
|-damage|p2a: Lickilicky|0 fnt
|faint|p2a: Lickilicky
|-start|p1a: Garchomp|confusion|[fatigue]
|
|win|Shinjou Akane
|raw|Shinjou Akane's rating: 1303 &rarr; <strong>1324</strong><br />(+21 for winning)
|raw|Rick91's rating: 1325 &rarr; <strong>1304</strong><br />(-21 for losing)
