|j|☆ILoveTeamPreview
|j|☆seanb143
|t:|1710209865
|gametype|singles
|player|p1|ILoveTeamPreview|brycen|1436
|player|p2|seanb143|emmet|1570
|teamsize|p1|6
|teamsize|p2|6
|gen|5
|tier|[Gen 5] OU
|rated|
|rule|Species Clause: Limit one of each Pokémon
|rule|OHKO Clause: OHKO moves are banned
|rule|Moody Clause: Moody is banned
|rule|Evasion Items Clause: Evasion items are banned
|rule|Evasion Moves Clause: Evasion moves are banned
|rule|Endless Battle Clause: Forcing endless battles is banned
|rule|HP Percentage Mod: HP is shown in percentages
|rule|Evasion Abilities Clause: Evasion abilities are banned
|rule|Sleep Moves Clause: Sleep-inducing moves are banned
|rule|Swagger Clause: Swagger is banned
|rule|Baton Pass Stat Clause: No Baton Passer may have a way to boost its stats
|clearpoke
|poke|p1|Politoed, M|item
|poke|p1|Ferrothorn, M|item
|poke|p1|Tentacruel, F|item
|poke|p1|Keldeo|item
|poke|p1|Tornadus, M|item
|poke|p1|Thundurus-Therian, M|item
|poke|p2|Mienshao, F|item
|poke|p2|Sableye, F|item
|poke|p2|Excadrill, F|item
|poke|p2|Alakazam, F|item
|poke|p2|Honchkrow, F|item
|poke|p2|Blissey, F|item
|teampreview
|inactive|Battle timer is ON: inactive players will automatically lose when time's up. (requested by seanb143)
|
|t:|1710209876
|start
|switch|p1a: Politoed|Politoed, M, shiny|100/100
|switch|p2a: Sableye|Sableye, F, shiny|100/100
|-weather|RainDance|[from] ability: Drizzle|[of] p1a: Politoed
|turn|1
|
|t:|1710209879
|move|p2a: Sableye|Will-O-Wisp|p1a: Politoed
|-status|p1a: Politoed|brn
|move|p1a: Politoed|Toxic|p2a: Sableye
|-status|p2a: Sableye|tox
|
|-weather|RainDance|[upkeep]
|-damage|p2a: Sableye|94/100 tox|[from] psn
|-damage|p1a: Politoed|88/100 brn|[from] brn
|upkeep
|turn|2
|
|t:|1710209884
|switch|p1a: Keldeo|Keldeo|100/100
|switch|p2a: Blissey|Blissey, F, shiny|100/100
|
|-weather|RainDance|[upkeep]
|upkeep
|turn|3
|
|t:|1710209909
|switch|p2a: Sableye|Sableye, F, shiny|94/100 tox
|move|p1a: Keldeo|Secret Sword|p2a: Sableye
|-immune|p2a: Sableye
|
|-weather|RainDance|[upkeep]
|-heal|p2a: Sableye|100/100 tox|[from] item: Leftovers
|-damage|p2a: Sableye|94/100 tox|[from] psn
|upkeep
|turn|4
|
|t:|1710209914
|switch|p1a: Politoed|Politoed, M, shiny|88/100 brn
|move|p2a: Sableye|Taunt|p1a: Politoed
|-start|p1a: Politoed|move: Taunt
|
|-weather|RainDance|[upkeep]
|-heal|p2a: Sableye|100/100 tox|[from] item: Leftovers
|-damage|p2a: Sableye|88/100 tox|[from] psn
|-damage|p1a: Politoed|76/100 brn|[from] brn
|upkeep
|turn|5
|
|t:|1710209926
|switch|p1a: Tornadus|Tornadus, M|100/100
|switch|p2a: Blissey|Blissey, F, shiny|100/100
|
|-weather|RainDance|[upkeep]
|upkeep
|turn|6
|
|t:|1710209930
|move|p1a: Tornadus|U-turn|p2a: Blissey
|-damage|p2a: Blissey|87/100
|
|t:|1710209932
|switch|p1a: Keldeo|Keldeo|100/100|[from] U-turn
|move|p2a: Blissey|Stealth Rock|p1a: Keldeo
|-sidestart|p1: ILoveTeamPreview|move: Stealth Rock
|
|-weather|RainDance|[upkeep]
|-heal|p2a: Blissey|93/100|[from] item: Leftovers
|upkeep
|turn|7
|
|t:|1710209938
|move|p1a: Keldeo|Scald|p2a: Blissey
|-damage|p2a: Blissey|56/100
|move|p2a: Blissey|Ice Beam|p1a: Keldeo
|-resisted|p1a: Keldeo
|-damage|p1a: Keldeo|90/100
|
|-weather|RainDance|[upkeep]
|-heal|p2a: Blissey|63/100|[from] item: Leftovers
|upkeep
|turn|8
|
|t:|1710209945
|move|p1a: Keldeo|Scald|p2a: Blissey
|-damage|p2a: Blissey|28/100
|move|p2a: Blissey|Ice Beam|p1a: Keldeo
|-resisted|p1a: Keldeo
|-damage|p1a: Keldeo|79/100
|
|-weather|RainDance|[upkeep]
|-heal|p2a: Blissey|34/100|[from] item: Leftovers
|upkeep
|turn|9
|
|t:|1710209948
|move|p1a: Keldeo|Scald|p2a: Blissey
|-damage|p2a: Blissey|0 fnt
|faint|p2a: Blissey
|
|-weather|RainDance|[upkeep]
|upkeep
|
|t:|1710209955
|switch|p2a: Alakazam|Alakazam, F, shiny|100/100
|turn|10
|
|t:|1710209957
|switch|p1a: Ferrothorn|Ferrothorn, M|100/100
|-damage|p1a: Ferrothorn|94/100|[from] Stealth Rock
|move|p2a: Alakazam|Sunny Day|p2a: Alakazam
|-weather|SunnyDay
|
|-weather|SunnyDay|[upkeep]
|upkeep
|turn|11
|
|t:|1710209962
|switch|p2a: Mienshao|Mienshao, F, shiny|100/100
|move|p1a: Ferrothorn|Stealth Rock|p2a: Mienshao
|-sidestart|p2: seanb143|move: Stealth Rock
|
|-weather|SunnyDay|[upkeep]
|upkeep
|turn|12
|
|t:|1710209965
|switch|p1a: Tentacruel|Tentacruel, F|100/100
|-damage|p1a: Tentacruel|88/100|[from] Stealth Rock
|move|p2a: Mienshao|High Jump Kick|p1a: Tentacruel
|-resisted|p1a: Tentacruel
|-damage|p1a: Tentacruel|45/100
|-damage|p2a: Mienshao|91/100|[from] item: Life Orb
|
|-weather|SunnyDay|[upkeep]
|-heal|p1a: Tentacruel|51/100|[from] item: Black Sludge
|upkeep
|turn|13
|
|t:|1710209977
|move|p2a: Mienshao|Stone Edge|p1a: Tentacruel
|-damage|p1a: Tentacruel|8/100
|-damage|p2a: Mienshao|81/100|[from] item: Life Orb
|move|p1a: Tentacruel|Scald|p2a: Mienshao
|-damage|p2a: Mienshao|57/100
|-status|p2a: Mienshao|brn
|
|-weather|SunnyDay|[upkeep]
|-heal|p1a: Tentacruel|14/100|[from] item: Black Sludge
|-damage|p2a: Mienshao|45/100 brn|[from] brn
|upkeep
|turn|14
|
|t:|1710209982
|move|p1a: Tentacruel|Protect|p1a: Tentacruel
|-singleturn|p1a: Tentacruel|Protect
|move|p2a: Mienshao|Stone Edge|p1a: Tentacruel
|-activate|p1a: Tentacruel|move: Protect
|
|-weather|none
|-heal|p1a: Tentacruel|20/100|[from] item: Black Sludge
|-damage|p2a: Mienshao|33/100 brn|[from] brn
|upkeep
|turn|15
|
|t:|1710209998
|switch|p1a: Ferrothorn|Ferrothorn, M|94/100
|-damage|p1a: Ferrothorn|88/100|[from] Stealth Rock
|move|p2a: Mienshao|High Jump Kick|p1a: Ferrothorn
|-supereffective|p1a: Ferrothorn
|-damage|p1a: Ferrothorn|27/100
|-damage|p2a: Mienshao|20/100 brn|[from] ability: Iron Barbs|[of] p1a: Ferrothorn
|-enditem|p1a: Ferrothorn|Eject Button
|-damage|p2a: Mienshao|10/100 brn|[from] item: Life Orb
|
|t:|1710210004
|switch|p1a: Politoed|Politoed, M, shiny|76/100 brn
|-damage|p1a: Politoed|63/100 brn|[from] Stealth Rock
|-weather|RainDance|[from] ability: Drizzle|[of] p1a: Politoed
|
|-weather|RainDance|[upkeep]
|-damage|p2a: Mienshao|0 fnt|[from] brn
|faint|p2a: Mienshao
|-damage|p1a: Politoed|51/100 brn|[from] brn
|upkeep
|
|t:|1710210018
|switch|p2a: Excadrill|Excadrill, F, shiny|100/100
|-damage|p2a: Excadrill|97/100|[from] Stealth Rock
|-ability|p2a: Excadrill|Mold Breaker
|turn|16
|
|t:|1710210021
|move|p2a: Excadrill|Protect|p2a: Excadrill
|-singleturn|p2a: Excadrill|Protect
|move|p1a: Politoed|Rest|p1a: Politoed
|-status|p1a: Politoed|slp|[from] move: Rest
|-heal|p1a: Politoed|100/100 slp|[silent]
|-enditem|p1a: Politoed|Chesto Berry|[eat]
|-curestatus|p1a: Politoed|slp|[msg]
|
|-weather|RainDance|[upkeep]
|-heal|p2a: Excadrill|100/100|[from] item: Leftovers
|upkeep
|turn|17
|
|t:|1710210040
|switch|p1a: Ferrothorn|Ferrothorn, M|27/100
|-damage|p1a: Ferrothorn|20/100|[from] Stealth Rock
|move|p2a: Excadrill|Rapid Spin|p1a: Ferrothorn
|-resisted|p1a: Ferrothorn
|-damage|p1a: Ferrothorn|18/100
|-damage|p2a: Excadrill|88/100|[from] ability: Iron Barbs|[of] p1a: Ferrothorn
|-sideend|p2: seanb143|Stealth Rock|[from] move: Rapid Spin|[of] p2a: Excadrill
|
|-weather|RainDance|[upkeep]
|-heal|p2a: Excadrill|94/100|[from] item: Leftovers
|upkeep
|turn|18
|
|t:|1710210042
|move|p2a: Excadrill|Earthquake|p1a: Ferrothorn
|-damage|p1a: Ferrothorn|0 fnt
|faint|p1a: Ferrothorn
|
|-weather|RainDance|[upkeep]
|-heal|p2a: Excadrill|99/100|[from] item: Leftovers
|upkeep
|
|t:|1710210047
|switch|p1a: Keldeo|Keldeo|79/100
|-damage|p1a: Keldeo|73/100|[from] Stealth Rock
|turn|19
|
|t:|1710210049
|move|p2a: Excadrill|Protect|p2a: Excadrill
|-singleturn|p2a: Excadrill|Protect
|move|p1a: Keldeo|Scald|p2a: Excadrill
|-activate|p2a: Excadrill|move: Protect
|
|-weather|RainDance|[upkeep]
|-heal|p2a: Excadrill|100/100|[from] item: Leftovers
|upkeep
|turn|20
|
|t:|1710210054
|switch|p2a: Sableye|Sableye, F, shiny|88/100 tox
|move|p1a: Keldeo|Scald|p2a: Sableye
|-damage|p2a: Sableye|0 fnt
|faint|p2a: Sableye
|
|-weather|RainDance|[upkeep]
|upkeep
|
|t:|1710210056
|switch|p2a: Alakazam|Alakazam, F, shiny|100/100
|turn|21
|
|t:|1710210059
|switch|p1a: Tentacruel|Tentacruel, F|20/100
|-damage|p1a: Tentacruel|8/100|[from] Stealth Rock
|move|p2a: Alakazam|Psyshock|p1a: Tentacruel
|-supereffective|p1a: Tentacruel
|-damage|p1a: Tentacruel|0 fnt
|faint|p1a: Tentacruel
|
|-weather|RainDance|[upkeep]
|upkeep
|
|t:|1710210065
|switch|p1a: Politoed|Politoed, M, shiny|100/100
|-damage|p1a: Politoed|88/100|[from] Stealth Rock
|turn|22
|
|t:|1710210069
|move|p2a: Alakazam|Sunny Day|p2a: Alakazam
|-weather|SunnyDay
|move|p1a: Politoed|Scald|p2a: Alakazam
|-damage|p2a: Alakazam|80/100
|
|-weather|SunnyDay|[upkeep]
|upkeep
|turn|23
|
|t:|1710210096
|switch|p1a: Thundurus|Thundurus-Therian, M|100/100
|-damage|p1a: Thundurus|76/100|[from] Stealth Rock
|move|p2a: Alakazam|Psyshock|p1a: Thundurus
|-damage|p1a: Thundurus|11/100
|
|-weather|SunnyDay|[upkeep]
|-heal|p1a: Thundurus|17/100|[from] item: Leftovers
|upkeep
|turn|24
|
|t:|1710210101
|switch|p1a: Politoed|Politoed, M, shiny|88/100
|-damage|p1a: Politoed|76/100|[from] Stealth Rock
|-weather|RainDance|[from] ability: Drizzle|[of] p1a: Politoed
|move|p2a: Alakazam|Psyshock|p1a: Politoed
|-damage|p1a: Politoed|40/100
|
|-weather|RainDance|[upkeep]
|upkeep
|turn|25
|
|t:|1710210112
|switch|p1a: Thundurus|Thundurus-Therian, M|17/100
|-damage|p1a: Thundurus|0 fnt|[from] Stealth Rock
|faint|p1a: Thundurus
|move|p2a: Alakazam|Sunny Day|p2a: Alakazam
|-weather|SunnyDay
|
|-weather|SunnyDay|[upkeep]
|upkeep
|
|t:|1710210114
|switch|p1a: Politoed|Politoed, M, shiny|40/100
|-damage|p1a: Politoed|28/100|[from] Stealth Rock
|-weather|RainDance|[from] ability: Drizzle|[of] p1a: Politoed
|turn|26
|
|t:|1710210117
|switch|p1a: Tornadus|Tornadus, M|100/100
|-damage|p1a: Tornadus|76/100|[from] Stealth Rock
|move|p2a: Alakazam|Sunny Day|p2a: Alakazam
|-weather|SunnyDay
|
|-weather|SunnyDay|[upkeep]
|upkeep
|turn|27
|
|t:|1710210120
|move|p2a: Alakazam|Psyshock|p1a: Tornadus
|-damage|p1a: Tornadus|11/100
|move|p1a: Tornadus|U-turn|p2a: Alakazam
|-supereffective|p2a: Alakazam
|-damage|p2a: Alakazam|0 fnt
|faint|p2a: Alakazam
|
|t:|1710210123
|switch|p1a: Politoed|Politoed, M, shiny|28/100|[from] U-turn
|-damage|p1a: Politoed|15/100|[from] Stealth Rock
|-weather|RainDance|[from] ability: Drizzle|[of] p1a: Politoed
|
|-weather|RainDance|[upkeep]
|upkeep
|j| zaaya
|
|t:|1710210129
|switch|p2a: Honchkrow|Honchkrow, F, shiny|100/100
|turn|28
|
|t:|1710210131
|switch|p1a: Tornadus|Tornadus, M|11/100
|-damage|p1a: Tornadus|0 fnt|[from] Stealth Rock
|faint|p1a: Tornadus
|move|p2a: Honchkrow|Brave Bird|p1: Tornadus|[notarget]
|-fail|p2a: Honchkrow
|
|-weather|RainDance|[upkeep]
|upkeep
|
|t:|1710210133
|switch|p1a: Keldeo|Keldeo|73/100
|-damage|p1a: Keldeo|67/100|[from] Stealth Rock
|turn|29
|
|t:|1710210139
|move|p2a: Honchkrow|Sucker Punch|p1a: Keldeo
|-resisted|p1a: Keldeo
|-damage|p1a: Keldeo|40/100
|-ability|p1a: Keldeo|Justified|boost
|-boost|p1a: Keldeo|atk|1
|move|p1a: Keldeo|Scald|p2a: Honchkrow
|-damage|p2a: Honchkrow|0 fnt
|faint|p2a: Honchkrow
|
|-weather|RainDance|[upkeep]
|upkeep
|
|t:|1710210143
|switch|p2a: Excadrill|Excadrill, F, shiny|100/100
|-ability|p2a: Excadrill|Mold Breaker
|turn|30
|
|t:|1710210144
|move|p1a: Keldeo|Scald|p2a: Excadrill
|-supereffective|p2a: Excadrill
|-crit|p2a: Excadrill
|-damage|p2a: Excadrill|0 fnt
|faint|p2a: Excadrill
|
|win|ILoveTeamPreview
|raw|ILoveTeamPreview's rating: 1436 &rarr; <strong>1463</strong><br />(+27 for winning)
|raw|seanb143's rating: 1570 &rarr; <strong>1543</strong><br />(-27 for losing)
|l|☆seanb143
|player|p2|
|l| zaaya
