|j|☆Spritzalcianuro96
|j|☆mox
|t:|1597049264
|player|p1|Spritzalcianuro96|colress|1577
|player|p2|mox|101|1464
|teamsize|p1|6
|teamsize|p2|6
|gametype|singles
|gen|5
|tier|[Gen 5] OU
|rated|
|clearpoke
|poke|p1|Mamoswine, M|item
|poke|p1|Latios, M|item
|poke|p1|Scizor, F|item
|poke|p1|Kyurem-Black|item
|poke|p1|Salamence, M|item
|poke|p1|Magnezone|item
|poke|p2|Politoed, M|item
|poke|p2|Gyarados, M|item
|poke|p2|Lapras, F|item
|poke|p2|Cloyster, M|item
|poke|p2|Rotom-Wash|item
|poke|p2|Lanturn, F|item
|rule|Species Clause: Limit one of each Pokémon
|rule|OHKO Clause: OHKO moves are banned
|rule|Moody Clause: Moody is banned
|rule|Evasion Moves Clause: Evasion moves are banned
|rule|Endless Battle Clause: Forcing endless battles is banned
|rule|HP Percentage Mod: HP is shown in percentages
|rule|Evasion Abilities Clause: Evasion abilities are banned
|rule|Baton Pass Clause: Limit one Baton Passer, can't pass Spe and other stats simultaneously
|rule|Sleep Clause: Sleep-inducing moves are banned
|rule|Swagger Clause: Swagger is banned
|teampreview
|inactive|Battle timer is ON: inactive players will automatically lose when time's up. (requested by mox)
|inactiveoff|Battle timer is now OFF.
|inactive|Battle timer is ON: inactive players will automatically lose when time's up. (requested by mox)
|
|t:|1597049339
|start
|switch|p1a: Mamoswine|Mamoswine, M|100/100
|switch|p2a: Politoed|Politoed, M|100/100
|-weather|RainDance|[from] ability: Drizzle|[of] p2a: Politoed
|turn|1
|
|t:|1597049362
|move|p1a: Mamoswine|Stealth Rock|p2a: Politoed
|-sidestart|p2: mox|move: Stealth Rock
|move|p2a: Politoed|Scald|p1a: Mamoswine
|-supereffective|p1a: Mamoswine
|-enditem|p1a: Mamoswine|Focus Sash
|-damage|p1a: Mamoswine|1/100
|
|-weather|RainDance|[upkeep]
|upkeep
|turn|2
|
|t:|1597049371
|move|p1a: Mamoswine|Endeavor|p2a: Politoed
|-damage|p2a: Politoed|1/100
|move|p2a: Politoed|Ice Beam|p1a: Mamoswine
|-damage|p1a: Mamoswine|0 fnt
|faint|p1a: Mamoswine
|
|-weather|RainDance|[upkeep]
|upkeep
|inactive|Spritzalcianuro96 has 120 seconds left.
|
|t:|1597049407
|switch|p1a: Latios|Latios, M|100/100
|turn|3
|
|t:|1597049415
|move|p1a: Latios|Psychic|p2a: Politoed
|-damage|p2a: Politoed|0 fnt
|faint|p2a: Politoed
|
|-weather|RainDance|[upkeep]
|upkeep
|
|t:|1597049429
|switch|p2a: Lapras|Lapras, F|100/100
|-damage|p2a: Lapras|75/100|[from] Stealth Rock
|turn|4
|inactive|Spritzalcianuro96 has 120 seconds left.
|
|t:|1597049449
|switch|p1a: Scizor|Scizor, F|100/100
|move|p2a: Lapras|Rest|p2a: Lapras
|-status|p2a: Lapras|slp|[from] move: Rest
|-heal|p2a: Lapras|100/100 slp|[silent]
|
|-weather|RainDance|[upkeep]
|-activate|p2a: Lapras|ability: Hydration
|-curestatus|p2a: Lapras|slp|[msg]
|upkeep
|turn|5
|
|t:|1597049458
|move|p1a: Scizor|Superpower|p2a: Lapras
|-supereffective|p2a: Lapras
|-damage|p2a: Lapras|0 fnt
|-unboost|p1a: Scizor|atk|1
|-unboost|p1a: Scizor|def|1
|faint|p2a: Lapras
|
|-weather|RainDance|[upkeep]
|upkeep
|
|t:|1597049466
|switch|p2a: Gyarados|Gyarados, M|100/100
|-damage|p2a: Gyarados|75/100|[from] Stealth Rock
|turn|6
|
|t:|1597049471
|switch|p1a: Kyurem|Kyurem-Black|100/100
|-ability|p1a: Kyurem|Teravolt
|move|p2a: Gyarados|Dragon Dance|p2a: Gyarados
|-boost|p2a: Gyarados|atk|1
|-boost|p2a: Gyarados|spe|1
|
|-weather|RainDance|[upkeep]
|-heal|p2a: Gyarados|82/100|[from] item: Leftovers
|upkeep
|turn|7
|
|t:|1597049480
|move|p2a: Gyarados|Waterfall|p1a: Kyurem
|-resisted|p1a: Kyurem
|-damage|p1a: Kyurem|59/100
|move|p1a: Kyurem|Outrage|p2a: Gyarados
|-damage|p2a: Gyarados|0 fnt
|faint|p2a: Gyarados
|
|-weather|RainDance|[upkeep]
|upkeep
|
|t:|1597049488
|switch|p2a: Cloyster|Cloyster, M|100/100
|-damage|p2a: Cloyster|76/100|[from] Stealth Rock
|turn|8
|
|t:|1597049492
|move|p1a: Kyurem|Outrage|p2a: Cloyster|[from]lockedmove
|-damage|p2a: Cloyster|0 fnt
|faint|p2a: Cloyster
|
|-weather|RainDance|[upkeep]
|upkeep
|-message|mox forfeited.
|
|win|Spritzalcianuro96
|l|☆mox
|raw|Spritzalcianuro96's rating: 1577 &rarr; <strong>1591</strong><br />(+14 for winning)
|raw|mox's rating: 1464 &rarr; <strong>1450</strong><br />(-14 for losing)
