|j|☆tohki
|j|☆byronthewellwell
|player|p1|tohki|28
|player|p2|byronthewellwell|266
|teamsize|p1|6
|teamsize|p2|6
|gametype|singles
|gen|5
|tier|[Gen 5] OU
|rated|
|rule|Sleep Clause Mod: Limit one foe put to sleep
|rule|Species Clause: Limit one of each Pokémon
|rule|OHKO Clause: OHKO moves are banned
|rule|Moody Clause: Moody is banned
|rule|Evasion Moves Clause: Evasion moves are banned
|rule|Endless Battle Clause: Forcing endless battles is banned
|rule|HP Percentage Mod: HP is shown in percentages
|rule|Evasion Abilities Clause: Evasion abilities are banned
|rule|Baton Pass Clause: Limit one Baton Passer, can't pass Spe and other stats simultaneously
|rule|Swagger Clause: Swagger is banned
|clearpoke
|poke|p1|Politoed, M|item
|poke|p1|Xatu, M|item
|poke|p1|Diglett, F|item
|poke|p1|Garchomp, M|item
|poke|p1|Moltres|item
|poke|p1|Jirachi|item
|poke|p2|Ninetales, F|item
|poke|p2|Wobbuffet, F|item
|poke|p2|Diglett, M|item
|poke|p2|Cresselia, F|item
|poke|p2|Chansey, F|item
|poke|p2|Excadrill, F|item
|teampreview
|c|☆byronthewellwell|yeet
|c|☆tohki|gl hf
|
|start
|switch|p1a: Moltres|Moltres|100/100
|switch|p2a: Ninetales|Ninetales, F|100/100
|-ability|p1a: Moltres|Pressure
|-weather|SunnyDay|[from] ability: Drought|[of] p2a: Ninetales
|turn|1
|
|switch|p1a: Diglett|Diglett, F|100/100
|move|p2a: Ninetales|Hidden Power|p1a: Diglett
|-resisted|p1a: Diglett
|-damage|p1a: Diglett|59/100
|
|-weather|SunnyDay|[upkeep]
|upkeep
|turn|2
|
|move|p1a: Diglett|Earthquake|p2a: Ninetales
|-supereffective|p2a: Ninetales
|-damage|p2a: Ninetales|35/100
|-enditem|p2a: Ninetales|Eject Button
|c|☆byronthewellwell|unmon
|c|☆byronthewellwell|right there
|
|switch|p2a: Diglett|Diglett, M|100/100
|
|-weather|SunnyDay|[upkeep]
|upkeep
|turn|3
|
|move|p1a: Diglett|Stealth Rock|p2a: Diglett
|-sidestart|p2: byronthewellwell|move: Stealth Rock
|move|p2a: Diglett|Earthquake|p1a: Diglett
|-damage|p1a: Diglett|0 fnt
|faint|p1a: Diglett
|
|-weather|SunnyDay|[upkeep]
|upkeep
|c|☆tohki|tru
|
|switch|p1a: Xatu|Xatu, M|100/100
|turn|4
|
|switch|p2a: Excadrill|Excadrill, F|100/100
|-damage|p2a: Excadrill|97/100|[from] Stealth Rock
|-ability|p2a: Excadrill|Mold Breaker
|move|p1a: Xatu|U-turn|p2a: Excadrill
|-resisted|p2a: Excadrill
|-damage|p2a: Excadrill|88/100
|
|switch|p1a: Garchomp|Garchomp, M|100/100
|
|-weather|SunnyDay|[upkeep]
|upkeep
|turn|5
|
|move|p1a: Garchomp|Earthquake|p2a: Excadrill
|-supereffective|p2a: Excadrill
|-damage|p2a: Excadrill|0 fnt
|faint|p2a: Excadrill
|
|-weather|SunnyDay|[upkeep]
|upkeep
|c|☆byronthewellwell|fuck
|
|switch|p2a: Cresselia|Cresselia, F, shiny|100/100
|-damage|p2a: Cresselia|88/100|[from] Stealth Rock
|turn|6
|
|switch|p1a: Xatu|Xatu, M|100/100
|move|p2a: Cresselia|Ice Beam|p1a: Xatu
|-supereffective|p1a: Xatu
|-damage|p1a: Xatu|55/100
|
|-weather|SunnyDay|[upkeep]
|-heal|p2a: Cresselia|94/100|[from] item: Leftovers
|upkeep
|turn|7
|
|switch|p1a: Politoed|Politoed, M|100/100
|-weather|RainDance|[from] ability: Drizzle|[of] p1a: Politoed
|move|p2a: Cresselia|Ice Beam|p1a: Politoed
|-resisted|p1a: Politoed
|-damage|p1a: Politoed|92/100
|
|-weather|RainDance|[upkeep]
|-heal|p2a: Cresselia|99/100|[from] item: Leftovers
|-heal|p1a: Politoed|98/100|[from] item: Leftovers
|upkeep
|turn|8
|
|switch|p1a: Xatu|Xatu, M|55/100
|move|p2a: Cresselia|Toxic|p1a: Xatu
|move|p1a: Xatu|Toxic|p2a: Cresselia|[from]Magic Bounce
|-status|p2a: Cresselia|tox
|
|-weather|RainDance|[upkeep]
|-heal|p2a: Cresselia|100/100 tox|[from] item: Leftovers
|-damage|p2a: Cresselia|94/100 tox|[from] psn
|upkeep
|turn|9
|
|move|p1a: Xatu|Roost|p1a: Xatu
|-heal|p1a: Xatu|100/100
|move|p2a: Cresselia|Ice Beam|p1a: Xatu
|-damage|p1a: Xatu|79/100
|
|-weather|RainDance|[upkeep]
|-heal|p2a: Cresselia|100/100 tox|[from] item: Leftovers
|-damage|p2a: Cresselia|88/100 tox|[from] psn
|upkeep
|turn|10
|
|switch|p2a: Chansey|Chansey, F|100/100
|-damage|p2a: Chansey|88/100|[from] Stealth Rock
|move|p1a: Xatu|U-turn|p2a: Chansey
|-crit|p2a: Chansey
|-damage|p2a: Chansey|72/100
|
|switch|p1a: Jirachi|Jirachi|100/100
|
|-weather|RainDance|[upkeep]
|upkeep
|turn|11
|c|☆byronthewellwell|hm do you have stuff for chans
|c|☆byronthewellwell|trick?
|
|move|p1a: Jirachi|Substitute|p1a: Jirachi
|-start|p1a: Jirachi|Substitute
|-damage|p1a: Jirachi|75/100
|move|p2a: Chansey|Heal Bell|p2a: Chansey
|-activate|p2a: Chansey|move: Heal Bell
|-curestatus|p2: Cresselia|tox|[msg]
|
|-weather|RainDance|[upkeep]
|-heal|p1a: Jirachi|82/100|[from] item: Leftovers
|upkeep
|turn|12
|c|☆tohki|no, just rugged individualism
|
|move|p1a: Jirachi|Calm Mind|p1a: Jirachi
|-boost|p1a: Jirachi|spa|1
|-boost|p1a: Jirachi|spd|1
|move|p2a: Chansey|Seismic Toss|p1a: Jirachi
|-activate|p1a: Jirachi|Substitute|[damage]
|
|-weather|RainDance|[upkeep]
|-heal|p1a: Jirachi|88/100|[from] item: Leftovers
|upkeep
|turn|13
|c|☆byronthewellwell|lol
|
|move|p1a: Jirachi|Calm Mind|p1a: Jirachi
|-boost|p1a: Jirachi|spa|1
|-boost|p1a: Jirachi|spd|1
|move|p2a: Chansey|Seismic Toss|p1a: Jirachi
|-end|p1a: Jirachi|Substitute
|
|-weather|RainDance|[upkeep]
|-heal|p1a: Jirachi|94/100|[from] item: Leftovers
|upkeep
|turn|14
|
|move|p1a: Jirachi|Substitute|p1a: Jirachi
|-start|p1a: Jirachi|Substitute
|-damage|p1a: Jirachi|69/100
|move|p2a: Chansey|Thunder Wave|p1a: Jirachi
|-fail|p1a: Jirachi
|
|-weather|RainDance|[upkeep]
|-heal|p1a: Jirachi|75/100|[from] item: Leftovers
|upkeep
|turn|15
|j| wheres the rope
|
|move|p1a: Jirachi|Calm Mind|p1a: Jirachi
|-boost|p1a: Jirachi|spa|1
|-boost|p1a: Jirachi|spd|1
|move|p2a: Chansey|Seismic Toss|p1a: Jirachi
|-activate|p1a: Jirachi|Substitute|[damage]
|
|-weather|RainDance|[upkeep]
|-heal|p1a: Jirachi|81/100|[from] item: Leftovers
|upkeep
|turn|16
|
|move|p1a: Jirachi|Calm Mind|p1a: Jirachi
|-boost|p1a: Jirachi|spa|1
|-boost|p1a: Jirachi|spd|1
|move|p2a: Chansey|Seismic Toss|p1a: Jirachi
|-end|p1a: Jirachi|Substitute
|
|-weather|RainDance|[upkeep]
|-heal|p1a: Jirachi|88/100|[from] item: Leftovers
|upkeep
|turn|17
|
|move|p1a: Jirachi|Substitute|p1a: Jirachi
|-start|p1a: Jirachi|Substitute
|-damage|p1a: Jirachi|63/100
|move|p2a: Chansey|Soft-Boiled|p2a: Chansey
|-heal|p2a: Chansey|100/100
|
|-weather|RainDance|[upkeep]
|-heal|p1a: Jirachi|69/100|[from] item: Leftovers
|upkeep
|turn|18
|c|☆tohki|imo
|c|☆tohki|if we're using diglett because dug is gone
|c|☆tohki|then dugtrio deserved the ban
|c|☆byronthewellwell|imo i should have gone wobufett a long time ago
|
|switch|p2a: Wobbuffet|Wobbuffet, F|100/100
|-damage|p2a: Wobbuffet|88/100|[from] Stealth Rock
|move|p1a: Jirachi|Psyshock|p2a: Wobbuffet
|-resisted|p2a: Wobbuffet
|-damage|p2a: Wobbuffet|59/100
|
|-weather|RainDance|[upkeep]
|-heal|p1a: Jirachi|75/100|[from] item: Leftovers
|-heal|p2a: Wobbuffet|65/100|[from] item: Leftovers
|upkeep
|turn|19
|
|move|p1a: Jirachi|Thunder|p2a: Wobbuffet
|-damage|p2a: Wobbuffet|10/100
|move|p2a: Wobbuffet|Encore|p1a: Jirachi
|-start|p1a: Jirachi|Encore
|
|-weather|RainDance|[upkeep]
|-heal|p1a: Jirachi|81/100|[from] item: Leftovers
|-heal|p2a: Wobbuffet|16/100|[from] item: Leftovers
|upkeep
|turn|20
|
|switch|p2a: Diglett|Diglett, M|100/100
|-damage|p2a: Diglett|94/100|[from] Stealth Rock
|move|p1a: Jirachi|Thunder|p2a: Diglett
|-immune|p2a: Diglett|[msg]
|
|-weather|RainDance|[upkeep]
|-heal|p1a: Jirachi|87/100|[from] item: Leftovers
|upkeep
|turn|21
|c| wheres the rope|lmao
|
|move|p1a: Jirachi|Thunder|p2a: Diglett
|-immune|p2a: Diglett|[msg]
|move|p2a: Diglett|Earthquake|p1a: Jirachi
|-supereffective|p1a: Jirachi
|-crit|p1a: Jirachi
|-end|p1a: Jirachi|Substitute
|
|-weather|RainDance|[upkeep]
|-heal|p1a: Jirachi|94/100|[from] item: Leftovers
|upkeep
|turn|22
|
|move|p1a: Jirachi|Thunder|p2a: Diglett
|-immune|p2a: Diglett|[msg]
|move|p2a: Diglett|Earthquake|p1a: Jirachi
|-supereffective|p1a: Jirachi
|-damage|p1a: Jirachi|47/100
|
|-weather|RainDance|[upkeep]
|-heal|p1a: Jirachi|53/100|[from] item: Leftovers
|-end|p1a: Jirachi|Encore
|upkeep
|turn|23
|c|☆byronthewellwell|man
|c|☆tohki|oh no it's diglett
|c|☆byronthewellwell|i really wish i got to spin
|c|☆tohki|it's always scarf exca
|c|☆byronthewellwell|gg
|
|switch|p2a: Ninetales|Ninetales, F|35/100
|-damage|p2a: Ninetales|10/100|[from] Stealth Rock
|-weather|SunnyDay|[from] ability: Drought|[of] p2a: Ninetales
|move|p1a: Jirachi|Psyshock|p2a: Ninetales
|-damage|p2a: Ninetales|0 fnt
|faint|p2a: Ninetales
|
|-weather|SunnyDay|[upkeep]
|-heal|p1a: Jirachi|59/100|[from] item: Leftovers
|upkeep
|
|switch|p2a: Cresselia|Cresselia, F, shiny|88/100
|-damage|p2a: Cresselia|76/100|[from] Stealth Rock
|turn|24
|-message|byronthewellwell forfeited.
|
|win|tohki
|c| wheres the rope|does custap berry exist in gen 5?
|raw|tohki's rating: 1359 &rarr; <strong>1386</strong><br />(+27 for winning)
|raw|byronthewellwell's rating: 1485 &rarr; <strong>1458</strong><br />(-27 for losing)
|c|☆tohki|Yes
|c|☆byronthewellwell|yeah
