|j|☆sankafola
|j|☆LOP Faus
|player|p1|sankafola|juan|1448
|player|p2|LOP Faus|scientist-gen4|1343
|teamsize|p1|6
|teamsize|p2|6
|gametype|singles
|gen|5
|tier|[Gen 5] OU
|rated|
|rule|Species Clause: Limit one of each Pokémon
|rule|OHKO Clause: OHKO moves are banned
|rule|Moody Clause: Moody is banned
|rule|Evasion Moves Clause: Evasion moves are banned
|rule|Endless Battle Clause: Forcing endless battles is banned
|rule|HP Percentage Mod: HP is shown in percentages
|rule|Evasion Abilities Clause: Evasion abilities are banned
|rule|Baton Pass Clause: Limit one Baton Passer, can't pass Spe and other stats simultaneously
|rule|Sleep Clause: Sleep-inducing moves are banned
|rule|Swagger Clause: Swagger is banned
|clearpoke
|poke|p1|Lucario, F|item
|poke|p1|Forretress, F|item
|poke|p1|Scizor, F|item
|poke|p1|Gengar, M|item
|poke|p1|Latios, M|item
|poke|p1|Keldeo-Resolute|item
|poke|p2|Volcarona, F|item
|poke|p2|Latios, M|item
|poke|p2|Thundurus-Therian, M|item
|poke|p2|Metagross|item
|poke|p2|Tentacruel, M|item
|poke|p2|Landorus-Therian, M|item
|teampreview
|inactive|Battle timer is ON: inactive players will automatically lose when time's up. (requested by LOP Faus)
|j| Wvwhwhwwhhw
|
|start
|switch|p1a: Forretress|Forretress, F|100/100
|switch|p2a: Thor|Thundurus-Therian, M|100/100
|turn|1
|
|move|p2a: Thor|Volt Switch|p1a: Forretress
|-damage|p1a: Forretress|25/100
|
|switch|p2a: Cruella De Vil|Tentacruel, M|100/100|[from]move: Volt Switch
|move|p1a: Forretress|Stealth Rock|p2a: Cruella De Vil
|-sidestart|p2: LOP Faus|move: Stealth Rock
|
|upkeep
|turn|2
|
|switch|p1a: Gengar|Gengar, M|100/100
|move|p2a: Cruella De Vil|Scald|p1a: Gengar
|-damage|p1a: Gengar|59/100
|
|-heal|p1a: Gengar|65/100|[from] item: Black Sludge
|upkeep
|turn|3
|
|move|p1a: Gengar|Disable|p2a: Cruella De Vil
|-start|p2a: Cruella De Vil|Disable|Scald
|cant|p2a: Cruella De Vil|Disable|Scald
|
|-heal|p1a: Gengar|71/100|[from] item: Black Sludge
|upkeep
|turn|4
|inactive|LOP Faus has 120 seconds left.
|
|move|p1a: Gengar|Substitute|p1a: Gengar
|-start|p1a: Gengar|Substitute
|-damage|p1a: Gengar|46/100
|move|p2a: Cruella De Vil|Toxic||[still]
|-fail|p2a: Cruella De Vil
|
|-heal|p1a: Gengar|52/100|[from] item: Black Sludge
|upkeep
|turn|5
|inactive|LOP Faus has 120 seconds left.
|
|switch|p2a: X-Men|Metagross, shiny|100/100
|-damage|p2a: X-Men|94/100|[from] Stealth Rock
|move|p1a: Gengar|Shadow Ball|p2a: X-Men
|-damage|p2a: X-Men|51/100
|
|-heal|p1a: Gengar|59/100|[from] item: Black Sludge
|-heal|p2a: X-Men|57/100|[from] item: Leftovers
|upkeep
|turn|6
|
|move|p1a: Gengar|Shadow Ball|p2a: X-Men
|-damage|p2a: X-Men|15/100
|move|p2a: X-Men|Iron Head|p1a: Gengar
|-end|p1a: Gengar|Substitute
|
|-heal|p1a: Gengar|65/100|[from] item: Black Sludge
|-heal|p2a: X-Men|21/100|[from] item: Leftovers
|upkeep
|turn|7
|
|move|p1a: Gengar|Shadow Ball|p2a: X-Men
|-damage|p2a: X-Men|0 fnt
|faint|p2a: X-Men
|
|-heal|p1a: Gengar|71/100|[from] item: Black Sludge
|upkeep
|
|switch|p2a: Thor|Thundurus-Therian, M|100/100
|-damage|p2a: Thor|76/100|[from] Stealth Rock
|turn|8
|
|switch|p1a: Forretress|Forretress, F|25/100
|move|p2a: Thor|Volt Switch|p1a: Forretress
|-damage|p1a: Forretress|0 fnt
|faint|p1a: Forretress
|l| Wvwhwhwwhhw
|inactive|LOP Faus has 90 seconds left.
|
|switch|p2a: Cruella De Vil|Tentacruel, M|100/100|[from]move: Volt Switch
|-damage|p2a: Cruella De Vil|88/100|[from] Stealth Rock
|
|-heal|p2a: Cruella De Vil|94/100|[from] item: Leftovers
|upkeep
|inactive|sankafola has 120 seconds left.
|
|switch|p1a: Latios|Latios, M|100/100
|turn|9
|inactive|LOP Faus has 90 seconds left.
|
|switch|p2a: Diego|Landorus-Therian, M|100/100
|-damage|p2a: Diego|88/100|[from] Stealth Rock
|-ability|p2a: Diego|Intimidate|boost
|-unboost|p1a: Latios|atk|1
|move|p1a: Latios|Psyshock|p2a: Diego
|-damage|p2a: Diego|9/100
|
|upkeep
|turn|10
|inactive|LOP Faus has 90 seconds left.
|
|switch|p1a: Scizor|Scizor, F|100/100
|move|p2a: Diego|U-turn|p1a: Scizor
|-resisted|p1a: Scizor
|-damage|p1a: Scizor|87/100
|inactive|LOP Faus has 90 seconds left.
|
|switch|p2a: Cruella De Vil|Tentacruel, M|94/100|[from]move: U-turn
|-damage|p2a: Cruella De Vil|82/100|[from] Stealth Rock
|
|-heal|p2a: Cruella De Vil|88/100|[from] item: Leftovers
|upkeep
|turn|11
|inactive|LOP Faus has 90 seconds left.
|
|switch|p1a: Gengar|Gengar, M|71/100
|move|p2a: Cruella De Vil|Scald|p1a: Gengar
|-damage|p1a: Gengar|33/100
|
|-heal|p1a: Gengar|39/100|[from] item: Black Sludge
|-heal|p2a: Cruella De Vil|94/100|[from] item: Leftovers
|upkeep
|turn|12
|inactive|LOP Faus has 90 seconds left.
|
|switch|p2a: Thor|Thundurus-Therian, M|76/100
|-damage|p2a: Thor|51/100|[from] Stealth Rock
|move|p1a: Gengar|Substitute|p1a: Gengar
|-start|p1a: Gengar|Substitute
|-damage|p1a: Gengar|14/100
|
|-heal|p1a: Gengar|20/100|[from] item: Black Sludge
|upkeep
|turn|13
|
|move|p2a: Thor|Volt Switch|p1a: Gengar
|-end|p1a: Gengar|Substitute
|
|switch|p2a: Cruella De Vil|Tentacruel, M|94/100|[from]move: Volt Switch
|-damage|p2a: Cruella De Vil|82/100|[from] Stealth Rock
|move|p1a: Gengar|Shadow Ball|p2a: Cruella De Vil
|-damage|p2a: Cruella De Vil|55/100
|
|-heal|p1a: Gengar|26/100|[from] item: Black Sludge
|-heal|p2a: Cruella De Vil|61/100|[from] item: Leftovers
|upkeep
|turn|14
|
|move|p1a: Gengar|Shadow Ball|p2a: Cruella De Vil
|-damage|p2a: Cruella De Vil|38/100
|-unboost|p2a: Cruella De Vil|spd|1
|move|p2a: Cruella De Vil|Scald|p1a: Gengar
|-crit|p1a: Gengar
|-damage|p1a: Gengar|0 fnt
|faint|p1a: Gengar
|
|-heal|p2a: Cruella De Vil|44/100|[from] item: Leftovers
|upkeep
|
|switch|p1a: Latios|Latios, M|100/100
|turn|15
|inactive|LOP Faus has 90 seconds left.
|
|switch|p2a: Diego|Landorus-Therian, M|9/100
|-damage|p2a: Diego|0 fnt|[from] Stealth Rock
|faint|p2a: Diego
|move|p1a: Latios|Psyshock|p2: Diego|[notarget]
|-fail|p1a: Latios
|
|upkeep
|
|switch|p2a: Plutonio|Latios, M|100/100
|-damage|p2a: Plutonio|88/100|[from] Stealth Rock
|turn|16
|inactive|LOP Faus has 90 seconds left.
|
|switch|p1a: Scizor|Scizor, F|87/100
|move|p2a: Plutonio|Hidden Power|p1a: Scizor
|-supereffective|p1a: Scizor
|-damage|p1a: Scizor|0 fnt
|-damage|p2a: Plutonio|78/100|[from] item: Life Orb
|faint|p1a: Scizor
|
|upkeep
|
|switch|p1a: Latios|Latios, M|100/100
|turn|17
|
|switch|p2a: Cruella De Vil|Tentacruel, M|44/100
|-damage|p2a: Cruella De Vil|32/100|[from] Stealth Rock
|move|p1a: Latios|Draco Meteor|p2a: Cruella De Vil
|-damage|p2a: Cruella De Vil|0 fnt
|-unboost|p1a: Latios|spa|2
|faint|p2a: Cruella De Vil
|
|upkeep
|inactive|LOP Faus has 90 seconds left.
|inactive|LOP Faus has 60 seconds left.
|
|switch|p2a: Thor|Thundurus-Therian, M|51/100
|-damage|p2a: Thor|26/100|[from] Stealth Rock
|turn|18
|inactive|LOP Faus has 60 seconds left.
|
|move|p2a: Thor|Focus Blast|p1a: Latios|[miss]
|-miss|p2a: Thor|p1a: Latios
|move|p1a: Latios|Draco Meteor|p2a: Thor
|-damage|p2a: Thor|0 fnt
|-unboost|p1a: Latios|spa|2
|faint|p2a: Thor
|
|upkeep
|
|switch|p2a: Trimiristina|Volcarona, F, shiny|100/100
|-damage|p2a: Trimiristina|51/100|[from] Stealth Rock
|-item|p2a: Trimiristina|Air Balloon
|turn|19
|
|switch|p1a: Keldeo|Keldeo-Resolute|100/100
|move|p2a: Trimiristina|Fiery Dance|p1a: Keldeo
|-resisted|p1a: Keldeo
|-damage|p1a: Keldeo|72/100
|-boost|p2a: Trimiristina|spa|1
|
|upkeep
|turn|20
|
|move|p1a: Keldeo|Surf|p2a: Trimiristina
|-supereffective|p2a: Trimiristina
|-damage|p2a: Trimiristina|0 fnt
|-enditem|p2a: Trimiristina|Air Balloon
|faint|p2a: Trimiristina
|
|upkeep
|
|switch|p2a: Plutonio|Latios, M|78/100
|-damage|p2a: Plutonio|66/100|[from] Stealth Rock
|turn|21
|inactive|LOP Faus has 60 seconds left.
|
|switch|p1a: Latios|Latios, M|100/100
|move|p2a: Plutonio|Draco Meteor|p1a: Latios
|-supereffective|p1a: Latios
|-damage|p1a: Latios|0 fnt
|-unboost|p2a: Plutonio|spa|2
|-damage|p2a: Plutonio|56/100|[from] item: Life Orb
|faint|p1a: Latios
|
|upkeep
|
|switch|p1a: Keldeo|Keldeo-Resolute|72/100
|turn|22
|
|move|p1a: Keldeo|Hidden Power|p2a: Plutonio
|-supereffective|p2a: Plutonio
|-damage|p2a: Plutonio|1/100
|move|p2a: Plutonio|Draco Meteor|p1a: Keldeo
|-damage|p1a: Keldeo|20/100
|-unboost|p2a: Plutonio|spa|2
|-damage|p2a: Plutonio|0 fnt|[from] item: Life Orb
|faint|p2a: Plutonio
|
|win|sankafola
|l|☆LOP Faus
|raw|sankafola's rating: 1428 &rarr; <strong>1443</strong><br />(+15 for winning)
|raw|LOP Faus's rating: 1343 &rarr; <strong>1328</strong><br />(-15 for losing)
