|join|BahaWin
|join|Pyrogon
|player|p1|BahaWin|286
|player|p2|Pyrogon|267
|gametype|singles
|gen|5
|tier|[Gen 5] OU
|rated
|rule|Evasion Abilities Clause: Evasion abilities are banned
|clearpoke
|poke|p1|Tyranitar, M
|poke|p1|Skarmory, M
|poke|p1|Breloom, M
|poke|p1|Latias, F
|poke|p1|Jirachi
|poke|p1|Landorus-Therian, M
|poke|p2|Tyranitar, F
|poke|p2|Mew
|poke|p2|Starmie
|poke|p2|Landorus-Therian, M, shiny
|poke|p2|Heatran, M, shiny
|poke|p2|Breloom, F, shiny
|rule|Sleep Clause Mod: Limit one foe put to sleep
|rule|Species Clause: Limit one of each Pokemon
|rule|OHKO Clause: OHKO moves are banned
|rule|Moody Clause: Moody is banned
|rule|Evasion Moves Clause: Evasion moves are banned
|rule|Endless Battle Clause: Forcing endless battles is banned.
|rule|HP Percentage Mod: HP is reported as percentages
|teampreview
|chat|Pyrogon|MDRR
|chat|BahaWin|Salut !
|chat|Pyrogon|:']
|chat|BahaWin|pfff
|chat|BahaWin|RMT
|chat|BahaWin|:/
|chat|Pyrogon|ouais
|chat|Pyrogon|:/
|
|start
|switch|p1a: France|Tyranitar, M|380/380
|switch|p2a: Déméter~|Landorus-Therian, M, shiny|319/319
|-ability|p2a: Déméter~|Intimidate|[of] p1a: France
|-unboost|p1a: France|atk|1
|-weather|Sandstorm|[from] ability: Sand Stream|[of] p1a: France
|turn|1
|
|switch|p1a: Ireland|Skarmory, M|327/327
|move|p2a: Déméter~|U-turn|p1a: Ireland
|-resisted|p1a: Ireland
|-damage|p1a: Ireland|311/327
|-damage|p2a: Déméter~|266/319|[from] item: Rocky Helmet|[of] p1a: Ireland
|
|switch|p2a: Mew|Mew|403/403
|
|-weather|Sandstorm|[upkeep]
|-damage|p2a: Mew|378/403|[from] sandstorm
|-heal|p2a: Mew|403/403|[from] item: Leftovers
|turn|2
|
|switch|p1a: France|Tyranitar, M|380/380
|move|p2a: Mew|Taunt|p1a: France
|-start|p1a: France|move: Taunt
|
|-weather|Sandstorm|[upkeep]
|-damage|p2a: Mew|378/403|[from] sandstorm
|-heal|p2a: Mew|403/403|[from] item: Leftovers
|turn|3
|chat|BahaWin|Tu vas miss WoW
|
|move|p2a: Mew|Will-O-Wisp|p1a: France
|-status|p1a: France|brn
|move|p1a: France|Crunch|p2a: Mew
|-supereffective|p2a: Mew
|-damage|p2a: Mew|211/403
|
|-weather|Sandstorm|[upkeep]
|-damage|p2a: Mew|186/403|[from] sandstorm
|-heal|p2a: Mew|211/403|[from] item: Leftovers
|-damage|p1a: France|333/380 brn|[from] brn
|turn|4
|chat|BahaWin|ah non
|chat|Pyrogon|:']
|
|switch|p1a: Italia|Jirachi|355/355
|move|p2a: Mew|Roost|p2a: Mew
|-heal|p2a: Mew|403/403
|
|-weather|Sandstorm|[upkeep]
|-damage|p2a: Mew|378/403|[from] sandstorm
|-heal|p2a: Mew|403/403|[from] item: Leftovers
|turn|5
|
|move|p1a: Italia|Calm Mind|p1a: Italia
|-boost|p1a: Italia|spa|1
|-boost|p1a: Italia|spd|1
|move|p2a: Mew|Will-O-Wisp|p1a: Italia
|-status|p1a: Italia|brn
|
|-weather|Sandstorm|[upkeep]
|-damage|p2a: Mew|378/403|[from] sandstorm
|-heal|p2a: Mew|403/403|[from] item: Leftovers
|-damage|p1a: Italia|311/355 brn|[from] brn
|turn|6
|
|switch|p1a: England|Landorus-Therian, M|321/321
|-ability|p1a: England|Intimidate|[of] p2a: Mew
|-unboost|p2a: Mew|atk|1
|move|p2a: Mew|Taunt|p1a: England
|-start|p1a: England|move: Taunt
|
|-weather|Sandstorm|[upkeep]
|-damage|p2a: Mew|378/403|[from] sandstorm
|-heal|p2a: Mew|403/403|[from] item: Leftovers
|turn|7
|
|switch|p1a: Italia|Jirachi|311/355 brn
|switch|p2a: Déméter~|Landorus-Therian, M, shiny|266/319
|-ability|p2a: Déméter~|Intimidate|[of] p1a: Italia
|-unboost|p1a: Italia|atk|1
|
|-weather|Sandstorm|[upkeep]
|-damage|p1a: Italia|267/355 brn|[from] brn
|turn|8
|
|switch|p1a: Ireland|Skarmory, M|311/327
|move|p2a: Déméter~|U-turn|p1a: Ireland
|-resisted|p1a: Ireland
|-damage|p1a: Ireland|296/327
|-damage|p2a: Déméter~|213/319|[from] item: Rocky Helmet|[of] p1a: Ireland
|
|switch|p2a: Mew|Mew|403/403
|
|-weather|Sandstorm|[upkeep]
|-damage|p2a: Mew|378/403|[from] sandstorm
|-heal|p2a: Mew|403/403|[from] item: Leftovers
|turn|9
|
|switch|p1a: Italia|Jirachi|267/355 brn
|move|p2a: Mew|Taunt|p1a: Italia
|-start|p1a: Italia|move: Taunt
|
|-weather|Sandstorm|[upkeep]
|-damage|p2a: Mew|378/403|[from] sandstorm
|-heal|p2a: Mew|403/403|[from] item: Leftovers
|-damage|p1a: Italia|223/355 brn|[from] brn
|turn|10
|
|switch|p1a: Wales|Latias, F|352/352
|switch|p2a: Hêphaïstos~|Heatran, M, shiny|385/385
|
|-weather|Sandstorm|[upkeep]
|-damage|p1a: Wales|330/352|[from] sandstorm
|-heal|p1a: Wales|352/352|[from] item: Leftovers
|turn|11
|
|move|p1a: Wales|Substitute|p1a: Wales
|-start|p1a: Wales|Substitute
|-damage|p1a: Wales|264/352
|move|p2a: Hêphaïstos~|Toxic|p1a: Wales
|
|-weather|Sandstorm|[upkeep]
|-damage|p1a: Wales|242/352|[from] sandstorm
|-heal|p1a: Wales|264/352|[from] item: Leftovers
|turn|12
|chat|Pyrogon|hum ok
|
|switch|p2a: Taiwanitar~|Tyranitar, F|384/384
|move|p1a: Wales|Recover|p1a: Wales
|-heal|p1a: Wales|352/352
|
|-weather|Sandstorm|[upkeep]
|-damage|p1a: Wales|330/352|[from] sandstorm
|-heal|p1a: Wales|352/352|[from] item: Leftovers
|turn|13
|
|switch|p1a: Ireland|Skarmory, M|296/327
|move|p2a: Taiwanitar~|Crunch|p1a: Ireland
|-resisted|p1a: Ireland
|-damage|p1a: Ireland|236/327
|-damage|p2a: Taiwanitar~|320/384|[from] item: Rocky Helmet|[of] p1a: Ireland
|
|-weather|Sandstorm|[upkeep]
|turn|14
|
|switch|p2a: Poséidon~|Starmie|323/323
|move|p1a: Ireland|Stealth Rock|p2a: Poséidon~
|-sidestart|p2: Pyrogon|move: Stealth Rock
|
|-weather|Sandstorm|[upkeep]
|-damage|p2a: Poséidon~|303/323|[from] sandstorm
|-heal|p2a: Poséidon~|323/323|[from] item: Leftovers
|turn|15
|
|switch|p1a: France|Tyranitar, M|333/380 brn
|move|p2a: Poséidon~|Scald|p1a: France
|-supereffective|p1a: France
|-damage|p1a: France|213/380 brn
|
|-weather|Sandstorm|[upkeep]
|-damage|p2a: Poséidon~|303/323|[from] sandstorm
|-heal|p2a: Poséidon~|323/323|[from] item: Leftovers
|-damage|p1a: France|166/380 brn|[from] brn
|turn|16
|
|move|p2a: Poséidon~|Rapid Spin|p1a: France
|-resisted|p1a: France
|-damage|p1a: France|161/380 brn
|-sideend|p2: Pyrogon|Stealth Rock|[from] move: Rapid Spin|[of] p2a: Poséidon~
|move|p1a: France|Crunch|p2a: Poséidon~
|-crit|p2a: Poséidon~
|-supereffective|p2a: Poséidon~
|-damage|p2a: Poséidon~|0 fnt
|faint|p2a: Poséidon~
|
|-weather|Sandstorm|[upkeep]
|-damage|p1a: France|114/380 brn|[from] brn
|chat|Pyrogon|le crit :v
|chat|BahaWin|based
|chat|BahaWin|t'as pas miss WoW 2 fois
|chat|Pyrogon|je tenais hein
|chat|Pyrogon|et alors
|chat|Pyrogon|match clean
|chat|Pyrogon|x)
|chat|BahaWin|bah bien sur
|
|switch|p2a: Amanite~|Breloom, F, shiny|323/323
|turn|17
|
|switch|p1a: Italia|Jirachi|223/355 brn
|move|p2a: Amanite~|Spore|p1a: Italia
|-fail|p1a: Italia
|
|-weather|Sandstorm|[upkeep]
|-damage|p2a: Amanite~|303/323|[from] sandstorm
|-damage|p1a: Italia|179/355 brn|[from] brn
|-status|p2a: Amanite~|tox|[from] item: Toxic Orb
|turn|18
|
|move|p1a: Italia|Calm Mind|p1a: Italia
|-boost|p1a: Italia|spa|1
|-boost|p1a: Italia|spd|1
|move|p2a: Amanite~|Leech Seed|p1a: Italia
|-start|p1a: Italia|move: Leech Seed
|
|-weather|Sandstorm|[upkeep]
|-damage|p2a: Amanite~|283/323 tox|[from] sandstorm
|-damage|p1a: Italia|135/355 brn|[from] Leech Seed|[of] p2a: Amanite~
|-heal|p2a: Amanite~|323/323 tox|[silent]
|-damage|p1a: Italia|91/355 brn|[from] brn
|turn|19
|
|switch|p1a: Wales|Latias, F|352/352
|move|p2a: Amanite~|Protect|p2a: Amanite~
|-fail|p2a: Amanite~
|
|-weather|Sandstorm|[upkeep]
|-damage|p1a: Wales|330/352|[from] sandstorm
|-damage|p2a: Amanite~|303/323 tox|[from] sandstorm
|-heal|p1a: Wales|352/352|[from] item: Leftovers
|-heal|p2a: Amanite~|323/323 tox|[from] ability: Poison Heal
|turn|20
|
|switch|p2a: Taiwanitar~|Tyranitar, F|320/384
|move|p1a: Wales|Substitute|p1a: Wales
|-start|p1a: Wales|Substitute
|-damage|p1a: Wales|264/352
|
|-weather|Sandstorm|[upkeep]
|-damage|p1a: Wales|242/352|[from] sandstorm
|-heal|p1a: Wales|264/352|[from] item: Leftovers
|turn|21
|
|switch|p1a: Ireland|Skarmory, M|236/327
|switch|p2a: Hêphaïstos~|Heatran, M, shiny|385/385
|
|-weather|Sandstorm|[upkeep]
|turn|22
|
|switch|p1a: France|Tyranitar, M|114/380 brn
|move|p2a: Hêphaïstos~|Lava Plume|p1a: France
|-resisted|p1a: France
|-damage|p1a: France|78/380 brn
|
|-weather|Sandstorm|[upkeep]
|-damage|p1a: France|31/380 brn|[from] brn
|turn|23
|
|move|p2a: Hêphaïstos~|Protect|p2a: Hêphaïstos~
|-singleturn|p2a: Hêphaïstos~|Protect
|move|p1a: France|Stone Edge|p2a: Hêphaïstos~
|-activate|p2a: Hêphaïstos~|Protect
|
|-weather|Sandstorm|[upkeep]
|-damage|p1a: France|0 fnt|[from] brn
|faint|p1a: France
|
|switch|p1a: Wales|Latias, F|264/352
|turn|24
|
|switch|p2a: Taiwanitar~|Tyranitar, F|320/384
|move|p1a: Wales|Substitute|p1a: Wales
|-start|p1a: Wales|Substitute
|-damage|p1a: Wales|176/352
|
|-weather|Sandstorm|[upkeep]
|-damage|p1a: Wales|154/352|[from] sandstorm
|-heal|p1a: Wales|176/352|[from] item: Leftovers
|turn|25
|join|nelson
|
|move|p1a: Wales|Recover|p1a: Wales
|-heal|p1a: Wales|352/352
|move|p2a: Taiwanitar~|Pursuit|p1a: Wales
|-supereffective|p1a: Wales
|-end|p1a: Wales|Substitute
|
|-weather|Sandstorm|[upkeep]
|-damage|p1a: Wales|330/352|[from] sandstorm
|-heal|p1a: Wales|352/352|[from] item: Leftovers
|turn|26
|chat|nelson|salut les kikoo
|
|move|p1a: Wales|Calm Mind|p1a: Wales
|-boost|p1a: Wales|spa|1
|-boost|p1a: Wales|spd|1
|move|p2a: Taiwanitar~|Pursuit|p1a: Wales
|-supereffective|p1a: Wales
|-damage|p1a: Wales|184/352
|
|-weather|Sandstorm|[upkeep]
|-damage|p1a: Wales|162/352|[from] sandstorm
|-heal|p1a: Wales|184/352|[from] item: Leftovers
|turn|27
|
|move|p1a: Wales|Recover|p1a: Wales
|-heal|p1a: Wales|352/352
|move|p2a: Taiwanitar~|Crunch|p1a: Wales
|-supereffective|p1a: Wales
|-damage|p1a: Wales|28/352
|
|-weather|Sandstorm|[upkeep]
|-damage|p1a: Wales|6/352|[from] sandstorm
|-heal|p1a: Wales|28/352|[from] item: Leftovers
|turn|28
|
|move|p1a: Wales|Recover|p1a: Wales
|-heal|p1a: Wales|204/352
|move|p2a: Taiwanitar~|Pursuit|p1a: Wales
|-supereffective|p1a: Wales
|-damage|p1a: Wales|22/352
|
|-weather|Sandstorm|[upkeep]
|-damage|p1a: Wales|0 fnt|[from] sandstorm
|faint|p1a: Wales
|chat|nelson|lol
|
|switch|p1a: Scotland|Breloom, M|261/261
|turn|29
|
|-singleturn|p1a: Scotland|move: Focus Punch
|move|p2a: Taiwanitar~|Ice Beam|p1a: Scotland
|-supereffective|p1a: Scotland
|-damage|p1a: Scotland|65/261
|-status|p1a: Scotland|frz
|cant|p1a: Scotland|frz
|
|-weather|Sandstorm|[upkeep]
|-damage|p1a: Scotland|49/261 frz|[from] sandstorm
|turn|30
|chat|Pyrogon|rofl
|chat|nelson|taiwanitar ? ....
|chat|BahaWin|oué bon
|chat|Pyrogon|ça c'est pour le crit sur starmie
|chat|nelson|c'est quoi ce surnom de od
|chat|Pyrogon|Oo
|chat|BahaWin|damage roll de merde
|chat|nelson|pd
|chat|BahaWin|GG welp
|-message|BahaWin forfeited.
|
|win|Pyrogon
|raw|Ladder updating...
|raw|BahaWin's rating: 1543 &rarr; <strong>1516</strong><br />(-27 for losing)
|raw|Pyrogon's rating: 1415 &rarr; <strong>1442</strong><br />(+27 for winning)
|chat|Pyrogon|gg
|leave|BahaWin
|player|p1
|leave|nelson