|j|☆testbwou
|j|☆djd9ru8
|player|p1|testbwou|1|1344
|player|p2|djd9ru8|acetrainerf-gen4dp|1283
|teamsize|p1|6
|teamsize|p2|6
|gametype|singles
|gen|5
|tier|[Gen 5] OU
|rated|
|clearpoke
|poke|p1|Garchomp, M|item
|poke|p1|Alakazam, M|item
|poke|p1|Jellicent, M|item
|poke|p1|Scizor, M|item
|poke|p1|Tyranitar, M|item
|poke|p1|Rotom-Wash|item
|poke|p2|Abomasnow, F|item
|poke|p2|Skarmory, M|item
|poke|p2|Jellicent, M|item
|poke|p2|Scizor, F|item
|poke|p2|Kyurem-Black|item
|poke|p2|Salamence, F|item
|rule|Species Clause: Limit one of each Pokémon
|rule|OHKO Clause: OHKO moves are banned
|rule|Moody Clause: Moody is banned
|rule|Evasion Moves Clause: Evasion moves are banned
|rule|Endless Battle Clause: Forcing endless battles is banned
|rule|HP Percentage Mod: HP is shown in percentages
|rule|Evasion Abilities Clause: Evasion abilities are banned
|rule|Baton Pass Clause: Limit one Baton Passer, can't pass Spe and other stats simultaneously
|rule|Sleep Clause: Sleep-inducing moves are banned
|rule|Swagger Clause: Swagger is banned
|teampreview
|inactive|Battle timer is ON: inactive players will automatically lose when time's up. (requested by djd9ru8)
|inactive|djd9ru8 has 120 seconds left.
|
|start
|switch|p1a: Rotom|Rotom-Wash|100/100
|switch|p2a: Skarmory|Skarmory, M|100/100
|turn|1
|
|switch|p2a: Abomasnow|Abomasnow, F|100/100
|-weather|Hail|[from] ability: Snow Warning|[of] p2a: Abomasnow
|move|p1a: Rotom|Volt Switch|p2a: Abomasnow
|-resisted|p2a: Abomasnow
|-damage|p2a: Abomasnow|85/100
|
|switch|p1a: Scizor|Scizor, M|100/100|[from]move: Volt Switch
|
|-weather|Hail|[upkeep]
|-damage|p1a: Scizor|94/100|[from] Hail
|upkeep
|turn|2
|
|switch|p2a: Jellicent|Jellicent, M|100/100
|move|p1a: Scizor|Bullet Punch|p2a: Jellicent
|-resisted|p2a: Jellicent
|-damage|p2a: Jellicent|79/100
|
|-weather|Hail|[upkeep]
|-damage|p1a: Scizor|88/100|[from] Hail
|-damage|p2a: Jellicent|73/100|[from] Hail
|-heal|p2a: Jellicent|79/100|[from] item: Leftovers
|upkeep
|turn|3
|
|switch|p1a: Jellicent|Jellicent, M|100/100
|move|p2a: Jellicent|Will-O-Wisp|p1a: Jellicent
|-status|p1a: Jellicent|brn
|
|-weather|Hail|[upkeep]
|-damage|p1a: Jellicent|94/100 brn|[from] Hail
|-damage|p2a: Jellicent|73/100|[from] Hail
|-heal|p2a: Jellicent|79/100|[from] item: Leftovers
|-damage|p1a: Jellicent|82/100 brn|[from] brn
|upkeep
|turn|4
|
|move|p1a: Jellicent|Shadow Ball|p2a: Jellicent
|-supereffective|p2a: Jellicent
|-damage|p2a: Jellicent|0 fnt
|faint|p2a: Jellicent
|
|-weather|Hail|[upkeep]
|-damage|p1a: Jellicent|75/100 brn|[from] Hail
|-damage|p1a: Jellicent|63/100 brn|[from] brn
|upkeep
|
|switch|p2a: Kyurem|Kyurem-Black|100/100
|-ability|p2a: Kyurem|Teravolt
|turn|5
|
|switch|p1a: Tyranitar|Tyranitar, M|100/100
|-weather|Sandstorm|[from] ability: Sand Stream|[of] p1a: Tyranitar
|move|p2a: Kyurem|Outrage|p1a: Tyranitar
|-damage|p1a: Tyranitar|39/100
|
|-weather|Sandstorm|[upkeep]
|-damage|p2a: Kyurem|94/100|[from] Sandstorm
|-heal|p1a: Tyranitar|46/100|[from] item: Leftovers
|upkeep
|turn|6
|inactive|testbwou has 120 seconds left.
|
|move|p2a: Kyurem|Outrage|p1a: Tyranitar|[from]lockedmove
|-damage|p1a: Tyranitar|0 fnt
|faint|p1a: Tyranitar
|
|-weather|Sandstorm|[upkeep]
|-damage|p2a: Kyurem|88/100|[from] Sandstorm
|upkeep
|inactive|testbwou has 120 seconds left.
|
|switch|p1a: Garchomp|Garchomp, M|100/100
|turn|7
|
|move|p1a: Garchomp|Outrage|p2a: Kyurem
|-supereffective|p2a: Kyurem
|-damage|p2a: Kyurem|0 fnt
|faint|p2a: Kyurem
|
|-weather|Sandstorm|[upkeep]
|upkeep
|
|switch|p2a: Abomasnow|Abomasnow, F|85/100
|-weather|Hail|[from] ability: Snow Warning|[of] p2a: Abomasnow
|turn|8
|
|move|p2a: Abomasnow|Ice Shard|p1a: Garchomp
|-supereffective|p1a: Garchomp
|-damage|p1a: Garchomp|8/100
|move|p1a: Garchomp|Outrage|p2a: Abomasnow|[from]lockedmove
|-crit|p2a: Abomasnow
|-damage|p2a: Abomasnow|0 fnt
|-start|p1a: Garchomp|confusion|[fatigue]
|faint|p2a: Abomasnow
|
|-weather|Hail|[upkeep]
|-damage|p1a: Garchomp|2/100|[from] Hail
|upkeep
|
|switch|p2a: Skarmory|Skarmory, M|100/100
|turn|9
|
|switch|p1a: Rotom|Rotom-Wash|100/100
|move|p2a: Skarmory|Stealth Rock|p1a: Rotom
|-sidestart|p1: testbwou|move: Stealth Rock
|
|-weather|Hail|[upkeep]
|-damage|p1a: Rotom|95/100|[from] Hail
|-damage|p2a: Skarmory|94/100|[from] Hail
|-heal|p1a: Rotom|100/100|[from] item: Leftovers
|-heal|p2a: Skarmory|100/100|[from] item: Leftovers
|upkeep
|turn|10
|
|move|p1a: Rotom|Volt Switch|p2a: Skarmory
|-supereffective|p2a: Skarmory
|-damage|p2a: Skarmory|28/100
|inactive|testbwou has 120 seconds left.
|
|switch|p1a: Scizor|Scizor, M|88/100|[from]move: Volt Switch
|-damage|p1a: Scizor|76/100|[from] Stealth Rock
|move|p2a: Skarmory|Spikes|p1a: Scizor
|-sidestart|p1: testbwou|Spikes
|
|-weather|Hail|[upkeep]
|-damage|p2a: Skarmory|22/100|[from] Hail
|-damage|p1a: Scizor|70/100|[from] Hail
|-heal|p2a: Skarmory|28/100|[from] item: Leftovers
|upkeep
|turn|11
|
|move|p2a: Skarmory|Roost|p2a: Skarmory
|-heal|p2a: Skarmory|78/100
|-singleturn|p2a: Skarmory|move: Roost
|move|p1a: Scizor|Superpower|p2a: Skarmory
|-supereffective|p2a: Skarmory
|-crit|p2a: Skarmory
|-damage|p2a: Skarmory|0 fnt
|-unboost|p1a: Scizor|atk|1
|-unboost|p1a: Scizor|def|1
|faint|p2a: Skarmory
|
|-weather|Hail|[upkeep]
|-damage|p1a: Scizor|64/100|[from] Hail
|upkeep
|
|switch|p2a: Salamence|Salamence, F|100/100
|turn|12
|inactive|testbwou has 120 seconds left.
|
|switch|p1a: Jellicent|Jellicent, M|63/100 brn
|-damage|p1a: Jellicent|50/100 brn|[from] Spikes
|-damage|p1a: Jellicent|38/100 brn|[from] Stealth Rock
|move|p2a: Salamence|Dragon Dance|p2a: Salamence
|-boost|p2a: Salamence|atk|1
|-boost|p2a: Salamence|spe|1
|
|-weather|Hail|[upkeep]
|-damage|p2a: Salamence|94/100|[from] Hail
|-damage|p1a: Jellicent|32/100 brn|[from] Hail
|-damage|p1a: Jellicent|19/100 brn|[from] brn
|upkeep
|turn|13
|
|move|p2a: Salamence|Earthquake|p1a: Jellicent
|-damage|p1a: Jellicent|0 fnt
|faint|p1a: Jellicent
|-ability|p2a: Salamence|Moxie|boost
|-boost|p2a: Salamence|atk|1
|
|-weather|Hail|[upkeep]
|-damage|p2a: Salamence|88/100|[from] Hail
|upkeep
|
|switch|p1a: Rotom|Rotom-Wash|100/100
|-damage|p1a: Rotom|88/100|[from] Stealth Rock
|turn|14
|
|move|p2a: Salamence|Outrage|p1a: Rotom
|-damage|p1a: Rotom|0 fnt
|faint|p1a: Rotom
|-ability|p2a: Salamence|Moxie|boost
|-boost|p2a: Salamence|atk|1
|
|-weather|Hail|[upkeep]
|-damage|p2a: Salamence|82/100|[from] Hail
|upkeep
|
|switch|p1a: Scizor|Scizor, M|64/100
|-damage|p1a: Scizor|52/100|[from] Stealth Rock
|-damage|p1a: Scizor|39/100|[from] Spikes
|turn|15
|
|move|p1a: Scizor|Bullet Punch|p2a: Salamence
|-damage|p2a: Salamence|20/100
|move|p2a: Salamence|Outrage|p1a: Scizor|[from]lockedmove
|-resisted|p1a: Scizor
|-damage|p1a: Scizor|0 fnt
|-start|p2a: Salamence|confusion|[fatigue]
|faint|p1a: Scizor
|-ability|p2a: Salamence|Moxie|boost
|-boost|p2a: Salamence|atk|1
|-enditem|p2a: Salamence|Lum Berry|[eat]
|-end|p2a: Salamence|confusion
|
|-weather|Hail|[upkeep]
|-damage|p2a: Salamence|14/100|[from] Hail
|upkeep
|
|switch|p1a: Garchomp|Garchomp, M|2/100
|-damage|p1a: Garchomp|0 fnt|[from] Stealth Rock
|faint|p1a: Garchomp
|
|switch|p1a: Alakazam|Alakazam, M|100/100
|turn|16
|j| VForAVendetta
|c|☆testbwou|gg
|c|☆testbwou|wp
|
|move|p2a: Salamence|Outrage|p1a: Alakazam
|-damage|p1a: Alakazam|0 fnt
|faint|p1a: Alakazam
|
|win|djd9ru8
|l|☆testbwou
|l| VForAVendetta
|raw|testbwou's rating: 1344 &rarr; <strong>1321</strong><br />(-23 for losing)
|raw|djd9ru8's rating: 1283 &rarr; <strong>1313</strong><br />(+30 for winning)
