|j|☆Cuacman
|j|☆qishilu18
|t:|1716839162
|gametype|singles
|player|p1|Cuacman|medium|1318
|player|p2|qishilu18|shauntal|1293
|teamsize|p1|6
|teamsize|p2|6
|gen|5
|tier|[Gen 5] OU
|rated|
|rule|Species Clause: Limit one of each Pokémon
|rule|OHKO Clause: OHKO moves are banned
|rule|Moody Clause: Moody is banned
|rule|Evasion Items Clause: Evasion items are banned
|rule|Evasion Moves Clause: Evasion moves are banned
|rule|Endless Battle Clause: Forcing endless battles is banned
|rule|HP Percentage Mod: HP is shown in percentages
|rule|Evasion Abilities Clause: Evasion abilities are banned
|rule|Sleep Moves Clause: Sleep-inducing moves are banned
|rule|Swagger Clause: Swagger is banned
|rule|Baton Pass Stat Clause: No Baton Passer may have a way to boost its stats
|clearpoke
|poke|p1|Tyranitar, F|item
|poke|p1|Alakazam, F|item
|poke|p1|Latios, M|item
|poke|p1|Ferrothorn, M|item
|poke|p1|Heatran, M|item
|poke|p1|Landorus-Therian, M|item
|poke|p2|Politoed, M|item
|poke|p2|Tentacruel, F|item
|poke|p2|Ferrothorn, F|item
|poke|p2|Keldeo-Resolute|item
|poke|p2|Thundurus-Therian, M|item
|poke|p2|Latios, M|item
|teampreview
|inactive|Battle timer is ON: inactive players will automatically lose when time's up. (requested by qishilu18)
|
|t:|1716839195
|start
|switch|p1a: Tyranitar|Tyranitar, F|100/100
|switch|p2a: Thundurus|Thundurus-Therian, M|100/100
|-weather|Sandstorm|[from] ability: Sand Stream|[of] p1a: Tyranitar
|turn|1
|inactive|Cuacman has 120 seconds left.
|
|t:|1716839240
|move|p2a: Thundurus|Substitute|p2a: Thundurus
|-start|p2a: Thundurus|Substitute
|-damage|p2a: Thundurus|76/100
|move|p1a: Tyranitar|Crunch|p2a: Thundurus
|-end|p2a: Thundurus|Substitute
|
|-weather|Sandstorm|[upkeep]
|-damage|p2a: Thundurus|69/100|[from] Sandstorm
|-heal|p2a: Thundurus|76/100|[from] item: Leftovers
|upkeep
|turn|2
|
|t:|1716839257
|switch|p2a: Politoed|Politoed, M|100/100
|-weather|RainDance|[from] ability: Drizzle|[of] p2a: Politoed
|move|p1a: Tyranitar|Crunch|p2a: Politoed
|-damage|p2a: Politoed|61/100
|
|-weather|RainDance|[upkeep]
|-heal|p2a: Politoed|67/100|[from] item: Leftovers
|upkeep
|turn|3
|
|t:|1716839265
|move|p2a: Politoed|Scald|p1a: Tyranitar
|-supereffective|p1a: Tyranitar
|-damage|p1a: Tyranitar|45/100
|move|p1a: Tyranitar|Thunder Wave|p2a: Politoed
|-status|p2a: Politoed|par
|
|-weather|RainDance|[upkeep]
|-heal|p2a: Politoed|73/100 par|[from] item: Leftovers
|upkeep
|turn|4
|inactive|Cuacman has 120 seconds left.
|
|t:|1716839271
|switch|p1a: Ferrothorn|Ferrothorn, M|100/100
|cant|p2a: Politoed|par
|
|-weather|RainDance|[upkeep]
|-heal|p2a: Politoed|79/100 par|[from] item: Leftovers
|upkeep
|turn|5
|
|t:|1716839274
|switch|p2a: Thundurus|Thundurus-Therian, M|76/100
|move|p1a: Ferrothorn|Stealth Rock|p2a: Thundurus
|-sidestart|p2: qishilu18|move: Stealth Rock
|
|-weather|RainDance|[upkeep]
|-heal|p2a: Thundurus|82/100|[from] item: Leftovers
|upkeep
|turn|6
|
|t:|1716839279
|move|p2a: Thundurus|Substitute|p2a: Thundurus
|-start|p2a: Thundurus|Substitute
|-damage|p2a: Thundurus|57/100
|move|p1a: Ferrothorn|Knock Off|p2a: Thundurus
|-activate|p2a: Thundurus|Substitute|[damage]
|
|-weather|RainDance|[upkeep]
|-heal|p2a: Thundurus|63/100|[from] item: Leftovers
|upkeep
|turn|7
|
|t:|1716839284
|switch|p1a: Tyranitar|Tyranitar, F|45/100
|-weather|Sandstorm|[from] ability: Sand Stream|[of] p1a: Tyranitar
|move|p2a: Thundurus|Focus Blast|p1a: Tyranitar|[miss]
|-miss|p2a: Thundurus|p1a: Tyranitar
|
|-weather|Sandstorm|[upkeep]
|-damage|p2a: Thundurus|57/100|[from] Sandstorm
|-heal|p2a: Thundurus|63/100|[from] item: Leftovers
|upkeep
|turn|8
|
|t:|1716839290
|move|p2a: Thundurus|Focus Blast|p1a: Tyranitar
|-supereffective|p1a: Tyranitar
|-enditem|p1a: Tyranitar|Chople Berry|[eat]
|-enditem|p1a: Tyranitar|Chople Berry|[weaken]
|-damage|p1a: Tyranitar|2/100
|move|p1a: Tyranitar|Crunch|p2a: Thundurus
|-end|p2a: Thundurus|Substitute
|
|-weather|Sandstorm|[upkeep]
|-damage|p2a: Thundurus|57/100|[from] Sandstorm
|-heal|p2a: Thundurus|63/100|[from] item: Leftovers
|upkeep
|turn|9
|
|t:|1716839300
|switch|p1a: Landorus|Landorus-Therian, M|100/100
|-ability|p1a: Landorus|Intimidate|boost
|-unboost|p2a: Thundurus|atk|1
|move|p2a: Thundurus|Hidden Power|p1a: Landorus
|-supereffective|p1a: Landorus
|-damage|p1a: Landorus|0 fnt
|faint|p1a: Landorus
|
|-weather|Sandstorm|[upkeep]
|-damage|p2a: Thundurus|57/100|[from] Sandstorm
|-heal|p2a: Thundurus|63/100|[from] item: Leftovers
|upkeep
|
|t:|1716839306
|switch|p1a: Latios|Latios, M|100/100
|turn|10
|
|t:|1716839310
|switch|p2a: Ferrothorn|Ferrothorn, F|100/100
|-damage|p2a: Ferrothorn|94/100|[from] Stealth Rock
|move|p1a: Latios|Draco Meteor|p2a: Ferrothorn
|-resisted|p2a: Ferrothorn
|-damage|p2a: Ferrothorn|70/100
|-unboost|p1a: Latios|spa|2
|
|-weather|Sandstorm|[upkeep]
|-damage|p1a: Latios|95/100|[from] Sandstorm
|-heal|p2a: Ferrothorn|77/100|[from] item: Leftovers
|upkeep
|turn|11
|
|t:|1716839315
|switch|p1a: Heatran|Heatran, M|100/100
|switch|p2a: Politoed|Politoed, M|79/100 par
|-damage|p2a: Politoed|67/100 par|[from] Stealth Rock
|-weather|RainDance|[from] ability: Drizzle|[of] p2a: Politoed
|
|-weather|RainDance|[upkeep]
|-heal|p2a: Politoed|73/100 par|[from] item: Leftovers
|upkeep
|turn|12
|
|t:|1716839322
|switch|p1a: Ferrothorn|Ferrothorn, M|100/100
|move|p2a: Politoed|Scald|p1a: Ferrothorn
|-resisted|p1a: Ferrothorn
|-damage|p1a: Ferrothorn|86/100
|-status|p1a: Ferrothorn|brn
|
|-weather|RainDance|[upkeep]
|-heal|p1a: Ferrothorn|92/100 brn|[from] item: Leftovers
|-heal|p2a: Politoed|79/100 par|[from] item: Leftovers
|-damage|p1a: Ferrothorn|80/100 brn|[from] brn
|upkeep
|turn|13
|
|t:|1716839329
|switch|p2a: Thundurus|Thundurus-Therian, M|63/100
|-damage|p2a: Thundurus|38/100|[from] Stealth Rock
|move|p1a: Ferrothorn|Power Whip|p2a: Thundurus
|-resisted|p2a: Thundurus
|-damage|p2a: Thundurus|27/100
|
|-weather|RainDance|[upkeep]
|-heal|p2a: Thundurus|33/100|[from] item: Leftovers
|-heal|p1a: Ferrothorn|86/100 brn|[from] item: Leftovers
|-damage|p1a: Ferrothorn|74/100 brn|[from] brn
|upkeep
|turn|14
|
|t:|1716839335
|switch|p1a: Tyranitar|Tyranitar, F|2/100
|-weather|Sandstorm|[from] ability: Sand Stream|[of] p1a: Tyranitar
|move|p2a: Thundurus|Substitute|p2a: Thundurus
|-start|p2a: Thundurus|Substitute
|-damage|p2a: Thundurus|8/100
|
|-weather|Sandstorm|[upkeep]
|-damage|p2a: Thundurus|2/100|[from] Sandstorm
|-heal|p2a: Thundurus|8/100|[from] item: Leftovers
|upkeep
|turn|15
|
|t:|1716839344
|move|p2a: Thundurus|Hidden Power|p1a: Tyranitar
|-damage|p1a: Tyranitar|0 fnt
|faint|p1a: Tyranitar
|
|-weather|Sandstorm|[upkeep]
|-damage|p2a: Thundurus|2/100|[from] Sandstorm
|-heal|p2a: Thundurus|8/100|[from] item: Leftovers
|upkeep
|
|t:|1716839347
|switch|p1a: Latios|Latios, M|95/100
|turn|16
|
|t:|1716839350
|move|p1a: Latios|Dragon Pulse|p2a: Thundurus
|-crit|p2a: Thundurus
|-end|p2a: Thundurus|Substitute
|move|p2a: Thundurus|Hidden Power|p1a: Latios
|-supereffective|p1a: Latios
|-damage|p1a: Latios|45/100
|
|-weather|Sandstorm|[upkeep]
|-damage|p1a: Latios|39/100|[from] Sandstorm
|-damage|p2a: Thundurus|2/100|[from] Sandstorm
|-heal|p2a: Thundurus|8/100|[from] item: Leftovers
|upkeep
|turn|17
|
|t:|1716839356
|switch|p1a: Heatran|Heatran, M|100/100
|move|p2a: Thundurus|Hidden Power|p1a: Heatran
|-resisted|p1a: Heatran
|-damage|p1a: Heatran|97/100
|
|-weather|Sandstorm|[upkeep]
|-damage|p2a: Thundurus|2/100|[from] Sandstorm
|-heal|p2a: Thundurus|8/100|[from] item: Leftovers
|-heal|p1a: Heatran|100/100|[from] item: Leftovers
|upkeep
|turn|18
|
|t:|1716839361
|move|p2a: Thundurus|Focus Blast|p1a: Heatran|[miss]
|-miss|p2a: Thundurus|p1a: Heatran
|move|p1a: Heatran|Hidden Power|p2a: Thundurus
|-supereffective|p2a: Thundurus
|-damage|p2a: Thundurus|0 fnt
|faint|p2a: Thundurus
|
|-weather|Sandstorm|[upkeep]
|upkeep
|
|t:|1716839368
|switch|p2a: Politoed|Politoed, M|79/100 par
|-damage|p2a: Politoed|67/100 par|[from] Stealth Rock
|-weather|RainDance|[from] ability: Drizzle|[of] p2a: Politoed
|turn|19
|
|t:|1716839375
|switch|p1a: Ferrothorn|Ferrothorn, M|74/100 brn
|cant|p2a: Politoed|par
|
|-weather|RainDance|[upkeep]
|-heal|p1a: Ferrothorn|80/100 brn|[from] item: Leftovers
|-heal|p2a: Politoed|73/100 par|[from] item: Leftovers
|-damage|p1a: Ferrothorn|67/100 brn|[from] brn
|upkeep
|turn|20
|
|t:|1716839382
|move|p1a: Ferrothorn|Knock Off|p2a: Politoed
|-damage|p2a: Politoed|71/100 par
|-enditem|p2a: Politoed|Leftovers|[from] move: Knock Off|[of] p1a: Ferrothorn
|cant|p2a: Politoed|par
|
|-weather|RainDance|[upkeep]
|-heal|p1a: Ferrothorn|74/100 brn|[from] item: Leftovers
|-damage|p1a: Ferrothorn|61/100 brn|[from] brn
|upkeep
|turn|21
|
|t:|1716839388
|move|p1a: Ferrothorn|Power Whip|p2a: Politoed
|-supereffective|p2a: Politoed
|-damage|p2a: Politoed|33/100 par
|move|p2a: Politoed|Encore|p1a: Ferrothorn
|-start|p1a: Ferrothorn|Encore
|
|-weather|RainDance|[upkeep]
|-heal|p1a: Ferrothorn|67/100 brn|[from] item: Leftovers
|-damage|p1a: Ferrothorn|55/100 brn|[from] brn
|upkeep
|turn|22
|
|t:|1716839394
|switch|p2a: Tentacruel|Tentacruel, F|100/100
|-damage|p2a: Tentacruel|88/100|[from] Stealth Rock
|move|p1a: Ferrothorn|Power Whip|p2a: Tentacruel
|-damage|p2a: Tentacruel|65/100
|
|-weather|RainDance|[upkeep]
|-heal|p2a: Tentacruel|71/100|[from] ability: Rain Dish
|-heal|p2a: Tentacruel|77/100|[from] item: Black Sludge
|-heal|p1a: Ferrothorn|61/100 brn|[from] item: Leftovers
|-damage|p1a: Ferrothorn|49/100 brn|[from] brn
|upkeep
|turn|23
|
|t:|1716839402
|switch|p1a: Latios|Latios, M|39/100
|move|p2a: Tentacruel|Scald|p1a: Latios
|-resisted|p1a: Latios
|-damage|p1a: Latios|21/100
|-status|p1a: Latios|brn
|
|-weather|RainDance|[upkeep]
|-heal|p2a: Tentacruel|83/100|[from] ability: Rain Dish
|-heal|p2a: Tentacruel|89/100|[from] item: Black Sludge
|-damage|p1a: Latios|8/100 brn|[from] brn
|upkeep
|turn|24
|
|t:|1716839406
|move|p2a: Tentacruel|Protect|p2a: Tentacruel
|-singleturn|p2a: Tentacruel|Protect
|move|p1a: Latios|Trick|p2a: Tentacruel
|-activate|p2a: Tentacruel|move: Protect
|
|-weather|RainDance|[upkeep]
|-heal|p2a: Tentacruel|96/100|[from] ability: Rain Dish
|-heal|p2a: Tentacruel|100/100|[from] item: Black Sludge
|-damage|p1a: Latios|0 fnt|[from] brn
|faint|p1a: Latios
|upkeep
|
|t:|1716839409
|switch|p1a: Alakazam|Alakazam, F|100/100
|turn|25
|
|t:|1716839413
|move|p1a: Alakazam|Psychic|p2a: Tentacruel
|-supereffective|p2a: Tentacruel
|-damage|p2a: Tentacruel|27/100
|move|p2a: Tentacruel|Scald|p1a: Alakazam
|-damage|p1a: Alakazam|43/100
|
|-weather|RainDance|[upkeep]
|-heal|p2a: Tentacruel|33/100|[from] ability: Rain Dish
|-heal|p2a: Tentacruel|39/100|[from] item: Black Sludge
|upkeep
|turn|26
|
|t:|1716839421
|move|p1a: Alakazam|Psychic|p2a: Tentacruel
|-supereffective|p2a: Tentacruel
|-damage|p2a: Tentacruel|0 fnt
|faint|p2a: Tentacruel
|
|-weather|RainDance|[upkeep]
|upkeep
|
|t:|1716839425
|switch|p2a: Ferrothorn|Ferrothorn, F|77/100
|-damage|p2a: Ferrothorn|70/100|[from] Stealth Rock
|turn|27
|
|t:|1716839430
|switch|p1a: Heatran|Heatran, M|100/100
|move|p2a: Ferrothorn|Power Whip|p1a: Heatran
|-resisted|p1a: Heatran
|-damage|p1a: Heatran|92/100
|
|-weather|RainDance|[upkeep]
|-heal|p1a: Heatran|98/100|[from] item: Leftovers
|-heal|p2a: Ferrothorn|77/100|[from] item: Leftovers
|upkeep
|turn|28
|
|t:|1716839435
|move|p1a: Heatran|Lava Plume|p2a: Ferrothorn
|-supereffective|p2a: Ferrothorn
|-damage|p2a: Ferrothorn|32/100
|move|p2a: Ferrothorn|Stealth Rock|p1a: Heatran
|-sidestart|p1: Cuacman|move: Stealth Rock
|
|-weather|RainDance|[upkeep]
|-heal|p1a: Heatran|100/100|[from] item: Leftovers
|-heal|p2a: Ferrothorn|39/100|[from] item: Leftovers
|upkeep
|turn|29
|
|t:|1716839439
|switch|p2a: Politoed|Politoed, M|33/100 par
|-damage|p2a: Politoed|21/100 par|[from] Stealth Rock
|move|p1a: Heatran|Lava Plume|p2a: Politoed
|-resisted|p2a: Politoed
|-damage|p2a: Politoed|15/100 par
|
|-weather|RainDance|[upkeep]
|upkeep
|turn|30
|
|t:|1716839443
|move|p1a: Heatran|Earth Power|p2a: Politoed
|-damage|p2a: Politoed|0 fnt
|faint|p2a: Politoed
|
|-weather|RainDance|[upkeep]
|upkeep
|
|t:|1716839455
|switch|p2a: Latios|Latios, M|100/100
|-damage|p2a: Latios|88/100|[from] Stealth Rock
|turn|31
|
|t:|1716839458
|move|p1a: Heatran|Protect|p1a: Heatran
|-singleturn|p1a: Heatran|Protect
|move|p2a: Latios|Surf|p1a: Heatran
|-activate|p1a: Heatran|move: Protect
|
|-weather|RainDance|[upkeep]
|upkeep
|turn|32
|
|t:|1716839467
|switch|p1a: Ferrothorn|Ferrothorn, M|49/100 brn
|-damage|p1a: Ferrothorn|42/100 brn|[from] Stealth Rock
|move|p2a: Latios|Surf|p1a: Ferrothorn
|-resisted|p1a: Ferrothorn
|-damage|p1a: Ferrothorn|12/100 brn
|
|-weather|RainDance|[upkeep]
|-heal|p1a: Ferrothorn|19/100 brn|[from] item: Leftovers
|-damage|p1a: Ferrothorn|6/100 brn|[from] brn
|upkeep
|turn|33
|
|t:|1716839471
|move|p2a: Latios|Surf|p1a: Ferrothorn
|-resisted|p1a: Ferrothorn
|-damage|p1a: Ferrothorn|0 fnt
|faint|p1a: Ferrothorn
|
|-weather|RainDance|[upkeep]
|upkeep
|
|t:|1716839479
|switch|p1a: Heatran|Heatran, M|100/100
|-damage|p1a: Heatran|88/100|[from] Stealth Rock
|turn|34
|
|t:|1716839482
|move|p2a: Latios|Surf|p1a: Heatran
|-supereffective|p1a: Heatran
|-crit|p1a: Heatran
|-damage|p1a: Heatran|0 fnt
|faint|p1a: Heatran
|
|-weather|RainDance|[upkeep]
|upkeep
|
|t:|1716839487
|switch|p1a: Alakazam|Alakazam, F|43/100
|turn|35
|
|t:|1716839488
|move|p1a: Alakazam|Signal Beam|p2a: Latios
|-supereffective|p2a: Latios
|-damage|p2a: Latios|34/100
|move|p2a: Latios|Surf|p1a: Alakazam
|-damage|p1a: Alakazam|0 fnt
|faint|p1a: Alakazam
|
|win|qishilu18
|raw|Cuacman's rating: 1318 &rarr; <strong>1297</strong><br />(-21 for losing)
|raw|qishilu18's rating: 1293 &rarr; <strong>1320</strong><br />(+27 for winning)
|c|☆Cuacman|gg
|l|☆qishilu18
|player|p2|
