|j|☆Lsc29
|j|☆574rm4n
|t:|1718324273
|gametype|singles
|player|p1|Lsc29|lucas|1523
|player|p2|574rm4n|nate|1511
|teamsize|p1|6
|teamsize|p2|6
|gen|5
|tier|[Gen 5] OU
|rated|
|rule|Species Clause: Limit one of each Pokémon
|rule|OHKO Clause: OHKO moves are banned
|rule|Moody Clause: Moody is banned
|rule|Evasion Items Clause: Evasion items are banned
|rule|Evasion Moves Clause: Evasion moves are banned
|rule|Endless Battle Clause: Forcing endless battles is banned
|rule|HP Percentage Mod: HP is shown in percentages
|rule|Evasion Abilities Clause: Evasion abilities are banned
|rule|Sleep Moves Clause: Sleep-inducing moves are banned
|rule|Swagger Clause: Swagger is banned
|rule|Baton Pass Stat Clause: No Baton Passer may have a way to boost its stats
|clearpoke
|poke|p1|Clefable, M|item
|poke|p1|Jellicent, M|item
|poke|p1|Forretress, M|item
|poke|p1|Mandibuzz, F|item
|poke|p1|Gliscor, M|item
|poke|p1|Abomasnow, M|item
|poke|p2|Landorus-Therian, M|item
|poke|p2|Magnezone|item
|poke|p2|Excadrill, F|item
|poke|p2|Tyranitar, M|item
|poke|p2|Ferrothorn, M|item
|poke|p2|Keldeo|item
|teampreview
|inactive|Battle timer is ON: inactive players will automatically lose when time's up. (requested by Lsc29)
|c|☆Lsc29|Gl
|inactive|Lsc29 has 120 seconds left.
|
|t:|1718324307
|start
|switch|p1a: Jellicent|Jellicent, M|100/100
|switch|p2a: Ferrothorn|Ferrothorn, M|100/100
|turn|1
|j| sk8head
|
|t:|1718324326
|move|p1a: Jellicent|Taunt|p2a: Ferrothorn
|-start|p2a: Ferrothorn|move: Taunt
|cant|p2a: Ferrothorn|move: Taunt|Stealth Rock
|
|upkeep
|turn|2
|
|t:|1718324341
|move|p1a: Jellicent|Will-O-Wisp|p2a: Ferrothorn
|-status|p2a: Ferrothorn|brn
|move|p2a: Ferrothorn|Power Whip|p1a: Jellicent
|-supereffective|p1a: Jellicent
|-damage|p1a: Jellicent|65/100
|
|-heal|p1a: Jellicent|71/100|[from] item: Leftovers
|-damage|p2a: Ferrothorn|88/100 brn|[from] brn
|upkeep
|turn|3
|l| sk8head
|
|t:|1718324348
|switch|p1a: Forretress|Forretress, M|100/100
|move|p2a: Ferrothorn|Knock Off|p1a: Forretress
|-resisted|p1a: Forretress
|-damage|p1a: Forretress|99/100
|-enditem|p1a: Forretress|Leftovers|[from] move: Knock Off|[of] p2a: Ferrothorn
|
|-heal|p2a: Ferrothorn|94/100 brn|[from] item: Leftovers
|-damage|p2a: Ferrothorn|82/100 brn|[from] brn
|-end|p2a: Ferrothorn|move: Taunt
|upkeep
|turn|4
|j| sk8head
|
|t:|1718324353
|switch|p1a: Clefable|Clefable, M|100/100
|move|p2a: Ferrothorn|Stealth Rock|p1a: Clefable
|-sidestart|p1: Lsc29|move: Stealth Rock
|
|-heal|p2a: Ferrothorn|88/100 brn|[from] item: Leftovers
|-damage|p2a: Ferrothorn|75/100 brn|[from] brn
|upkeep
|turn|5
|
|t:|1718324358
|switch|p2a: Excadrill|Excadrill, F|100/100
|move|p1a: Clefable|Knock Off|p2a: Excadrill
|-resisted|p2a: Excadrill
|-damage|p2a: Excadrill|98/100
|-enditem|p2a: Excadrill|Leftovers|[from] move: Knock Off|[of] p1a: Clefable
|
|upkeep
|turn|6
|
|t:|1718324363
|switch|p2a: Magnezone|Magnezone|100/100
|switch|p1a: Gliscor|Gliscor, M|100/100
|-damage|p1a: Gliscor|88/100|[from] Stealth Rock
|
|-status|p1a: Gliscor|tox|[from] item: Toxic Orb
|upkeep
|turn|7
|c| sk8head|my man el chompo only cooks up heat
|c|☆574rm4n|ohhh this is chomp
|inactive|574rm4n has 120 seconds left.
|
|t:|1718324403
|move|p2a: Magnezone|Flash Cannon|p1a: Gliscor
|-damage|p1a: Gliscor|39/100 tox
|move|p1a: Gliscor|Stealth Rock|p2a: Magnezone
|-sidestart|p2: 574rm4n|move: Stealth Rock
|
|-heal|p1a: Gliscor|52/100 tox|[from] ability: Poison Heal
|upkeep
|turn|8
|c|☆Lsc29|Ye haha
|inactive|574rm4n has 120 seconds left.
|
|t:|1718324412
|switch|p2a: Keldeo|Keldeo|100/100
|-damage|p2a: Keldeo|94/100|[from] Stealth Rock
|move|p1a: Gliscor|Protect||[still]
|-fail|p1a: Gliscor
|
|-heal|p2a: Keldeo|100/100|[from] item: Leftovers
|-heal|p1a: Gliscor|64/100 tox|[from] ability: Poison Heal
|upkeep
|turn|9
|
|t:|1718324420
|move|p1a: Gliscor|Protect|p1a: Gliscor
|-singleturn|p1a: Gliscor|Protect
|move|p2a: Keldeo|Scald|p1a: Gliscor
|-activate|p1a: Gliscor|move: Protect
|
|-heal|p1a: Gliscor|77/100 tox|[from] ability: Poison Heal
|upkeep
|turn|10
|j| clear nights
|
|t:|1718324425
|switch|p2a: Tyranitar|Tyranitar, M|100/100
|-damage|p2a: Tyranitar|88/100|[from] Stealth Rock
|-weather|Sandstorm|[from] ability: Sand Stream|[of] p2a: Tyranitar
|switch|p1a: Clefable|Clefable, M|100/100
|
|-weather|Sandstorm|[upkeep]
|upkeep
|turn|11
|j| affksl
|l| sk8head
|l| affksl
|j| sk8head
|
|t:|1718324446
|switch|p1a: Forretress|Forretress, M|99/100
|-damage|p1a: Forretress|88/100|[from] Stealth Rock
|switch|p2a: Excadrill|Excadrill, F|98/100
|-damage|p2a: Excadrill|95/100|[from] Stealth Rock
|
|-weather|Sandstorm|[upkeep]
|upkeep
|turn|12
|
|t:|1718324452
|switch|p2a: Landorus|Landorus-Therian, M|100/100
|-damage|p2a: Landorus|88/100|[from] Stealth Rock
|-ability|p2a: Landorus|Intimidate|boost
|-unboost|p1a: Forretress|atk|1
|move|p1a: Forretress|Earthquake|p2a: Landorus
|-immune|p2a: Landorus
|
|-weather|Sandstorm|[upkeep]
|-heal|p2a: Landorus|94/100|[from] item: Leftovers
|upkeep
|turn|13
|
|t:|1718324460
|switch|p1a: Gliscor|Gliscor, M|77/100 tox
|-damage|p1a: Gliscor|64/100 tox|[from] Stealth Rock
|move|p2a: Landorus|Substitute|p2a: Landorus
|-start|p2a: Landorus|Substitute
|-damage|p2a: Landorus|70/100
|
|-weather|Sandstorm|[upkeep]
|-heal|p2a: Landorus|76/100|[from] item: Leftovers
|-heal|p1a: Gliscor|77/100 tox|[from] ability: Poison Heal
|upkeep
|turn|14
|
|t:|1718324467
|move|p1a: Gliscor|Protect|p1a: Gliscor
|-singleturn|p1a: Gliscor|Protect
|move|p2a: Landorus|Hidden Power|p1a: Gliscor
|-activate|p1a: Gliscor|move: Protect
|
|-weather|Sandstorm|[upkeep]
|-heal|p2a: Landorus|82/100|[from] item: Leftovers
|-heal|p1a: Gliscor|89/100 tox|[from] ability: Poison Heal
|upkeep
|turn|15
|
|t:|1718324474
|switch|p1a: Abomasnow|Abomasnow, M|100/100
|-damage|p1a: Abomasnow|75/100|[from] Stealth Rock
|-weather|Hail|[from] ability: Snow Warning|[of] p1a: Abomasnow
|move|p2a: Landorus|Smack Down|p1a: Abomasnow
|-supereffective|p1a: Abomasnow
|-damage|p1a: Abomasnow|23/100
|
|-weather|Hail|[upkeep]
|-damage|p2a: Landorus|76/100|[from] Hail
|-heal|p2a: Landorus|82/100|[from] item: Leftovers
|-heal|p1a: Abomasnow|29/100|[from] item: Leftovers
|upkeep
|turn|16
|
|t:|1718324485
|move|p1a: Abomasnow|Protect|p1a: Abomasnow
|-singleturn|p1a: Abomasnow|Protect
|move|p2a: Landorus|Smack Down|p1a: Abomasnow
|-activate|p1a: Abomasnow|move: Protect
|
|-weather|Hail|[upkeep]
|-damage|p2a: Landorus|76/100|[from] Hail
|-heal|p2a: Landorus|82/100|[from] item: Leftovers
|-heal|p1a: Abomasnow|36/100|[from] item: Leftovers
|upkeep
|turn|17
|
|t:|1718324497
|switch|p1a: Mandibuzz|Mandibuzz, F|100/100
|-damage|p1a: Mandibuzz|75/100|[from] Stealth Rock
|move|p2a: Landorus|Smack Down|p1a: Mandibuzz
|-supereffective|p1a: Mandibuzz
|-damage|p1a: Mandibuzz|45/100
|-start|p1a: Mandibuzz|Smack Down
|
|-weather|Hail|[upkeep]
|-damage|p2a: Landorus|76/100|[from] Hail
|-heal|p2a: Landorus|82/100|[from] item: Leftovers
|-heal|p1a: Mandibuzz|51/100|[from] item: Leftovers
|upkeep
|turn|18
|
|t:|1718324503
|move|p1a: Mandibuzz|Protect|p1a: Mandibuzz
|-singleturn|p1a: Mandibuzz|Protect
|move|p2a: Landorus|Earthquake|p1a: Mandibuzz
|-activate|p1a: Mandibuzz|move: Protect
|
|-weather|Hail|[upkeep]
|-damage|p2a: Landorus|76/100|[from] Hail
|-heal|p2a: Landorus|82/100|[from] item: Leftovers
|-heal|p1a: Mandibuzz|57/100|[from] item: Leftovers
|upkeep
|turn|19
|
|t:|1718324510
|move|p2a: Landorus|Hidden Power|p1a: Mandibuzz
|-supereffective|p1a: Mandibuzz
|-damage|p1a: Mandibuzz|36/100
|move|p1a: Mandibuzz|Roost|p1a: Mandibuzz
|-heal|p1a: Mandibuzz|86/100
|-singleturn|p1a: Mandibuzz|move: Roost
|
|-weather|Hail|[upkeep]
|-damage|p2a: Landorus|76/100|[from] Hail
|-heal|p2a: Landorus|82/100|[from] item: Leftovers
|-heal|p1a: Mandibuzz|92/100|[from] item: Leftovers
|upkeep
|turn|20
|
|t:|1718324518
|move|p1a: Mandibuzz|Protect|p1a: Mandibuzz
|-singleturn|p1a: Mandibuzz|Protect
|move|p2a: Landorus|Earthquake|p1a: Mandibuzz
|-activate|p1a: Mandibuzz|move: Protect
|
|-weather|Hail|[upkeep]
|-damage|p2a: Landorus|76/100|[from] Hail
|-heal|p2a: Landorus|82/100|[from] item: Leftovers
|-heal|p1a: Mandibuzz|98/100|[from] item: Leftovers
|upkeep
|turn|21
|
|t:|1718324522
|move|p2a: Landorus|Earthquake|p1a: Mandibuzz
|-damage|p1a: Mandibuzz|58/100
|move|p1a: Mandibuzz|Foul Play|p2a: Landorus
|-end|p2a: Landorus|Substitute
|
|-weather|Hail|[upkeep]
|-damage|p2a: Landorus|76/100|[from] Hail
|-heal|p2a: Landorus|82/100|[from] item: Leftovers
|-heal|p1a: Mandibuzz|64/100|[from] item: Leftovers
|upkeep
|turn|22
|
|t:|1718324529
|switch|p2a: Tyranitar|Tyranitar, M|88/100
|-damage|p2a: Tyranitar|76/100|[from] Stealth Rock
|-weather|Sandstorm|[from] ability: Sand Stream|[of] p2a: Tyranitar
|move|p1a: Mandibuzz|Foul Play|p2a: Tyranitar
|-resisted|p2a: Tyranitar
|-damage|p2a: Tyranitar|58/100
|
|-weather|Sandstorm|[upkeep]
|-heal|p1a: Mandibuzz|71/100|[from] item: Leftovers
|upkeep
|turn|23
|
|t:|1718324540
|switch|p2a: Keldeo|Keldeo|100/100
|-damage|p2a: Keldeo|94/100|[from] Stealth Rock
|move|p1a: Mandibuzz|Protect||[still]
|-fail|p1a: Mandibuzz
|
|-weather|Sandstorm|[upkeep]
|-damage|p2a: Keldeo|88/100|[from] Sandstorm
|-heal|p2a: Keldeo|94/100|[from] item: Leftovers
|-heal|p1a: Mandibuzz|77/100|[from] item: Leftovers
|upkeep
|turn|24
|
|t:|1718324549
|move|p1a: Mandibuzz|Protect|p1a: Mandibuzz
|-singleturn|p1a: Mandibuzz|Protect
|move|p2a: Keldeo|Substitute|p2a: Keldeo
|-start|p2a: Keldeo|Substitute
|-damage|p2a: Keldeo|70/100
|
|-weather|Sandstorm|[upkeep]
|-damage|p2a: Keldeo|63/100|[from] Sandstorm
|-heal|p2a: Keldeo|70/100|[from] item: Leftovers
|-heal|p1a: Mandibuzz|83/100|[from] item: Leftovers
|upkeep
|turn|25
|
|t:|1718324566
|switch|p2a: Magnezone|Magnezone|100/100
|-damage|p2a: Magnezone|94/100|[from] Stealth Rock
|switch|p1a: Clefable|Clefable, M|100/100
|
|-weather|Sandstorm|[upkeep]
|upkeep
|turn|26
|l| sk8head
|j| sk8head
|
|t:|1718324578
|move|p2a: Magnezone|Volt Switch|p1a: Clefable
|-damage|p1a: Clefable|60/100
|
|t:|1718324583
|switch|p2a: Excadrill|Excadrill, F|95/100|[from] Volt Switch
|-damage|p2a: Excadrill|92/100|[from] Stealth Rock
|move|p1a: Clefable|Seismic Toss|p2a: Excadrill
|-damage|p2a: Excadrill|65/100
|
|-weather|Sandstorm|[upkeep]
|-heal|p1a: Clefable|66/100|[from] item: Leftovers
|upkeep
|turn|27
|c| sk8head|this shit taking too long
|
|t:|1718324598
|switch|p1a: Forretress|Forretress, M|88/100
|-damage|p1a: Forretress|75/100|[from] Stealth Rock
|move|p2a: Excadrill|Earthquake|p1a: Forretress
|-damage|p1a: Forretress|42/100
|
|-weather|Sandstorm|[upkeep]
|upkeep
|turn|28
|c|☆574rm4n|blame the stall lord
|c| sk8head|this why u folks should load up ho
|
|t:|1718324607
|switch|p2a: Landorus|Landorus-Therian, M|82/100
|-damage|p2a: Landorus|70/100|[from] Stealth Rock
|-ability|p2a: Landorus|Intimidate|boost
|-unboost|p1a: Forretress|atk|1
|move|p1a: Forretress|Rapid Spin|p2a: Landorus
|-damage|p2a: Landorus|66/100
|-sideend|p1: Lsc29|Stealth Rock|[from] move: Rapid Spin|[of] p1a: Forretress
|
|-weather|Sandstorm|[upkeep]
|-heal|p2a: Landorus|72/100|[from] item: Leftovers
|upkeep
|turn|29
|
|t:|1718324622
|switch|p1a: Mandibuzz|Mandibuzz, F|83/100
|move|p2a: Landorus|Substitute|p2a: Landorus
|-start|p2a: Landorus|Substitute
|-damage|p2a: Landorus|47/100
|
|-weather|Sandstorm|[upkeep]
|-heal|p2a: Landorus|54/100|[from] item: Leftovers
|-heal|p1a: Mandibuzz|89/100|[from] item: Leftovers
|upkeep
|turn|30
|
|t:|1718324629
|move|p2a: Landorus|Smack Down|p1a: Mandibuzz
|-supereffective|p1a: Mandibuzz
|-damage|p1a: Mandibuzz|63/100
|-start|p1a: Mandibuzz|Smack Down
|move|p1a: Mandibuzz|Foul Play|p2a: Landorus
|-end|p2a: Landorus|Substitute
|
|-weather|Sandstorm|[upkeep]
|-heal|p2a: Landorus|60/100|[from] item: Leftovers
|-heal|p1a: Mandibuzz|69/100|[from] item: Leftovers
|upkeep
|turn|31
|
|t:|1718324639
|move|p2a: Landorus|Earthquake|p1a: Mandibuzz
|-damage|p1a: Mandibuzz|28/100
|move|p1a: Mandibuzz|Foul Play|p2a: Landorus
|-damage|p2a: Landorus|0 fnt
|faint|p2a: Landorus
|
|-weather|Sandstorm|[upkeep]
|-heal|p1a: Mandibuzz|34/100|[from] item: Leftovers
|upkeep
|
|t:|1718324649
|switch|p2a: Magnezone|Magnezone|94/100
|-damage|p2a: Magnezone|88/100|[from] Stealth Rock
|turn|32
|
|t:|1718324652
|move|p1a: Mandibuzz|Protect|p1a: Mandibuzz
|-singleturn|p1a: Mandibuzz|Protect
|move|p2a: Magnezone|Flash Cannon|p1a: Mandibuzz
|-activate|p1a: Mandibuzz|move: Protect
|
|-weather|Sandstorm|[upkeep]
|-heal|p1a: Mandibuzz|40/100|[from] item: Leftovers
|upkeep
|turn|33
|l| sk8head
|inactive|Lsc29 has 120 seconds left.
|
|t:|1718324695
|switch|p1a: Jellicent|Jellicent, M|71/100
|move|p2a: Magnezone|Flash Cannon|p1a: Jellicent
|-resisted|p1a: Jellicent
|-damage|p1a: Jellicent|49/100
|
|-weather|Sandstorm|[upkeep]
|-damage|p1a: Jellicent|43/100|[from] Sandstorm
|-heal|p1a: Jellicent|49/100|[from] item: Leftovers
|upkeep
|turn|34
|
|t:|1718324713
|move|p2a: Magnezone|Flash Cannon|p1a: Jellicent
|-resisted|p1a: Jellicent
|-damage|p1a: Jellicent|26/100
|move|p1a: Jellicent|Recover|p1a: Jellicent
|-heal|p1a: Jellicent|76/100
|
|-weather|Sandstorm|[upkeep]
|-damage|p1a: Jellicent|70/100|[from] Sandstorm
|-heal|p1a: Jellicent|76/100|[from] item: Leftovers
|upkeep
|turn|35
|
|t:|1718324720
|move|p2a: Magnezone|Flash Cannon|p1a: Jellicent
|-resisted|p1a: Jellicent
|-damage|p1a: Jellicent|53/100
|move|p1a: Jellicent|Will-O-Wisp|p2a: Magnezone
|-status|p2a: Magnezone|brn
|
|-weather|Sandstorm|[upkeep]
|-damage|p1a: Jellicent|47/100|[from] Sandstorm
|-heal|p1a: Jellicent|53/100|[from] item: Leftovers
|-damage|p2a: Magnezone|76/100 brn|[from] brn
|upkeep
|turn|36
|
|t:|1718324726
|switch|p2a: Tyranitar|Tyranitar, M|58/100
|-damage|p2a: Tyranitar|45/100|[from] Stealth Rock
|move|p1a: Jellicent|Recover|p1a: Jellicent
|-heal|p1a: Jellicent|100/100
|
|-weather|Sandstorm|[upkeep]
|-damage|p1a: Jellicent|94/100|[from] Sandstorm
|-heal|p1a: Jellicent|100/100|[from] item: Leftovers
|upkeep
|turn|37
|j| sk8head
|
|t:|1718324735
|-activate|p1a: Jellicent|move: Pursuit
|move|p2a: Tyranitar|Pursuit|p1a: Jellicent|[from]Pursuit
|-supereffective|p1a: Jellicent
|-damage|p1a: Jellicent|38/100
|switch|p1a: Gliscor|Gliscor, M|89/100 tox
|
|-weather|Sandstorm|[upkeep]
|-heal|p1a: Gliscor|100/100 tox|[from] ability: Poison Heal
|upkeep
|turn|38
|
|t:|1718324741
|move|p1a: Gliscor|Earthquake|p2a: Tyranitar
|-supereffective|p2a: Tyranitar
|-damage|p2a: Tyranitar|0 fnt
|faint|p2a: Tyranitar
|
|-weather|Sandstorm|[upkeep]
|upkeep
|
|t:|1718324749
|switch|p2a: Keldeo|Keldeo|70/100
|-damage|p2a: Keldeo|63/100|[from] Stealth Rock
|turn|39
|
|t:|1718324754
|switch|p2a: Excadrill|Excadrill, F|65/100
|-damage|p2a: Excadrill|62/100|[from] Stealth Rock
|move|p1a: Gliscor|Earthquake|p2a: Excadrill
|-supereffective|p2a: Excadrill
|-damage|p2a: Excadrill|0 fnt
|faint|p2a: Excadrill
|
|-weather|Sandstorm|[upkeep]
|upkeep
|c|☆574rm4n|gg
|c|☆Lsc29|Ggg
|-message|574rm4n forfeited.
|
|win|Lsc29
|raw|Lsc29's rating: 1523 &rarr; <strong>1542</strong><br />(+19 for winning)
|raw|574rm4n's rating: 1511 &rarr; <strong>1492</strong><br />(-19 for losing)
|l|☆574rm4n
|player|p2|
|l|☆Lsc29
|player|p1|
|c| sk8head|cool build chomp
