|j|‽y56y656
|j|☆CroCoeur
|player|p1|y56y656|pokemonbreeder-gen4|1522
|player|p2|CroCoeur|blue|1451
|teamsize|p1|6
|teamsize|p2|6
|gametype|singles
|gen|5
|tier|[Gen 5] OU
|rated|
|clearpoke
|poke|p1|Jirachi|item
|poke|p1|Tyranitar, F|item
|poke|p1|Skarmory, F|item
|poke|p1|Gastrodon, M|item
|poke|p1|Landorus-Therian, M|item
|poke|p1|Breloom, F|item
|poke|p2|Politoed, M|item
|poke|p2|Vaporeon, F|item
|poke|p2|Celebi|item
|poke|p2|Ferrothorn, M|item
|poke|p2|Latios, M|item
|poke|p2|Jirachi|item
|rule|Species Clause: Limit one of each Pokémon
|rule|OHKO Clause: OHKO moves are banned
|rule|Moody Clause: Moody is banned
|rule|Evasion Moves Clause: Evasion moves are banned
|rule|Endless Battle Clause: Forcing endless battles is banned
|rule|HP Percentage Mod: HP is shown in percentages
|rule|Evasion Abilities Clause: Evasion abilities are banned
|rule|Baton Pass Clause: Limit one Baton Passer, can't pass Spe and other stats simultaneously
|rule|Sleep Clause: Sleep-inducing moves are banned
|rule|Swagger Clause: Swagger is banned
|teampreview
|inactive|Battle timer is ON: inactive players will automatically lose when time's up. (requested by CroCoeur)
|
|start
|switch|p1a: Tyranitar|Tyranitar, F|100/100
|switch|p2a: Politoed|Politoed, M|100/100
|-weather|RainDance|[from] ability: Drizzle|[of] p2a: Politoed
|-weather|Sandstorm|[from] ability: Sand Stream|[of] p1a: Tyranitar
|turn|1
|
|move|p2a: Politoed|Hydro Pump|p1a: Tyranitar
|-supereffective|p1a: Tyranitar
|-damage|p1a: Tyranitar|43/100
|move|p1a: Tyranitar|Stealth Rock|p2a: Politoed
|-sidestart|p2: CroCoeur|move: Stealth Rock
|
|-weather|Sandstorm|[upkeep]
|-damage|p2a: Politoed|94/100|[from] Sandstorm
|upkeep
|turn|2
|
|switch|p2a: Ferrothorn|Ferrothorn, M|100/100
|-damage|p2a: Ferrothorn|94/100|[from] Stealth Rock
|switch|p1a: Gastrodon|Gastrodon, M|100/100
|
|-weather|Sandstorm|[upkeep]
|-heal|p2a: Ferrothorn|100/100|[from] item: Leftovers
|upkeep
|turn|3
|
|switch|p1a: Skarmory|Skarmory, F|100/100
|move|p2a: Ferrothorn|Stealth Rock|p1a: Skarmory
|-sidestart|p1: y56y656|move: Stealth Rock
|
|-weather|Sandstorm|[upkeep]
|upkeep
|turn|4
|
|move|p1a: Skarmory|Spikes|p2a: Ferrothorn
|-sidestart|p2: CroCoeur|Spikes
|move|p2a: Ferrothorn|Spikes|p1a: Skarmory
|-sidestart|p1: y56y656|Spikes
|
|-weather|Sandstorm|[upkeep]
|upkeep
|turn|5
|
|move|p1a: Skarmory|Taunt|p2a: Ferrothorn
|-start|p2a: Ferrothorn|move: Taunt
|cant|p2a: Ferrothorn|move: Taunt|Spikes
|
|-weather|Sandstorm|[upkeep]
|upkeep
|turn|6
|
|switch|p2a: Politoed|Politoed, M|94/100
|-damage|p2a: Politoed|82/100|[from] Spikes
|-damage|p2a: Politoed|69/100|[from] Stealth Rock
|-weather|RainDance|[from] ability: Drizzle|[of] p2a: Politoed
|move|p1a: Skarmory|Spikes|p2a: Politoed
|-sidestart|p2: CroCoeur|Spikes
|
|-weather|RainDance|[upkeep]
|upkeep
|turn|7
|
|move|p2a: Politoed|Hydro Pump|p1a: Skarmory
|-damage|p1a: Skarmory|4/100
|move|p1a: Skarmory|Whirlwind|p2a: Politoed
|drag|p2a: Latios|Latios, M|100/100
|-damage|p2a: Latios|88/100|[from] Stealth Rock
|
|-weather|RainDance|[upkeep]
|upkeep
|turn|8
|
|switch|p1a: Tyranitar|Tyranitar, F|43/100
|-damage|p1a: Tyranitar|30/100|[from] Stealth Rock
|-damage|p1a: Tyranitar|18/100|[from] Spikes
|-weather|Sandstorm|[from] ability: Sand Stream|[of] p1a: Tyranitar
|move|p2a: Latios|Surf|p1a: Tyranitar
|-supereffective|p1a: Tyranitar
|-damage|p1a: Tyranitar|0 fnt
|faint|p1a: Tyranitar
|
|-weather|Sandstorm|[upkeep]
|-damage|p2a: Latios|82/100|[from] Sandstorm
|upkeep
|
|switch|p1a: Landorus|Landorus-Therian, M|100/100
|-damage|p1a: Landorus|88/100|[from] Stealth Rock
|-ability|p1a: Landorus|Intimidate|boost
|-unboost|p2a: Latios|atk|1
|turn|9
|
|move|p2a: Latios|Surf|p1a: Landorus
|-supereffective|p1a: Landorus
|-damage|p1a: Landorus|0 fnt
|faint|p1a: Landorus
|
|-weather|Sandstorm|[upkeep]
|-damage|p2a: Latios|76/100|[from] Sandstorm
|upkeep
|
|switch|p1a: Breloom|Breloom, F|100/100
|-damage|p1a: Breloom|94/100|[from] Stealth Rock
|-damage|p1a: Breloom|82/100|[from] Spikes
|turn|10
|
|switch|p2a: Politoed|Politoed, M|69/100
|-damage|p2a: Politoed|57/100|[from] Stealth Rock
|-damage|p2a: Politoed|41/100|[from] Spikes
|-weather|RainDance|[from] ability: Drizzle|[of] p2a: Politoed
|switch|p1a: Jirachi|Jirachi|100/100
|-damage|p1a: Jirachi|88/100|[from] Spikes
|-damage|p1a: Jirachi|82/100|[from] Stealth Rock
|
|-weather|RainDance|[upkeep]
|-heal|p1a: Jirachi|88/100|[from] item: Leftovers
|upkeep
|turn|11
|
|switch|p1a: Gastrodon|Gastrodon, M|100/100
|-damage|p1a: Gastrodon|88/100|[from] Spikes
|-damage|p1a: Gastrodon|82/100|[from] Stealth Rock
|move|p2a: Politoed|Hydro Pump|p1a: Gastrodon
|-ability|p1a: Gastrodon|Storm Drain|boost
|-boost|p1a: Gastrodon|spa|1
|
|-weather|RainDance|[upkeep]
|-heal|p1a: Gastrodon|88/100|[from] item: Leftovers
|upkeep
|turn|12
|
|switch|p2a: Celebi|Celebi|100/100
|-damage|p2a: Celebi|88/100|[from] Stealth Rock
|-damage|p2a: Celebi|72/100|[from] Spikes
|move|p1a: Gastrodon|Earthquake|p2a: Celebi
|-resisted|p2a: Celebi
|-damage|p2a: Celebi|59/100
|
|-weather|RainDance|[upkeep]
|-heal|p2a: Celebi|65/100|[from] item: Leftovers
|-heal|p1a: Gastrodon|94/100|[from] item: Leftovers
|upkeep
|turn|13
|
|switch|p1a: Skarmory|Skarmory, F|4/100
|-damage|p1a: Skarmory|0 fnt|[from] Stealth Rock
|faint|p1a: Skarmory
|move|p2a: Celebi|Giga Drain|p1: Skarmory|[notarget]
|-fail|p2a: Celebi
|
|-weather|RainDance|[upkeep]
|-heal|p2a: Celebi|71/100|[from] item: Leftovers
|upkeep
|
|switch|p1a: Jirachi|Jirachi|88/100
|-damage|p1a: Jirachi|82/100|[from] Stealth Rock
|-damage|p1a: Jirachi|70/100|[from] Spikes
|turn|14
|
|move|p1a: Jirachi|Substitute|p1a: Jirachi
|-start|p1a: Jirachi|Substitute
|-damage|p1a: Jirachi|45/100
|move|p2a: Celebi|Perish Song|p2a: Celebi
|-start|p1a: Jirachi|perish3|[silent]
|-start|p2a: Celebi|perish3|[silent]
|-fieldactivate|move: Perish Song
|
|-weather|RainDance|[upkeep]
|-heal|p1a: Jirachi|51/100|[from] item: Leftovers
|-heal|p2a: Celebi|77/100|[from] item: Leftovers
|-start|p1a: Jirachi|perish3
|-start|p2a: Celebi|perish3
|upkeep
|turn|15
|-message|y56y656 forfeited.
|
|win|CroCoeur
|l|‽y56y656
|raw|y56y656's rating: 1532 &rarr; <strong>1508</strong><br />(-24 for losing)
|raw|CroCoeur's rating: 1451 &rarr; <strong>1476</strong><br />(+25 for winning)
