|join|AlexHdz14
|join|Princess Deluks917
|player|p1|AlexHdz14|25
|player|p2|Princess Deluks917|23
|gametype|singles
|gen|5
|tier|[Gen 5] OU
|rated
|rule|Evasion Abilities Clause: Evasion abilities are banned
|clearpoke
|poke|p1|Togekiss, M
|poke|p1|Latios, M
|poke|p1|Jirachi
|poke|p1|Infernape, F
|poke|p1|Cloyster, F
|poke|p1|Blissey, F
|poke|p2|Politoed, M
|poke|p2|Gliscor, M
|poke|p2|Kyurem
|poke|p2|Chansey, F
|poke|p2|Tentacruel, M
|poke|p2|Skarmory, F
|rule|Sleep Clause Mod: Limit one foe put to sleep
|rule|Species Clause: Limit one of each Pokemon
|rule|OHKO Clause: OHKO moves are banned
|rule|Moody Clause: Moody is banned
|rule|Evasion Moves Clause: Evasion moves are banned
|rule|Endless Battle Clause: Forcing endless battles is banned.
|rule|HP Percentage Mod: HP is reported as percentages
|teampreview
|chat|Princess Deluks917|gl
|join|FS Princess Anna
|
|start
|switch|p1a: Blissey|Blissey, F|714/714
|switch|p2a: Princess Juvia|Politoed, M|384/384
|-weather|RainDance|[from] ability: Drizzle|[of] p2a: Princess Juvia
|turn|1
|
|switch|p2a: Princess Porlyus|Chansey, F|642/642
|move|p1a: Blissey|Thunder Wave|p2a: Princess Porlyus
|-status|p2a: Princess Porlyus|par
|
|-weather|RainDance|[upkeep]
|turn|2
|
|switch|p1a: Infernape|Infernape, F|294/294
|move|p2a: Princess Porlyus|Stealth Rock|p1a: Infernape
|-sidestart|p1: AlexHdz14|move: Stealth Rock
|
|-weather|RainDance|[upkeep]
|turn|3
|
|switch|p2a: Tentacruel|Tentacruel, M|364/364
|move|p1a: Infernape|Close Combat|p2a: Tentacruel
|-resisted|p2a: Tentacruel
|-damage|p2a: Tentacruel|221/364
|-unboost|p1a: Infernape|def|1
|-unboost|p1a: Infernape|spd|1
|
|-weather|RainDance|[upkeep]
|-heal|p2a: Tentacruel|243/364|[from] ability: Rain Dish
|-heal|p2a: Tentacruel|265/364|[from] item: Leftovers
|turn|4
|
|switch|p1a: Blissey|Blissey, F|714/714
|-damage|p1a: Blissey|625/714|[from] Stealth Rock
|move|p2a: Tentacruel|Scald|p1a: Blissey
|-damage|p1a: Blissey|543/714
|
|-weather|RainDance|[upkeep]
|-heal|p2a: Tentacruel|287/364|[from] ability: Rain Dish
|-heal|p2a: Tentacruel|309/364|[from] item: Leftovers
|-heal|p1a: Blissey|587/714|[from] item: Leftovers
|turn|5
|
|move|p2a: Tentacruel|Toxic Spikes|p1a: Blissey
|-sidestart|p1: AlexHdz14|move: Toxic Spikes
|move|p1a: Blissey|Seismic Toss|p2a: Tentacruel
|-damage|p2a: Tentacruel|209/364
|
|-weather|RainDance|[upkeep]
|-heal|p2a: Tentacruel|231/364|[from] ability: Rain Dish
|-heal|p2a: Tentacruel|253/364|[from] item: Leftovers
|-heal|p1a: Blissey|631/714|[from] item: Leftovers
|turn|6
|
|move|p2a: Tentacruel|Toxic Spikes|p1a: Blissey
|-sidestart|p1: AlexHdz14|move: Toxic Spikes
|move|p1a: Blissey|Thunder Wave|p2a: Tentacruel
|-status|p2a: Tentacruel|par
|
|-weather|RainDance|[upkeep]
|-heal|p2a: Tentacruel|275/364 par|[from] ability: Rain Dish
|-heal|p1a: Blissey|675/714|[from] item: Leftovers
|-heal|p2a: Tentacruel|297/364 par|[from] item: Leftovers
|turn|7
|
|switch|p1a: Jirachi|Jirachi|380/380
|-damage|p1a: Jirachi|357/380|[from] Stealth Rock
|switch|p2a: Princess Cobra|Gliscor, M|353/353
|
|-weather|RainDance|[upkeep]
|-heal|p1a: Jirachi|380/380|[from] item: Leftovers
|-status|p2a: Princess Cobra|tox|[from] item: Toxic Orb
|turn|8
|
|switch|p1a: Latios|Latios, M|302/302
|-damage|p1a: Latios|265/302|[from] Stealth Rock
|move|p2a: Princess Cobra|Earthquake|p1a: Latios
|-immune|p1a: Latios|[msg]
|
|-weather|RainDance|[upkeep]
|-heal|p1a: Latios|283/302|[from] item: Leftovers
|turn|9
|
|switch|p2a: Princess Porlyus|Chansey, F|642/642
|move|p1a: Latios|Ice Beam|p2a: Princess Porlyus
|-damage|p2a: Princess Porlyus|588/642
|
|-weather|RainDance|[upkeep]
|-heal|p1a: Latios|301/302|[from] item: Leftovers
|turn|10
|
|move|p1a: Latios|Psyshock|p2a: Princess Porlyus
|-damage|p2a: Princess Porlyus|390/642
|move|p2a: Princess Porlyus|Seismic Toss|p1a: Latios
|-damage|p1a: Latios|201/302
|
|-weather|RainDance|[upkeep]
|-heal|p1a: Latios|219/302|[from] item: Leftovers
|turn|11
|
|switch|p1a: Jirachi|Jirachi|380/380
|-damage|p1a: Jirachi|357/380|[from] Stealth Rock
|move|p2a: Princess Porlyus|Soft-Boiled|p2a: Princess Porlyus
|-heal|p2a: Princess Porlyus|642/642
|
|-weather|RainDance|[upkeep]
|-heal|p1a: Jirachi|380/380|[from] item: Leftovers
|turn|12
|
|switch|p2a: Princess Gajeel|Skarmory, F|334/334
|move|p1a: Jirachi|Iron Head|p2a: Princess Gajeel
|-resisted|p2a: Princess Gajeel
|-damage|p2a: Princess Gajeel|305/334
|
|-weather|RainDance|[upkeep]
|turn|13
|
|move|p1a: Jirachi|Thunder Wave|p2a: Princess Gajeel
|-status|p2a: Princess Gajeel|par
|cant|p2a: Princess Gajeel|par
|
|-weather|RainDance|[upkeep]
|turn|14
|
|switch|p2a: Princess Cobra|Gliscor, M|353/353 tox
|move|p1a: Jirachi|Drain Punch|p2a: Princess Cobra
|-resisted|p2a: Princess Cobra
|-damage|p2a: Princess Cobra|331/353 tox
|
|-weather|RainDance|[upkeep]
|-heal|p2a: Princess Cobra|353/353 tox|[from] ability: Poison Heal
|turn|15
|
|switch|p1a: Latios|Latios, M|219/302
|-damage|p1a: Latios|182/302|[from] Stealth Rock
|move|p2a: Princess Cobra|Substitute|p2a: Princess Cobra
|-start|p2a: Princess Cobra|Substitute
|-damage|p2a: Princess Cobra|265/353 tox
|
|-weather|RainDance|[upkeep]
|-heal|p1a: Latios|200/302|[from] item: Leftovers
|-heal|p2a: Princess Cobra|309/353 tox|[from] ability: Poison Heal
|turn|16
|
|move|p1a: Latios|Ice Beam|p2a: Princess Cobra
|-supereffective|p2a: Princess Cobra
|-end|p2a: Princess Cobra|Substitute
|move|p2a: Princess Cobra|Toxic|p1a: Latios
|-status|p1a: Latios|tox
|
|-weather|RainDance|[upkeep]
|-heal|p1a: Latios|218/302 tox|[from] item: Leftovers
|-damage|p1a: Latios|200/302 tox|[from] psn
|-heal|p2a: Princess Cobra|353/353 tox|[from] ability: Poison Heal
|turn|17
|
|switch|p2a: Princess Porlyus|Chansey, F|642/642
|move|p1a: Latios|Ice Beam|p2a: Princess Porlyus
|-damage|p2a: Princess Porlyus|582/642
|
|-weather|RainDance|[upkeep]
|-heal|p1a: Latios|218/302 tox|[from] item: Leftovers
|-damage|p1a: Latios|182/302 tox|[from] psn
|turn|18
|
|switch|p1a: Blissey|Blissey, F|675/714
|-status|p1a: Blissey|tox
|-damage|p1a: Blissey|586/714 tox|[from] Stealth Rock
|move|p2a: Princess Porlyus|Seismic Toss|p1a: Blissey
|-damage|p1a: Blissey|486/714 tox
|
|-weather|RainDance|[upkeep]
|-heal|p1a: Blissey|530/714 tox|[from] item: Leftovers
|-damage|p1a: Blissey|486/714 tox|[from] psn
|turn|19
|
|switch|p2a: Princess Cobra|Gliscor, M|353/353 tox
|move|p1a: Blissey|Aromatherapy|p1a: Blissey
|-cureteam|p1a: Blissey|[from] move: Aromatherapy
|
|-weather|RainDance|[upkeep]
|-heal|p1a: Blissey|530/714|[from] item: Leftovers
|turn|20
|
|move|p2a: Princess Cobra|Toxic|p1a: Blissey
|-status|p1a: Blissey|tox
|move|p1a: Blissey|Seismic Toss|p2a: Princess Cobra
|-damage|p2a: Princess Cobra|253/353 tox
|
|-weather|RainDance|[upkeep]
|-heal|p1a: Blissey|574/714 tox|[from] item: Leftovers
|-heal|p2a: Princess Cobra|297/353 tox|[from] ability: Poison Heal
|-damage|p1a: Blissey|530/714 tox|[from] psn
|turn|21
|
|move|p2a: Princess Cobra|Taunt|p1a: Blissey
|-start|p1a: Blissey|move: Taunt
|cant|p1a: Blissey|move: Taunt|Aromatherapy
|
|-weather|RainDance|[upkeep]
|-heal|p1a: Blissey|574/714 tox|[from] item: Leftovers
|-heal|p2a: Princess Cobra|341/353 tox|[from] ability: Poison Heal
|-damage|p1a: Blissey|486/714 tox|[from] psn
|turn|22
|
|switch|p2a: Princess Lyon|Kyurem|404/404
|-ability|p2a: Princess Lyon|Pressure
|switch|p1a: Cloyster|Cloyster, F|241/241
|-damage|p1a: Cloyster|181/241|[from] Stealth Rock
|-status|p1a: Cloyster|tox
|
|-weather|RainDance|[upkeep]
|-damage|p1a: Cloyster|166/241 tox|[from] psn
|turn|23
|
|switch|p2a: Princess Gajeel|Skarmory, F|305/334 par
|move|p1a: Cloyster|Icicle Spear|p2a: Princess Gajeel
|-damage|p2a: Princess Gajeel|278/334 par
|-damage|p2a: Princess Gajeel|251/334 par
|-damage|p2a: Princess Gajeel|221/334 par
|-damage|p2a: Princess Gajeel|194/334 par
|-damage|p2a: Princess Gajeel|164/334 par
|-hitcount|p2a: Princess Gajeel|5
|
|-weather|RainDance|[upkeep]
|-damage|p1a: Cloyster|136/241 tox|[from] psn
|turn|24
|
|switch|p2a: Princess Juvia|Politoed, M|384/384
|move|p1a: Cloyster|Razor Shell|p2a: Princess Juvia
|-resisted|p2a: Princess Juvia
|-damage|p2a: Princess Juvia|301/384
|-unboost|p2a: Princess Juvia|def|1
|
|-weather|RainDance|[upkeep]
|-heal|p2a: Princess Juvia|325/384|[from] item: Leftovers
|-damage|p1a: Cloyster|91/241 tox|[from] psn
|turn|25
|
|move|p2a: Princess Juvia|Protect|p2a: Princess Juvia
|-singleturn|p2a: Princess Juvia|Protect
|move|p1a: Cloyster|Icicle Spear|p2a: Princess Juvia
|-activate|p2a: Princess Juvia|Protect
|
|-weather|RainDance|[upkeep]
|-heal|p2a: Princess Juvia|349/384|[from] item: Leftovers
|-damage|p1a: Cloyster|31/241 tox|[from] psn
|turn|26
|
|switch|p2a: Princess Gajeel|Skarmory, F|164/334 par
|move|p1a: Cloyster|Icicle Spear|p2a: Princess Gajeel
|-damage|p2a: Princess Gajeel|137/334 par
|-damage|p2a: Princess Gajeel|110/334 par
|-damage|p2a: Princess Gajeel|83/334 par
|-damage|p2a: Princess Gajeel|53/334 par
|-damage|p2a: Princess Gajeel|23/334 par
|-hitcount|p2a: Princess Gajeel|5
|
|-weather|RainDance|[upkeep]
|-damage|p1a: Cloyster|0 fnt|[from] psn
|faint|p1a: Cloyster
|
|switch|p1a: Togekiss|Togekiss, M|311/311
|-damage|p1a: Togekiss|234/311|[from] Stealth Rock
|turn|27
|leave|FS Princess Anna
|
|move|p1a: Togekiss|Ancient Power|p2a: Princess Gajeel
|-damage|p2a: Princess Gajeel|0 fnt
|-boost|p1a: Togekiss|atk|1
|-boost|p1a: Togekiss|def|1
|-boost|p1a: Togekiss|spa|1
|-boost|p1a: Togekiss|spd|1
|-boost|p1a: Togekiss|spe|1
|faint|p2a: Princess Gajeel
|
|-weather|RainDance|[upkeep]
|-heal|p1a: Togekiss|253/311|[from] item: Leftovers
|
|switch|p2a: Princess Porlyus|Chansey, F|582/642
|turn|28
|
|move|p1a: Togekiss|Air Slash|p2a: Princess Porlyus|[miss]
|-miss|p1a: Togekiss|p2a: Princess Porlyus
|move|p2a: Princess Porlyus|Toxic|p1a: Togekiss
|-status|p1a: Togekiss|tox
|
|-weather|RainDance|[upkeep]
|-heal|p1a: Togekiss|272/311 tox|[from] item: Leftovers
|-damage|p1a: Togekiss|253/311 tox|[from] psn
|turn|29
|
|move|p1a: Togekiss|Nasty Plot|p1a: Togekiss
|-boost|p1a: Togekiss|spa|2
|move|p2a: Princess Porlyus|Soft-Boiled|p2a: Princess Porlyus
|-heal|p2a: Princess Porlyus|642/642
|
|-weather|RainDance|[upkeep]
|-heal|p1a: Togekiss|272/311 tox|[from] item: Leftovers
|-damage|p1a: Togekiss|234/311 tox|[from] psn
|turn|30
|
|move|p1a: Togekiss|Nasty Plot|p1a: Togekiss
|-boost|p1a: Togekiss|spa|2
|move|p2a: Princess Porlyus|Soft-Boiled|p2a: Princess Porlyus
|-fail|p2a: Princess Porlyus
|
|-weather|RainDance|[upkeep]
|-heal|p1a: Togekiss|253/311 tox|[from] item: Leftovers
|-damage|p1a: Togekiss|196/311 tox|[from] psn
|turn|31
|
|move|p1a: Togekiss|Baton Pass|p1a: Togekiss
|
|switch|p1a: Latios|Latios, M|182/302
|-damage|p1a: Latios|145/302|[from] Stealth Rock
|move|p2a: Princess Porlyus|Soft-Boiled|p2a: Princess Porlyus
|-fail|p2a: Princess Porlyus
|
|-weather|RainDance|[upkeep]
|-heal|p1a: Latios|163/302|[from] item: Leftovers
|turn|32
|
|move|p1a: Latios|Psyshock|p2a: Princess Porlyus
|-damage|p2a: Princess Porlyus|0 fnt
|faint|p2a: Princess Porlyus
|
|-weather|RainDance|[upkeep]
|-heal|p1a: Latios|181/302|[from] item: Leftovers
|
|switch|p2a: Princess Juvia|Politoed, M|349/384
|turn|33
|
|move|p2a: Princess Juvia|Protect|p2a: Princess Juvia
|-singleturn|p2a: Princess Juvia|Protect
|move|p1a: Latios|Thunderbolt|p2a: Princess Juvia
|-activate|p2a: Princess Juvia|Protect
|
|-weather|RainDance|[upkeep]
|-heal|p1a: Latios|199/302|[from] item: Leftovers
|-heal|p2a: Princess Juvia|373/384|[from] item: Leftovers
|turn|34
|
|move|p1a: Latios|Thunderbolt|p2a: Princess Juvia
|-supereffective|p2a: Princess Juvia
|-damage|p2a: Princess Juvia|0 fnt
|faint|p2a: Princess Juvia
|
|-weather|RainDance|[upkeep]
|-heal|p1a: Latios|217/302|[from] item: Leftovers
|
|switch|p2a: Princess Lyon|Kyurem|404/404
|-ability|p2a: Princess Lyon|Pressure
|turn|35
|
|move|p1a: Latios|Psyshock|p2a: Princess Lyon
|-damage|p2a: Princess Lyon|0 fnt
|faint|p2a: Princess Lyon
|
|-weather|RainDance|[upkeep]
|-heal|p1a: Latios|235/302|[from] item: Leftovers
|chat|Princess Deluks917|gg
|
|switch|p2a: Princess Cobra|Gliscor, M|341/353 tox
|turn|36
|chat|AlexHdz14|gg
|
|move|p1a: Latios|Ice Beam|p2a: Princess Cobra
|-supereffective|p2a: Princess Cobra
|-damage|p2a: Princess Cobra|0 fnt
|faint|p2a: Princess Cobra
|
|-weather|RainDance|[upkeep]
|-heal|p1a: Latios|253/302|[from] item: Leftovers
|
|switch|p2a: Tentacruel|Tentacruel, M|297/364 par
|turn|37
|-message|Princess Deluks917 forfeited.
|
|win|AlexHdz14
|raw|Ladder updating...
|raw|AlexHdz14's rating: 1315 &rarr; <strong>1349</strong><br />(+34 for winning)
|raw|Princess Deluks917's rating: 1597 &rarr; <strong>1563</strong><br />(-34 for losing)