|j|☆freezespamburn
|j|☆Dr.Castor
|t:|1720696824
|gametype|singles
|player|p1|freezespamburn|cyclistf-gen4|1398
|player|p2|Dr.Castor|rocketgruntf|1310
|teamsize|p1|6
|teamsize|p2|6
|gen|5
|tier|[Gen 5] OU
|rated|
|rule|Species Clause: Limit one of each Pokémon
|rule|OHKO Clause: OHKO moves are banned
|rule|Moody Clause: Moody is banned
|rule|Evasion Items Clause: Evasion items are banned
|rule|Evasion Moves Clause: Evasion moves are banned
|rule|Endless Battle Clause: Forcing endless battles is banned
|rule|HP Percentage Mod: HP is shown in percentages
|rule|Evasion Abilities Clause: Evasion abilities are banned
|rule|Sleep Moves Clause: Sleep-inducing moves are banned
|rule|Swagger Clause: Swagger is banned
|rule|Baton Pass Stat Clause: No Baton Passer may have a way to boost its stats
|clearpoke
|poke|p1|Politoed, F|item
|poke|p1|Thundurus-Therian, M|item
|poke|p1|Starmie|item
|poke|p1|Latias, F|item
|poke|p1|Jirachi|item
|poke|p1|Gastrodon, M|item
|poke|p2|Tentacruel, M|item
|poke|p2|Politoed, M|item
|poke|p2|Ferrothorn, F|item
|poke|p2|Thundurus-Therian, M|item
|poke|p2|Dragonite, M|item
|poke|p2|Volcarona, M|item
|teampreview
|inactive|Battle timer is ON: inactive players will automatically lose when time's up. (requested by Dr.Castor)
|
|t:|1720696834
|start
|switch|p1a: Thundurus|Thundurus-Therian, M|100/100
|switch|p2a: Ferrothorn|Ferrothorn, F|100/100
|turn|1
|
|t:|1720696840
|move|p1a: Thundurus|Substitute|p1a: Thundurus
|-start|p1a: Thundurus|Substitute
|-damage|p1a: Thundurus|76/100
|move|p2a: Ferrothorn|Knock Off|p1a: Thundurus
|-crit|p1a: Thundurus
|-activate|p1a: Thundurus|Substitute|[damage]
|
|-heal|p1a: Thundurus|82/100|[from] item: Leftovers
|upkeep
|turn|2
|
|t:|1720696851
|switch|p2a: Thundurus|Thundurus-Therian, M|100/100
|move|p1a: Thundurus|Nasty Plot|p1a: Thundurus
|-boost|p1a: Thundurus|spa|2
|
|-heal|p1a: Thundurus|88/100|[from] item: Leftovers
|upkeep
|turn|3
|
|t:|1720696854
|move|p2a: Thundurus|Hidden Power|p1a: Thundurus
|-supereffective|p1a: Thundurus
|-end|p1a: Thundurus|Substitute
|move|p1a: Thundurus|Hidden Power|p2a: Thundurus
|-supereffective|p2a: Thundurus
|-damage|p2a: Thundurus|0 fnt
|faint|p2a: Thundurus
|
|-heal|p1a: Thundurus|94/100|[from] item: Leftovers
|upkeep
|
|t:|1720696876
|switch|p2a: Tentacruel|Tentacruel, M|100/100
|turn|4
|
|t:|1720696881
|move|p2a: Tentacruel|Toxic|p1a: Thundurus
|-status|p1a: Thundurus|tox
|move|p1a: Thundurus|Thunder|p2a: Tentacruel|[miss]
|-miss|p1a: Thundurus|p2a: Tentacruel
|
|-heal|p1a: Thundurus|99/100 tox|[from] item: Leftovers
|-damage|p1a: Thundurus|94/100 tox|[from] psn
|upkeep
|turn|5
|
|t:|1720696886
|move|p2a: Tentacruel|Protect|p2a: Tentacruel
|-singleturn|p2a: Tentacruel|Protect
|move|p1a: Thundurus|Thunder|p2a: Tentacruel
|-activate|p2a: Tentacruel|move: Protect
|
|-heal|p1a: Thundurus|99/100 tox|[from] item: Leftovers
|-damage|p1a: Thundurus|88/100 tox|[from] psn
|upkeep
|turn|6
|
|t:|1720696892
|switch|p2a: Ferrothorn|Ferrothorn, F|100/100
|move|p1a: Thundurus|Thunder|p2a: Ferrothorn|[miss]
|-miss|p1a: Thundurus|p2a: Ferrothorn
|
|-heal|p1a: Thundurus|94/100 tox|[from] item: Leftovers
|-damage|p1a: Thundurus|76/100 tox|[from] psn
|upkeep
|turn|7
|
|t:|1720696899
|switch|p1a: Jirachi|Jirachi|100/100
|move|p2a: Ferrothorn|Knock Off|p1a: Jirachi
|-damage|p1a: Jirachi|96/100
|-enditem|p1a: Jirachi|Choice Scarf|[from] move: Knock Off|[of] p2a: Ferrothorn
|
|upkeep
|turn|8
|
|t:|1720696906
|switch|p2a: Politoed|Politoed, M|100/100
|-weather|RainDance|[from] ability: Drizzle|[of] p2a: Politoed
|move|p1a: Jirachi|Stealth Rock|p2a: Politoed
|-sidestart|p2: Dr.Castor|move: Stealth Rock
|
|-weather|RainDance|[upkeep]
|upkeep
|turn|9
|
|t:|1720696910
|move|p1a: Jirachi|Thunder|p2a: Politoed
|-supereffective|p2a: Politoed
|-damage|p2a: Politoed|55/100
|-status|p2a: Politoed|par
|move|p2a: Politoed|Scald|p1a: Jirachi
|-damage|p1a: Jirachi|68/100
|-status|p1a: Jirachi|brn
|
|-weather|RainDance|[upkeep]
|-heal|p2a: Politoed|61/100 par|[from] item: Leftovers
|-damage|p1a: Jirachi|56/100 brn|[from] brn
|upkeep
|turn|10
|
|t:|1720696919
|move|p1a: Jirachi|Trick|p2a: Politoed
|-activate|p1a: Jirachi|move: Trick|[of] p2a: Politoed
|-enditem|p2a: Politoed|Leftovers|[silent]|[from] move: Trick
|-item|p1a: Jirachi|Leftovers|[from] move: Trick
|move|p2a: Politoed|Encore|p1a: Jirachi
|-start|p1a: Jirachi|Encore
|
|-weather|RainDance|[upkeep]
|-heal|p1a: Jirachi|62/100 brn|[from] item: Leftovers
|-damage|p1a: Jirachi|49/100 brn|[from] brn
|upkeep
|turn|11
|
|t:|1720696927
|switch|p1a: Gastrodon|Gastrodon, M|100/100
|move|p2a: Politoed|Scald|p1a: Gastrodon
|-ability|p1a: Gastrodon|Storm Drain|boost
|-boost|p1a: Gastrodon|spa|1
|
|-weather|RainDance|[upkeep]
|upkeep
|turn|12
|
|t:|1720696935
|switch|p1a: Thundurus|Thundurus-Therian, M|76/100 tox
|cant|p2a: Politoed|par
|
|-weather|RainDance|[upkeep]
|-heal|p1a: Thundurus|82/100 tox|[from] item: Leftovers
|-damage|p1a: Thundurus|76/100 tox|[from] psn
|upkeep
|turn|13
|
|t:|1720696950
|switch|p1a: Politoed|Politoed, F|100/100
|switch|p2a: Ferrothorn|Ferrothorn, F|100/100
|-damage|p2a: Ferrothorn|94/100|[from] Stealth Rock
|
|-weather|RainDance|[upkeep]
|-heal|p2a: Ferrothorn|100/100|[from] item: Leftovers
|upkeep
|turn|14
|
|t:|1720696958
|move|p1a: Politoed|Scald|p2a: Ferrothorn
|-resisted|p2a: Ferrothorn
|-damage|p2a: Ferrothorn|89/100
|move|p2a: Ferrothorn|Stealth Rock|p1a: Politoed
|-sidestart|p1: freezespamburn|move: Stealth Rock
|
|-weather|RainDance|[upkeep]
|-heal|p2a: Ferrothorn|95/100|[from] item: Leftovers
|upkeep
|turn|15
|
|t:|1720696968
|move|p1a: Politoed|Encore|p2a: Ferrothorn
|-start|p2a: Ferrothorn|Encore
|move|p2a: Ferrothorn|Stealth Rock||[still]
|-fail|p2a: Ferrothorn
|
|-weather|RainDance|[upkeep]
|-heal|p2a: Ferrothorn|100/100|[from] item: Leftovers
|upkeep
|turn|16
|
|t:|1720696979
|switch|p2a: Tentacruel|Tentacruel, M|100/100
|-damage|p2a: Tentacruel|88/100|[from] Stealth Rock
|move|p1a: Politoed|Scald|p2a: Tentacruel
|-resisted|p2a: Tentacruel
|-damage|p2a: Tentacruel|73/100
|
|-weather|RainDance|[upkeep]
|-heal|p2a: Tentacruel|79/100|[from] ability: Rain Dish
|-heal|p2a: Tentacruel|85/100|[from] item: Black Sludge
|upkeep
|turn|17
|
|t:|1720696986
|move|p2a: Tentacruel|Rapid Spin|p1a: Politoed
|-damage|p1a: Politoed|98/100
|-sideend|p2: Dr.Castor|Stealth Rock|[from] move: Rapid Spin|[of] p2a: Tentacruel
|move|p1a: Politoed|Scald|p2a: Tentacruel
|-resisted|p2a: Tentacruel
|-damage|p2a: Tentacruel|71/100
|-status|p2a: Tentacruel|brn
|
|-weather|RainDance|[upkeep]
|-heal|p2a: Tentacruel|77/100 brn|[from] ability: Rain Dish
|-heal|p2a: Tentacruel|83/100 brn|[from] item: Black Sludge
|-heal|p1a: Politoed|100/100|[from] item: Leftovers
|-damage|p2a: Tentacruel|71/100 brn|[from] brn
|upkeep
|turn|18
|
|t:|1720696999
|move|p1a: Politoed|Protect|p1a: Politoed
|-singleturn|p1a: Politoed|Protect
|move|p2a: Tentacruel|Toxic|p1a: Politoed
|-activate|p1a: Politoed|move: Protect
|
|-weather|RainDance|[upkeep]
|-heal|p2a: Tentacruel|77/100 brn|[from] ability: Rain Dish
|-heal|p2a: Tentacruel|83/100 brn|[from] item: Black Sludge
|-damage|p2a: Tentacruel|70/100 brn|[from] brn
|upkeep
|turn|19
|
|t:|1720697008
|switch|p1a: Latias|Latias, F|100/100
|-damage|p1a: Latias|88/100|[from] Stealth Rock
|move|p2a: Tentacruel|Scald|p1a: Latias
|-resisted|p1a: Latias
|-damage|p1a: Latias|73/100
|
|-weather|RainDance|[upkeep]
|-heal|p2a: Tentacruel|76/100 brn|[from] ability: Rain Dish
|-heal|p2a: Tentacruel|82/100 brn|[from] item: Black Sludge
|-damage|p2a: Tentacruel|70/100 brn|[from] brn
|upkeep
|turn|20
|
|t:|1720697021
|switch|p2a: Ferrothorn|Ferrothorn, F|100/100
|move|p1a: Latias|Trick|p2a: Ferrothorn
|-activate|p1a: Latias|move: Trick|[of] p2a: Ferrothorn
|-item|p2a: Ferrothorn|Choice Scarf|[from] move: Trick
|-item|p1a: Latias|Leftovers|[from] move: Trick
|
|-weather|RainDance|[upkeep]
|-heal|p1a: Latias|79/100|[from] item: Leftovers
|upkeep
|turn|21
|
|t:|1720697030
|move|p1a: Latias|Healing Wish|p1a: Latias
|faint|p1a: Latias
|move|p2a: Ferrothorn|Spikes|p1: Latias
|-sidestart|p1: freezespamburn|Spikes
|
|-weather|RainDance|[upkeep]
|upkeep
|
|t:|1720697032
|switch|p1a: Thundurus|Thundurus-Therian, M|76/100 tox
|-heal|p1a: Thundurus|100/100|[from] move: Healing Wish
|-damage|p1a: Thundurus|76/100|[from] Stealth Rock
|turn|22
|
|t:|1720697042
|switch|p2a: Volcarona|Volcarona, M|100/100
|move|p1a: Thundurus|Substitute|p1a: Thundurus
|-start|p1a: Thundurus|Substitute
|-damage|p1a: Thundurus|51/100
|
|-weather|RainDance|[upkeep]
|-heal|p1a: Thundurus|57/100|[from] item: Leftovers
|upkeep
|turn|23
|
|t:|1720697045
|move|p2a: Volcarona|Quiver Dance|p2a: Volcarona
|-boost|p2a: Volcarona|spa|1
|-boost|p2a: Volcarona|spd|1
|-boost|p2a: Volcarona|spe|1
|move|p1a: Thundurus|Thunder|p2a: Volcarona
|-damage|p2a: Volcarona|54/100
|
|-weather|RainDance|[upkeep]
|-heal|p1a: Thundurus|63/100|[from] item: Leftovers
|upkeep
|turn|24
|
|t:|1720697056
|move|p2a: Volcarona|Bug Buzz|p1a: Thundurus
|-resisted|p1a: Thundurus
|-end|p1a: Thundurus|Substitute
|move|p1a: Thundurus|Thunder|p2a: Volcarona
|-damage|p2a: Volcarona|10/100
|-status|p2a: Volcarona|par
|
|-weather|RainDance|[upkeep]
|-heal|p1a: Thundurus|69/100|[from] item: Leftovers
|upkeep
|turn|25
|
|t:|1720697062
|move|p1a: Thundurus|Substitute|p1a: Thundurus
|-start|p1a: Thundurus|Substitute
|-damage|p1a: Thundurus|44/100
|move|p2a: Volcarona|Fire Blast|p1a: Thundurus|[miss]
|-miss|p2a: Volcarona|p1a: Thundurus
|
|-weather|RainDance|[upkeep]
|-heal|p1a: Thundurus|50/100|[from] item: Leftovers
|upkeep
|turn|26
|
|t:|1720697067
|move|p1a: Thundurus|Thunder|p2a: Volcarona
|-damage|p2a: Volcarona|0 fnt
|faint|p2a: Volcarona
|
|-weather|RainDance|[upkeep]
|-heal|p1a: Thundurus|57/100|[from] item: Leftovers
|upkeep
|
|t:|1720697071
|switch|p2a: Ferrothorn|Ferrothorn, F|100/100
|turn|27
|
|t:|1720697075
|move|p1a: Thundurus|Nasty Plot|p1a: Thundurus
|-boost|p1a: Thundurus|spa|2
|move|p2a: Ferrothorn|Power Whip|p1a: Thundurus
|-resisted|p1a: Thundurus
|-activate|p1a: Thundurus|Substitute|[damage]
|
|-weather|RainDance|[upkeep]
|-heal|p1a: Thundurus|63/100|[from] item: Leftovers
|upkeep
|turn|28
|
|t:|1720697084
|move|p1a: Thundurus|Hidden Power|p2a: Ferrothorn
|-damage|p2a: Ferrothorn|67/100
|move|p2a: Ferrothorn|Power Whip|p1a: Thundurus|[miss]
|-miss|p2a: Ferrothorn|p1a: Thundurus
|
|-weather|RainDance|[upkeep]
|-heal|p1a: Thundurus|69/100|[from] item: Leftovers
|upkeep
|turn|29
|-message|Dr.Castor forfeited.
|
|win|freezespamburn
|raw|freezespamburn's rating: 1398 &rarr; <strong>1413</strong><br />(+15 for winning)
|raw|Dr.Castor's rating: 1310 &rarr; <strong>1295</strong><br />(-15 for losing)
|l|☆Dr.Castor
|player|p2|
