|j|☆auxplr
|j|☆WeR#4Hay!
|t:|1720794535
|gametype|singles
|player|p1|auxplr|n|1387
|player|p2|WeR#4Hay!|265|1490
|teamsize|p1|6
|teamsize|p2|6
|gen|5
|tier|[Gen 5] OU
|rated|
|rule|Species Clause: Limit one of each Pokémon
|rule|OHKO Clause: OHKO moves are banned
|rule|Moody Clause: Moody is banned
|rule|Evasion Items Clause: Evasion items are banned
|rule|Evasion Moves Clause: Evasion moves are banned
|rule|Endless Battle Clause: Forcing endless battles is banned
|rule|HP Percentage Mod: HP is shown in percentages
|rule|Evasion Abilities Clause: Evasion abilities are banned
|rule|Sleep Moves Clause: Sleep-inducing moves are banned
|rule|Swagger Clause: Swagger is banned
|rule|Baton Pass Stat Clause: No Baton Passer may have a way to boost its stats
|clearpoke
|poke|p1|Xatu, M|item
|poke|p1|Ninetales, M|item
|poke|p1|Victini|item
|poke|p1|Heatran, M|item
|poke|p1|Darmanitan, M|item
|poke|p1|Latios, M|item
|poke|p2|Tyranitar, F|item
|poke|p2|Landorus-Therian, M|item
|poke|p2|Skarmory, F|item
|poke|p2|Rotom-Wash|item
|poke|p2|Latios, M|item
|poke|p2|Alakazam, F|item
|teampreview
|inactive|Battle timer is ON: inactive players will automatically lose when time's up. (requested by auxplr)
|
|t:|1720794547
|start
|switch|p1a: Victini|Victini|100/100
|switch|p2a: La Bête (2024)|Tyranitar, F|100/100
|-weather|Sandstorm|[from] ability: Sand Stream|[of] p2a: La Bête (2024)
|turn|1
|
|t:|1720794552
|switch|p2a: Thelma (2024)|Skarmory, F|100/100
|move|p1a: Victini|U-turn|p2a: Thelma (2024)
|-resisted|p2a: Thelma (2024)
|-damage|p2a: Thelma (2024)|94/100
|-damage|p1a: Victini|84/100|[from] item: Rocky Helmet|[of] p2a: Thelma (2024)
|
|t:|1720794555
|switch|p1a: Ninetales|Ninetales, M|100/100|[from] U-turn
|-weather|SunnyDay|[from] ability: Drought|[of] p1a: Ninetales
|
|-weather|SunnyDay|[upkeep]
|upkeep
|turn|2
|
|t:|1720794558
|switch|p2a: Gunsmith Cats|Latios, M|100/100
|move|p1a: Ninetales|Flamethrower|p2a: Gunsmith Cats
|-resisted|p2a: Gunsmith Cats
|-crit|p2a: Gunsmith Cats
|-damage|p2a: Gunsmith Cats|58/100
|
|-weather|SunnyDay|[upkeep]
|upkeep
|turn|3
|
|t:|1720794564
|switch|p1a: Heatran|Heatran, M|100/100
|move|p2a: Gunsmith Cats|Draco Meteor|p1a: Heatran
|-resisted|p1a: Heatran
|-damage|p1a: Heatran|52/100
|-unboost|p2a: Gunsmith Cats|spa|2
|
|-weather|SunnyDay|[upkeep]
|-heal|p1a: Heatran|58/100|[from] item: Leftovers
|upkeep
|turn|4
|
|t:|1720794574
|switch|p2a: Barry|Rotom-Wash|100/100
|move|p1a: Heatran|Stealth Rock|p2a: Barry
|-sidestart|p2: WeR#4Hay!|move: Stealth Rock
|
|-weather|SunnyDay|[upkeep]
|-heal|p1a: Heatran|64/100|[from] item: Leftovers
|upkeep
|turn|5
|
|t:|1720794579
|move|p1a: Heatran|Solar Beam||[still]
|-prepare|p1a: Heatran|Solar Beam
|-anim|p1a: Heatran|Solar Beam|p2a: Barry
|-supereffective|p2a: Barry
|-damage|p2a: Barry|24/100
|move|p2a: Barry|Volt Switch|p1a: Heatran
|-damage|p1a: Heatran|45/100
|
|t:|1720794589
|switch|p2a: La Bête (2024)|Tyranitar, F|100/100|[from] Volt Switch
|-damage|p2a: La Bête (2024)|88/100|[from] Stealth Rock
|-weather|Sandstorm|[from] ability: Sand Stream|[of] p2a: La Bête (2024)
|
|-weather|Sandstorm|[upkeep]
|-heal|p1a: Heatran|51/100|[from] item: Leftovers
|upkeep
|turn|6
|
|t:|1720794595
|switch|p1a: Xatu|Xatu, M|100/100
|move|p2a: La Bête (2024)|Superpower|p1a: Xatu
|-resisted|p1a: Xatu
|-damage|p1a: Xatu|91/100
|-unboost|p2a: La Bête (2024)|atk|1
|-unboost|p2a: La Bête (2024)|def|1
|-damage|p2a: La Bête (2024)|71/100|[from] item: Rocky Helmet|[of] p1a: Xatu
|
|-weather|Sandstorm|[upkeep]
|-damage|p1a: Xatu|85/100|[from] Sandstorm
|upkeep
|turn|7
|
|t:|1720794602
|switch|p2a: Thelma (2024)|Skarmory, F|94/100
|-damage|p2a: Thelma (2024)|82/100|[from] Stealth Rock
|move|p1a: Xatu|U-turn|p2a: Thelma (2024)
|-resisted|p2a: Thelma (2024)
|-damage|p2a: Thelma (2024)|80/100
|-damage|p1a: Xatu|68/100|[from] item: Rocky Helmet|[of] p2a: Thelma (2024)
|
|t:|1720794606
|switch|p1a: Heatran|Heatran, M|51/100|[from] U-turn
|
|-weather|Sandstorm|[upkeep]
|-heal|p1a: Heatran|57/100|[from] item: Leftovers
|upkeep
|turn|8
|
|t:|1720794618
|switch|p2a: Barry|Rotom-Wash|24/100
|-damage|p2a: Barry|11/100|[from] Stealth Rock
|move|p1a: Heatran|Magma Storm|p2a: Barry
|-resisted|p2a: Barry
|-damage|p2a: Barry|0 fnt
|faint|p2a: Barry
|
|-weather|Sandstorm|[upkeep]
|-heal|p1a: Heatran|63/100|[from] item: Leftovers
|upkeep
|
|t:|1720794620
|switch|p2a: Gunsmith Cats|Latios, M|58/100
|-damage|p2a: Gunsmith Cats|46/100|[from] Stealth Rock
|turn|9
|
|t:|1720794629
|switch|p1a: Latios|Latios, M|100/100
|move|p2a: Gunsmith Cats|Trick|p1a: Latios
|-activate|p2a: Gunsmith Cats|move: Trick|[of] p1a: Latios
|-item|p1a: Latios|Choice Specs|[from] move: Trick
|-item|p2a: Gunsmith Cats|Choice Scarf|[from] move: Trick
|
|-weather|Sandstorm|[upkeep]
|-damage|p2a: Gunsmith Cats|40/100|[from] Sandstorm
|-damage|p1a: Latios|95/100|[from] Sandstorm
|upkeep
|turn|10
|
|t:|1720794643
|switch|p1a: Heatran|Heatran, M|63/100
|move|p2a: Gunsmith Cats|Draco Meteor|p1a: Heatran
|-resisted|p1a: Heatran
|-damage|p1a: Heatran|33/100
|-unboost|p2a: Gunsmith Cats|spa|2
|
|-weather|Sandstorm|[upkeep]
|-damage|p2a: Gunsmith Cats|34/100|[from] Sandstorm
|-heal|p1a: Heatran|39/100|[from] item: Leftovers
|upkeep
|turn|11
|
|t:|1720794653
|switch|p2a: La Bête (2024)|Tyranitar, F|71/100
|-damage|p2a: La Bête (2024)|59/100|[from] Stealth Rock
|move|p1a: Heatran|Magma Storm|p2a: La Bête (2024)
|-resisted|p2a: La Bête (2024)
|-damage|p2a: La Bête (2024)|45/100
|-activate|p2a: La Bête (2024)|move: Magma Storm|[of] p1a: Heatran
|
|-weather|Sandstorm|[upkeep]
|-heal|p1a: Heatran|45/100|[from] item: Leftovers
|-damage|p2a: La Bête (2024)|38/100|[from] move: Magma Storm|[partiallytrapped]
|upkeep
|turn|12
|
|t:|1720794661
|move|p1a: Heatran|Sunny Day|p1a: Heatran
|-weather|SunnyDay
|move|p2a: La Bête (2024)|Superpower|p1a: Heatran
|-supereffective|p1a: Heatran
|-damage|p1a: Heatran|0 fnt
|-unboost|p2a: La Bête (2024)|atk|1
|-unboost|p2a: La Bête (2024)|def|1
|faint|p1a: Heatran
|
|-weather|SunnyDay|[upkeep]
|upkeep
|
|t:|1720794668
|switch|p1a: Victini|Victini|84/100
|turn|13
|
|t:|1720794673
|switch|p2a: Thelma (2024)|Skarmory, F|80/100
|-damage|p2a: Thelma (2024)|67/100|[from] Stealth Rock
|move|p1a: Victini|V-create|p2a: Thelma (2024)
|-supereffective|p2a: Thelma (2024)
|-crit|p2a: Thelma (2024)
|-damage|p2a: Thelma (2024)|0 fnt
|-unboost|p1a: Victini|spe|1
|-unboost|p1a: Victini|def|1
|-unboost|p1a: Victini|spd|1
|-damage|p1a: Victini|68/100|[from] item: Rocky Helmet|[of] p2a: Thelma (2024)
|faint|p2a: Thelma (2024)
|
|-weather|SunnyDay|[upkeep]
|upkeep
|
|t:|1720794680
|switch|p2a: Gunsmith Cats|Latios, M|34/100
|-damage|p2a: Gunsmith Cats|21/100|[from] Stealth Rock
|turn|14
|
|t:|1720794686
|switch|p1a: Xatu|Xatu, M|68/100
|move|p2a: Gunsmith Cats|Draco Meteor|p1a: Xatu
|-damage|p1a: Xatu|0 fnt
|-unboost|p2a: Gunsmith Cats|spa|2
|faint|p1a: Xatu
|
|-weather|SunnyDay|[upkeep]
|upkeep
|j| silvyjo
|
|t:|1720794703
|switch|p1a: Ninetales|Ninetales, M|100/100
|-weather|SunnyDay|[from] ability: Drought|[of] p1a: Ninetales
|turn|15
|
|t:|1720794721
|switch|p2a: La Bête (2024)|Tyranitar, F|38/100
|-damage|p2a: La Bête (2024)|26/100|[from] Stealth Rock
|-weather|Sandstorm|[from] ability: Sand Stream|[of] p2a: La Bête (2024)
|move|p1a: Ninetales|Flamethrower|p2a: La Bête (2024)
|-resisted|p2a: La Bête (2024)
|-damage|p2a: La Bête (2024)|19/100
|
|-weather|Sandstorm|[upkeep]
|-damage|p1a: Ninetales|94/100|[from] Sandstorm
|-heal|p1a: Ninetales|100/100|[from] item: Leftovers
|upkeep
|turn|16
|
|t:|1720794725
|move|p1a: Ninetales|Will-O-Wisp|p2a: La Bête (2024)
|-status|p2a: La Bête (2024)|brn
|move|p2a: La Bête (2024)|Rock Slide|p1a: Ninetales
|-supereffective|p1a: Ninetales
|-damage|p1a: Ninetales|56/100
|
|-weather|Sandstorm|[upkeep]
|-damage|p1a: Ninetales|50/100|[from] Sandstorm
|-heal|p1a: Ninetales|56/100|[from] item: Leftovers
|-damage|p2a: La Bête (2024)|7/100 brn|[from] brn
|upkeep
|turn|17
|
|t:|1720794732
|move|p1a: Ninetales|Hidden Power|p2a: La Bête (2024)
|-supereffective|p2a: La Bête (2024)
|-damage|p2a: La Bête (2024)|0 fnt
|faint|p2a: La Bête (2024)
|
|-weather|Sandstorm|[upkeep]
|-damage|p1a: Ninetales|50/100|[from] Sandstorm
|-heal|p1a: Ninetales|56/100|[from] item: Leftovers
|upkeep
|
|t:|1720794736
|switch|p2a: Dr. Krieger|Landorus-Therian, M|100/100
|-damage|p2a: Dr. Krieger|88/100|[from] Stealth Rock
|-ability|p2a: Dr. Krieger|Intimidate|boost
|-unboost|p1a: Ninetales|atk|1
|turn|18
|
|t:|1720794743
|switch|p1a: Darmanitan|Darmanitan, M|100/100
|move|p2a: Dr. Krieger|Stealth Rock|p1a: Darmanitan
|-sidestart|p1: auxplr|move: Stealth Rock
|
|-weather|Sandstorm|[upkeep]
|-damage|p1a: Darmanitan|95/100|[from] Sandstorm
|-heal|p2a: Dr. Krieger|94/100|[from] item: Leftovers
|upkeep
|turn|19
|
|t:|1720794748
|move|p1a: Darmanitan|Flare Blitz|p2a: Dr. Krieger
|-damage|p2a: Dr. Krieger|0 fnt
|faint|p2a: Dr. Krieger
|-damage|p1a: Darmanitan|61/100|[from] Recoil
|
|-weather|Sandstorm|[upkeep]
|-damage|p1a: Darmanitan|55/100|[from] Sandstorm
|upkeep
|
|t:|1720794752
|switch|p2a: Knives Chau|Alakazam, F|100/100
|turn|20
|
|t:|1720794755
|move|p2a: Knives Chau|Psychic|p1a: Darmanitan
|-damage|p1a: Darmanitan|0 fnt
|faint|p1a: Darmanitan
|
|-weather|Sandstorm|[upkeep]
|upkeep
|
|t:|1720794757
|switch|p1a: Ninetales|Ninetales, M|56/100
|-damage|p1a: Ninetales|31/100|[from] Stealth Rock
|-weather|SunnyDay|[from] ability: Drought|[of] p1a: Ninetales
|turn|21
|
|t:|1720794760
|move|p2a: Knives Chau|Psychic|p1a: Ninetales
|-damage|p1a: Ninetales|0 fnt
|faint|p1a: Ninetales
|
|-weather|SunnyDay|[upkeep]
|upkeep
|
|t:|1720794764
|switch|p1a: Latios|Latios, M|95/100
|-damage|p1a: Latios|82/100|[from] Stealth Rock
|turn|22
|
|t:|1720794772
|move|p2a: Knives Chau|Shadow Ball|p1a: Latios
|-supereffective|p1a: Latios
|-damage|p1a: Latios|20/100
|move|p1a: Latios|Dragon Pulse|p2a: Knives Chau
|-enditem|p2a: Knives Chau|Focus Sash
|-damage|p2a: Knives Chau|1/100
|
|-weather|SunnyDay|[upkeep]
|upkeep
|turn|23
|
|t:|1720794776
|move|p2a: Knives Chau|Shadow Ball|p1a: Latios
|-supereffective|p1a: Latios
|-damage|p1a: Latios|0 fnt
|faint|p1a: Latios
|
|-weather|SunnyDay|[upkeep]
|upkeep
|
|t:|1720794777
|switch|p1a: Victini|Victini|68/100
|-damage|p1a: Victini|43/100|[from] Stealth Rock
|turn|24
|
|t:|1720794780
|move|p2a: Knives Chau|Shadow Ball|p1a: Victini
|-supereffective|p1a: Victini
|-damage|p1a: Victini|0 fnt
|faint|p1a: Victini
|
|win|WeR#4Hay!
|raw|auxplr's rating: 1387 &rarr; <strong>1372</strong><br />(-15 for losing)
|raw|WeR#4Hay!'s rating: 1467 &rarr; <strong>1482</strong><br />(+15 for winning)
|c|☆WeR#4Hay!|gg
|c|☆auxplr|Gg
