|j|☆BLJ Mario
|j|☆JeffBeStraight01
|t:|1717283066
|gametype|singles
|player|p1|BLJ Mario|blue-gen2|1374
|player|p2|JeffBeStraight01|waitress-gen4|1305
|teamsize|p1|6
|teamsize|p2|6
|gen|5
|tier|[Gen 5] OU
|rated|
|rule|Species Clause: Limit one of each Pokémon
|rule|OHKO Clause: OHKO moves are banned
|rule|Moody Clause: Moody is banned
|rule|Evasion Items Clause: Evasion items are banned
|rule|Evasion Moves Clause: Evasion moves are banned
|rule|Endless Battle Clause: Forcing endless battles is banned
|rule|HP Percentage Mod: HP is shown in percentages
|rule|Evasion Abilities Clause: Evasion abilities are banned
|rule|Sleep Moves Clause: Sleep-inducing moves are banned
|rule|Swagger Clause: Swagger is banned
|rule|Baton Pass Stat Clause: No Baton Passer may have a way to boost its stats
|clearpoke
|poke|p1|Volcarona, F|item
|poke|p1|Starmie|item
|poke|p1|Terrakion|item
|poke|p1|Jirachi|item
|poke|p1|Dragonite, M|item
|poke|p1|Scizor, M|item
|poke|p2|Metagross|item
|poke|p2|Tyranitar, F|item
|poke|p2|Gliscor, F|item
|poke|p2|Celebi|item
|poke|p2|Magnezone|item
|poke|p2|Breloom, F|item
|teampreview
|inactive|Battle timer is ON: inactive players will automatically lose when time's up. (requested by JeffBeStraight01)
|
|t:|1717283081
|start
|switch|p1a: Terrakion|Terrakion|100/100
|switch|p2a: Gliscor|Gliscor, F, shiny|100/100
|turn|1
|
|t:|1717283088
|move|p1a: Terrakion|Taunt|p2a: Gliscor
|-start|p2a: Gliscor|move: Taunt
|move|p2a: Gliscor|Earthquake|p1a: Terrakion
|-supereffective|p1a: Terrakion
|-damage|p1a: Terrakion|19/100
|
|-status|p2a: Gliscor|tox|[from] item: Toxic Orb
|upkeep
|turn|2
|inactive|BLJ Mario has 120 seconds left.
|
|t:|1717283119
|switch|p1a: Dragonite|Dragonite, M, shiny|100/100
|move|p2a: Gliscor|U-turn|p1a: Dragonite
|-resisted|p1a: Dragonite
|-damage|p1a: Dragonite|96/100
|
|t:|1717283128
|switch|p2a: Metagross|Metagross, shiny|100/100|[from] U-turn
|
|upkeep
|turn|3
|
|t:|1717283141
|switch|p1a: Scizor|Scizor, M|100/100
|move|p2a: Metagross|Meteor Mash|p1a: Scizor
|-resisted|p1a: Scizor
|-damage|p1a: Scizor|65/100
|-boost|p2a: Metagross|atk|1
|
|upkeep
|turn|4
|inactive|BLJ Mario has 120 seconds left.
|
|t:|1717283165
|move|p1a: Scizor|Swords Dance|p1a: Scizor
|-boost|p1a: Scizor|atk|2
|move|p2a: Metagross|Earthquake|p1a: Scizor
|-damage|p1a: Scizor|0 fnt
|faint|p1a: Scizor
|
|upkeep
|
|t:|1717283184
|switch|p1a: Terrakion|Terrakion|19/100
|turn|5
|
|t:|1717283187
|move|p2a: Metagross|Bullet Punch|p1a: Terrakion
|-supereffective|p1a: Terrakion
|-damage|p1a: Terrakion|0 fnt
|faint|p1a: Terrakion
|
|upkeep
|
|t:|1717283192
|switch|p1a: Ithi's Favorite|Volcarona, F|100/100
|turn|6
|
|t:|1717283198
|move|p1a: Ithi's Favorite|Fire Blast|p2a: Metagross
|-supereffective|p2a: Metagross
|-damage|p2a: Metagross|0 fnt
|faint|p2a: Metagross
|
|upkeep
|
|t:|1717283201
|switch|p2a: Tyranitar|Tyranitar, F|100/100
|-weather|Sandstorm|[from] ability: Sand Stream|[of] p2a: Tyranitar
|turn|7
|
|t:|1717283206
|move|p1a: Ithi's Favorite|Quiver Dance|p1a: Ithi's Favorite
|-boost|p1a: Ithi's Favorite|spa|1
|-boost|p1a: Ithi's Favorite|spd|1
|-boost|p1a: Ithi's Favorite|spe|1
|move|p2a: Tyranitar|Pursuit|p1a: Ithi's Favorite
|-damage|p1a: Ithi's Favorite|66/100
|
|-weather|Sandstorm|[upkeep]
|-damage|p1a: Ithi's Favorite|60/100|[from] Sandstorm
|upkeep
|turn|8
|
|t:|1717283215
|move|p1a: Ithi's Favorite|Bug Buzz|p2a: Tyranitar
|-supereffective|p2a: Tyranitar
|-damage|p2a: Tyranitar|22/100
|move|p2a: Tyranitar|Crunch|p1a: Ithi's Favorite
|-damage|p1a: Ithi's Favorite|0 fnt
|-status|p2a: Tyranitar|brn|[from] ability: Flame Body|[of] p1a: Ithi's Favorite
|faint|p1a: Ithi's Favorite
|
|-weather|Sandstorm|[upkeep]
|-damage|p2a: Tyranitar|9/100 brn|[from] brn
|upkeep
|
|t:|1717283228
|switch|p1a: Dragonite|Dragonite, M, shiny|96/100
|turn|9
|
|t:|1717283235
|switch|p2a: Gliscor|Gliscor, F, shiny|100/100 tox
|move|p1a: Dragonite|Dragon Dance|p1a: Dragonite
|-boost|p1a: Dragonite|atk|1
|-boost|p1a: Dragonite|spe|1
|
|-weather|Sandstorm|[upkeep]
|-damage|p1a: Dragonite|90/100|[from] Sandstorm
|upkeep
|turn|10
|
|t:|1717283242
|move|p1a: Dragonite|Dragon Dance|p1a: Dragonite
|-boost|p1a: Dragonite|atk|1
|-boost|p1a: Dragonite|spe|1
|move|p2a: Gliscor|Ice Fang|p1a: Dragonite
|-supereffective|p1a: Dragonite
|-damage|p1a: Dragonite|22/100
|
|-weather|Sandstorm|[upkeep]
|-damage|p1a: Dragonite|16/100|[from] Sandstorm
|upkeep
|turn|11
|
|t:|1717283250
|move|p1a: Dragonite|Outrage|p2a: Gliscor
|-damage|p2a: Gliscor|0 fnt
|faint|p2a: Gliscor
|
|-weather|Sandstorm|[upkeep]
|-damage|p1a: Dragonite|9/100|[from] Sandstorm
|upkeep
|
|t:|1717283257
|switch|p2a: Tyranitar|Tyranitar, F|9/100 brn
|turn|12
|
|t:|1717283260
|move|p1a: Dragonite|Outrage|p2a: Tyranitar|[from]lockedmove
|-damage|p2a: Tyranitar|0 fnt
|faint|p2a: Tyranitar
|
|-weather|Sandstorm|[upkeep]
|-damage|p1a: Dragonite|3/100|[from] Sandstorm
|upkeep
|
|t:|1717283262
|switch|p2a: Breloom|Breloom, F|100/100
|turn|13
|
|t:|1717283265
|move|p2a: Breloom|Mach Punch|p1a: Dragonite
|-resisted|p1a: Dragonite
|-damage|p1a: Dragonite|0 fnt
|faint|p1a: Dragonite
|
|-weather|Sandstorm|[upkeep]
|-damage|p2a: Breloom|94/100|[from] Sandstorm
|-status|p2a: Breloom|tox|[from] item: Toxic Orb
|upkeep
|
|t:|1717283271
|switch|p1a: Jirachi|Jirachi|100/100
|turn|14
|
|t:|1717283279
|move|p1a: Jirachi|U-turn|p2a: Breloom
|-damage|p2a: Breloom|66/100 tox
|
|t:|1717283282
|switch|p1a: Starmie|Starmie, shiny|100/100|[from] U-turn
|-item|p1a: Starmie|Air Balloon
|move|p2a: Breloom|Substitute|p2a: Breloom
|-start|p2a: Breloom|Substitute
|-damage|p2a: Breloom|41/100 tox
|
|-weather|Sandstorm|[upkeep]
|-damage|p1a: Starmie|94/100|[from] Sandstorm
|-damage|p2a: Breloom|35/100 tox|[from] Sandstorm
|-heal|p2a: Breloom|48/100 tox|[from] ability: Poison Heal
|upkeep
|turn|15
|
|t:|1717283290
|move|p1a: Starmie|Ice Beam|p2a: Breloom
|-supereffective|p2a: Breloom
|-end|p2a: Breloom|Substitute
|move|p2a: Breloom|Seed Bomb|p1a: Starmie
|-supereffective|p1a: Starmie
|-damage|p1a: Starmie|0 fnt
|-enditem|p1a: Starmie|Air Balloon
|faint|p1a: Starmie
|
|-weather|Sandstorm|[upkeep]
|-damage|p2a: Breloom|41/100 tox|[from] Sandstorm
|-heal|p2a: Breloom|54/100 tox|[from] ability: Poison Heal
|upkeep
|
|t:|1717283294
|switch|p1a: Jirachi|Jirachi|100/100
|turn|16
|
|t:|1717283301
|move|p1a: Jirachi|Iron Head|p2a: Breloom
|-damage|p2a: Breloom|7/100 tox
|cant|p2a: Breloom|flinch
|
|-weather|Sandstorm|[upkeep]
|-damage|p2a: Breloom|1/100 tox|[from] Sandstorm
|-heal|p2a: Breloom|13/100 tox|[from] ability: Poison Heal
|upkeep
|turn|17
|
|t:|1717283306
|move|p1a: Jirachi|Iron Head|p2a: Breloom
|-damage|p2a: Breloom|0 fnt
|faint|p2a: Breloom
|
|-weather|Sandstorm|[upkeep]
|upkeep
|
|t:|1717283308
|switch|p2a: Magnezone|Magnezone|100/100
|-item|p2a: Magnezone|Air Balloon
|turn|18
|
|t:|1717283312
|move|p1a: Jirachi|Iron Head|p2a: Magnezone
|-resisted|p2a: Magnezone
|-damage|p2a: Magnezone|93/100
|-enditem|p2a: Magnezone|Air Balloon
|cant|p2a: Magnezone|flinch
|
|-weather|Sandstorm|[upkeep]
|upkeep
|turn|19
|
|t:|1717283321
|move|p1a: Jirachi|Iron Head|p2a: Magnezone
|-resisted|p2a: Magnezone
|-damage|p2a: Magnezone|86/100
|move|p2a: Magnezone|Thunderbolt|p1a: Jirachi
|-damage|p1a: Jirachi|48/100
|
|-weather|Sandstorm|[upkeep]
|upkeep
|turn|20
|
|t:|1717283327
|move|p1a: Jirachi|Iron Head|p2a: Magnezone
|-resisted|p2a: Magnezone
|-damage|p2a: Magnezone|78/100
|move|p2a: Magnezone|Thunderbolt|p1a: Jirachi
|-damage|p1a: Jirachi|0 fnt
|faint|p1a: Jirachi
|
|win|JeffBeStraight01
|raw|BLJ Mario's rating: 1374 &rarr; <strong>1350</strong><br />(-24 for losing)
|raw|JeffBeStraight01's rating: 1305 &rarr; <strong>1329</strong><br />(+24 for winning)
