|j|☆kenjishinoka
|j|☆HANMA JACK
|t:|1735137653
|gametype|singles
|player|p1|kenjishinoka|266|1515
|player|p2|HANMA JACK|169|1609
|teamsize|p1|6
|teamsize|p2|6
|gen|5
|tier|[Gen 5] OU
|rated|
|rule|Species Clause: Limit one of each Pokémon
|rule|OHKO Clause: OHKO moves are banned
|rule|Moody Clause: Moody is banned
|rule|Evasion Items Clause: Evasion items are banned
|rule|Evasion Moves Clause: Evasion moves are banned
|rule|Endless Battle Clause: Forcing endless battles is banned
|rule|HP Percentage Mod: HP is shown in percentages
|rule|Evasion Abilities Clause: Evasion abilities are banned
|rule|Sleep Moves Clause: Sleep-inducing moves are banned
|rule|Swagger Clause: Swagger is banned
|rule|Baton Pass Stat Clause: No Baton Passer may have a way to boost its stats
|clearpoke
|poke|p1|Gyarados, M|item
|poke|p1|Sableye, F|item
|poke|p1|Magnezone|item
|poke|p1|Jellicent, F|item
|poke|p1|Skarmory, M|item
|poke|p1|Excadrill, F|item
|poke|p2|Abomasnow, M|item
|poke|p2|Landorus-Therian, M|item
|poke|p2|Starmie|item
|poke|p2|Mamoswine, M|item
|poke|p2|Scizor, M|item
|poke|p2|Salamence, M|item
|teampreview
|inactive|Battle timer is ON: inactive players will automatically lose when time's up. (requested by kenjishinoka)
|c|☆HANMA JACK|gl hf
|c|☆kenjishinoka|u2
|
|t:|1735137672
|start
|switch|p1a: Skarmory|Skarmory, M|100/100
|switch|p2a: Landorus|Landorus-Therian, M|100/100
|-ability|p2a: Landorus|Intimidate|boost
|-unboost|p1a: Skarmory|atk|1
|turn|1
|
|t:|1735137675
|move|p2a: Landorus|Imprison|p2a: Landorus
|-start|p2a: Landorus|move: Imprison
|cant|p1a: Skarmory|move: Imprison|Stealth Rock
|
|upkeep
|turn|2
|
|t:|1735137678
|move|p2a: Landorus|Stealth Rock|p1a: Skarmory
|-sidestart|p1: kenjishinoka|move: Stealth Rock
|move|p1a: Skarmory|Spikes|p2a: Landorus
|-sidestart|p2: HANMA JACK|Spikes
|
|upkeep
|turn|3
|
|t:|1735137689
|switch|p2a: Starmie|Starmie|100/100
|-item|p2a: Starmie|Air Balloon
|move|p1a: Skarmory|Spikes|p2a: Starmie
|-sidestart|p2: HANMA JACK|Spikes
|
|upkeep
|turn|4
|
|t:|1735137706
|move|p2a: Starmie|Thunder|p1a: Skarmory
|-supereffective|p1a: Skarmory
|-ability|p1a: Skarmory|Sturdy
|-damage|p1a: Skarmory|1/100
|move|p1a: Skarmory|Stealth Rock|p2a: Starmie
|-sidestart|p2: HANMA JACK|move: Stealth Rock
|
|upkeep
|turn|5
|inactive|HANMA JACK has 120 seconds left.
|-enditem|p1a: Skarmory|Custap Berry|[eat]
|-activate|p1a: Skarmory|item: Custap Berry|[consumed]
|
|t:|1735137735
|switch|p2a: Scizor|Scizor, M|100/100
|-damage|p2a: Scizor|84/100|[from] Spikes
|-damage|p2a: Scizor|71/100|[from] Stealth Rock
|move|p1a: Skarmory|Brave Bird|p2a: Scizor
|-damage|p2a: Scizor|37/100
|-damage|p1a: Skarmory|0 fnt|[from] Recoil
|faint|p1a: Skarmory
|
|-heal|p2a: Scizor|43/100|[from] item: Leftovers
|upkeep
|
|t:|1735137747
|switch|p1a: Magnezone|Magnezone|100/100
|-damage|p1a: Magnezone|94/100|[from] Stealth Rock
|-item|p1a: Magnezone|Air Balloon
|turn|6
|
|t:|1735137750
|move|p2a: Scizor|Superpower|p1a: Magnezone
|-supereffective|p1a: Magnezone
|-damage|p1a: Magnezone|3/100
|-unboost|p2a: Scizor|atk|1
|-unboost|p2a: Scizor|def|1
|-enditem|p1a: Magnezone|Air Balloon
|move|p1a: Magnezone|Hidden Power|p2a: Scizor
|-supereffective|p2a: Scizor
|-damage|p2a: Scizor|0 fnt
|faint|p2a: Scizor
|
|upkeep
|inactive|HANMA JACK has 120 seconds left.
|
|t:|1735137773
|switch|p2a: Salamence|Salamence, M|100/100
|-damage|p2a: Salamence|76/100|[from] Stealth Rock
|turn|7
|
|t:|1735137787
|move|p2a: Salamence|Outrage|p1a: Magnezone
|-resisted|p1a: Magnezone
|-damage|p1a: Magnezone|0 fnt
|faint|p1a: Magnezone
|-ability|p2a: Salamence|Moxie|boost
|-boost|p2a: Salamence|atk|1
|
|upkeep
|
|t:|1735137793
|switch|p1a: Sableye|Sableye, F|100/100
|-damage|p1a: Sableye|88/100|[from] Stealth Rock
|turn|8
|
|t:|1735137795
|move|p1a: Sableye|Trick|p2a: Salamence
|-activate|p1a: Sableye|move: Trick|[of] p2a: Salamence
|-item|p2a: Salamence|Lagging Tail|[from] move: Trick
|-item|p1a: Sableye|Yache Berry|[from] move: Trick
|move|p2a: Salamence|Outrage|p1a: Sableye|[from]lockedmove
|-damage|p1a: Sableye|0 fnt
|faint|p1a: Sableye
|-ability|p2a: Salamence|Moxie|boost
|-boost|p2a: Salamence|atk|1
|
|upkeep
|
|t:|1735137813
|switch|p1a: Gyarados|Gyarados, M|100/100
|-damage|p1a: Gyarados|76/100|[from] Stealth Rock
|turn|9
|
|t:|1735137816
|move|p1a: Gyarados|Outrage|p2a: Salamence
|-supereffective|p2a: Salamence
|-damage|p2a: Salamence|0 fnt
|faint|p2a: Salamence
|-ability|p1a: Gyarados|Moxie|boost
|-boost|p1a: Gyarados|atk|1
|
|upkeep
|
|t:|1735137824
|switch|p2a: Landorus|Landorus-Therian, M|100/100
|-damage|p2a: Landorus|88/100|[from] Stealth Rock
|-ability|p2a: Landorus|Intimidate|boost
|-unboost|p1a: Gyarados|atk|1
|turn|10
|
|t:|1735137839
|move|p1a: Gyarados|Outrage|p2a: Landorus|[from]lockedmove
|-damage|p2a: Landorus|39/100
|-start|p1a: Gyarados|confusion|[fatigue]
|move|p2a: Landorus|Explosion|p1a: Gyarados
|-damage|p1a: Gyarados|0 fnt
|faint|p2a: Landorus
|faint|p1a: Gyarados
|
|upkeep
|
|t:|1735137850
|switch|p2a: Mamoswine|Mamoswine, M|100/100
|switch|p1a: Jellicent|Jellicent, F|100/100
|-damage|p2a: Mamoswine|84/100|[from] Spikes
|-damage|p2a: Mamoswine|71/100|[from] Stealth Rock
|-damage|p1a: Jellicent|88/100|[from] Stealth Rock
|turn|11
|
|t:|1735137853
|move|p2a: Mamoswine|Substitute|p2a: Mamoswine
|-start|p2a: Mamoswine|Substitute
|-damage|p2a: Mamoswine|46/100
|move|p1a: Jellicent|Giga Drain|p2a: Mamoswine
|-supereffective|p2a: Mamoswine
|-end|p2a: Mamoswine|Substitute
|-heal|p1a: Jellicent|99/100|[from] drain|[of] p2a: Mamoswine
|
|upkeep
|turn|12
|
|t:|1735137861
|move|p2a: Mamoswine|Substitute|p2a: Mamoswine
|-start|p2a: Mamoswine|Substitute
|-damage|p2a: Mamoswine|21/100
|-enditem|p2a: Mamoswine|Salac Berry|[eat]
|-boost|p2a: Mamoswine|spe|1|[from] item: Salac Berry
|move|p1a: Jellicent|Giga Drain|p2a: Mamoswine
|-supereffective|p2a: Mamoswine
|-end|p2a: Mamoswine|Substitute
|-heal|p1a: Jellicent|100/100|[from] drain|[of] p2a: Mamoswine
|
|upkeep
|turn|13
|
|t:|1735137865
|move|p2a: Mamoswine|Earthquake|p1a: Jellicent
|-damage|p1a: Jellicent|34/100
|move|p1a: Jellicent|Giga Drain|p2a: Mamoswine
|-supereffective|p2a: Mamoswine
|-damage|p2a: Mamoswine|0 fnt
|-heal|p1a: Jellicent|44/100|[from] drain|[of] p2a: Mamoswine
|faint|p2a: Mamoswine
|
|upkeep
|
|t:|1735137867
|switch|p2a: Abomasnow|Abomasnow, M|100/100
|-damage|p2a: Abomasnow|84/100|[from] Spikes
|-damage|p2a: Abomasnow|59/100|[from] Stealth Rock
|-weather|Hail|[from] ability: Snow Warning|[of] p2a: Abomasnow
|turn|14
|
|t:|1735137873
|move|p2a: Abomasnow|Giga Drain|p1a: Jellicent
|-supereffective|p1a: Jellicent
|-damage|p1a: Jellicent|0 fnt
|-heal|p2a: Abomasnow|86/100|[from] drain|[of] p1a: Jellicent
|faint|p1a: Jellicent
|
|-weather|Hail|[upkeep]
|upkeep
|
|t:|1735137875
|switch|p1a: Excadrill|Excadrill, F|100/100
|-damage|p1a: Excadrill|97/100|[from] Stealth Rock
|-ability|p1a: Excadrill|Mold Breaker
|turn|15
|
|t:|1735137879
|move|p1a: Excadrill|Iron Head|p2a: Abomasnow
|-supereffective|p2a: Abomasnow
|-damage|p2a: Abomasnow|0 fnt
|faint|p2a: Abomasnow
|
|-weather|Hail|[upkeep]
|-damage|p1a: Excadrill|91/100|[from] Hail
|upkeep
|
|t:|1735137882
|switch|p2a: Starmie|Starmie|100/100
|-damage|p2a: Starmie|88/100|[from] Stealth Rock
|-item|p2a: Starmie|Air Balloon
|turn|16
|
|t:|1735137887
|move|p1a: Excadrill|Iron Head|p2a: Starmie
|-resisted|p2a: Starmie
|-damage|p2a: Starmie|56/100
|-enditem|p2a: Starmie|Air Balloon
|move|p2a: Starmie|Hydro Pump|p1a: Excadrill
|-supereffective|p1a: Excadrill
|-damage|p1a: Excadrill|0 fnt
|faint|p1a: Excadrill
|
|win|HANMA JACK
|raw|kenjishinoka's rating: 1515 &rarr; <strong>1500</strong><br />(-15 for losing)
|raw|HANMA JACK's rating: 1609 &rarr; <strong>1624</strong><br />(+15 for winning)
|c|☆kenjishinoka|gg
|c|☆HANMA JACK|gg
