|j|☆JackRG1
|j|☆apo_ace
|t:|1746059595
|gametype|singles
|player|p1|JackRG1|iris|1455
|player|p2|apo_ace|1|1415
|teamsize|p1|6
|teamsize|p2|6
|gen|5
|tier|[Gen 5] OU
|rated|
|rule|Species Clause: Limit one of each Pokémon
|rule|OHKO Clause: OHKO moves are banned
|rule|Moody Clause: Moody is banned
|rule|Evasion Items Clause: Evasion items are banned
|rule|Evasion Moves Clause: Evasion moves are banned
|rule|Endless Battle Clause: Forcing endless battles is banned
|rule|HP Percentage Mod: HP is shown in percentages
|rule|Evasion Abilities Clause: Evasion abilities are banned
|rule|Sleep Moves Clause: Sleep-inducing moves are banned
|rule|Swagger Clause: Swagger is banned
|rule|Baton Pass Stat Clause: No Baton Passer may have a way to boost its stats
|clearpoke
|poke|p1|Tyranitar, M|item
|poke|p1|Alakazam, F|item
|poke|p1|Latios, M|item
|poke|p1|Ferrothorn, M|item
|poke|p1|Keldeo|item
|poke|p1|Landorus-Therian, M|item
|poke|p2|Hippowdon, F|item
|poke|p2|Skarmory, F|item
|poke|p2|Reuniclus, F|item
|poke|p2|Clefable, M|item
|poke|p2|Latias, F|item
|poke|p2|Bronzong|item
|teampreview
|inactive|Battle timer is ON: inactive players will automatically lose when time's up. (requested by JackRG1)
|
|t:|1746059611
|start
|switch|p1a: Ferrothorn|Ferrothorn, M, shiny|100/100
|switch|p2a: Skarmory|Skarmory, F|100/100
|turn|1
|
|t:|1746059615
|move|p2a: Skarmory|Spikes|p1a: Ferrothorn
|-sidestart|p1: JackRG1|Spikes
|move|p1a: Ferrothorn|Spikes|p2a: Skarmory
|-sidestart|p2: apo_ace|Spikes
|
|upkeep
|turn|2
|
|t:|1746059619
|move|p2a: Skarmory|Spikes|p1a: Ferrothorn
|-sidestart|p1: JackRG1|Spikes
|move|p1a: Ferrothorn|Knock Off|p2a: Skarmory
|-resisted|p2a: Skarmory
|-damage|p2a: Skarmory|99/100
|-damage|p1a: Ferrothorn|84/100|[from] item: Rocky Helmet|[of] p2a: Skarmory
|-enditem|p2a: Skarmory|Rocky Helmet|[from] move: Knock Off|[of] p1a: Ferrothorn
|
|-heal|p1a: Ferrothorn|90/100|[from] item: Leftovers
|upkeep
|turn|3
|
|t:|1746059623
|switch|p1a: Landorus|Landorus-Therian, M|100/100
|-ability|p1a: Landorus|Intimidate|boost
|-unboost|p2a: Skarmory|atk|1
|move|p2a: Skarmory|Spikes|p1a: Landorus
|-sidestart|p1: JackRG1|Spikes
|
|upkeep
|turn|4
|
|t:|1746059627
|switch|p2a: Hippowdon|Hippowdon, F|100/100
|-damage|p2a: Hippowdon|88/100|[from] Spikes
|-weather|Sandstorm|[from] ability: Sand Stream|[of] p2a: Hippowdon
|move|p1a: Landorus|Stealth Rock|p2a: Hippowdon
|-sidestart|p2: apo_ace|move: Stealth Rock
|
|-weather|Sandstorm|[upkeep]
|-heal|p2a: Hippowdon|94/100|[from] item: Leftovers
|upkeep
|turn|5
|
|t:|1746059631
|move|p1a: Landorus|U-turn|p2a: Hippowdon
|-damage|p2a: Hippowdon|80/100
|
|t:|1746059634
|switch|p1a: Ferrothorn|Ferrothorn, M, shiny|90/100|[from] U-turn
|-damage|p1a: Ferrothorn|65/100|[from] Spikes
|move|p2a: Hippowdon|Stealth Rock|p1a: Ferrothorn
|-sidestart|p1: JackRG1|move: Stealth Rock
|
|-weather|Sandstorm|[upkeep]
|-heal|p2a: Hippowdon|86/100|[from] item: Leftovers
|-heal|p1a: Ferrothorn|71/100|[from] item: Leftovers
|upkeep
|turn|6
|
|t:|1746059640
|move|p1a: Ferrothorn|Spikes|p2a: Hippowdon
|-sidestart|p2: apo_ace|Spikes
|move|p2a: Hippowdon|Whirlwind|p1a: Ferrothorn
|drag|p1a: Landorus|Landorus-Therian, M|100/100
|-damage|p1a: Landorus|88/100|[from] Stealth Rock
|-ability|p1a: Landorus|Intimidate|boost
|-unboost|p2a: Hippowdon|atk|1
|
|-weather|Sandstorm|[upkeep]
|-heal|p1a: Landorus|94/100|[from] item: Leftovers
|-heal|p2a: Hippowdon|92/100|[from] item: Leftovers
|upkeep
|turn|7
|
|t:|1746059643
|move|p1a: Landorus|Earthquake|p2a: Hippowdon
|-damage|p2a: Hippowdon|61/100
|move|p2a: Hippowdon|Whirlwind|p1a: Landorus
|drag|p1a: Ferrothorn|Ferrothorn, M, shiny|71/100
|-damage|p1a: Ferrothorn|46/100|[from] Spikes
|-damage|p1a: Ferrothorn|40/100|[from] Stealth Rock
|
|-weather|Sandstorm|[upkeep]
|-heal|p2a: Hippowdon|67/100|[from] item: Leftovers
|-heal|p1a: Ferrothorn|46/100|[from] item: Leftovers
|upkeep
|turn|8
|
|t:|1746059648
|move|p1a: Ferrothorn|Knock Off|p2a: Hippowdon
|-damage|p2a: Hippowdon|64/100
|-enditem|p2a: Hippowdon|Leftovers|[from] move: Knock Off|[of] p1a: Ferrothorn
|move|p2a: Hippowdon|Whirlwind|p1a: Ferrothorn
|drag|p1a: Latios|Latios, M|100/100
|-damage|p1a: Latios|88/100|[from] Stealth Rock
|
|-weather|Sandstorm|[upkeep]
|-damage|p1a: Latios|82/100|[from] Sandstorm
|upkeep
|turn|9
|
|t:|1746059654
|switch|p2a: Bronzong|Bronzong|100/100
|-damage|p2a: Bronzong|94/100|[from] Stealth Rock
|move|p1a: Latios|Surf|p2a: Bronzong
|-damage|p2a: Bronzong|69/100
|
|-weather|Sandstorm|[upkeep]
|-damage|p1a: Latios|76/100|[from] Sandstorm
|-heal|p2a: Bronzong|75/100|[from] item: Leftovers
|upkeep
|turn|10
|
|t:|1746059660
|switch|p1a: Ferrothorn|Ferrothorn, M, shiny|46/100
|-damage|p1a: Ferrothorn|22/100|[from] Spikes
|-damage|p1a: Ferrothorn|16/100|[from] Stealth Rock
|move|p2a: Bronzong|Gyro Ball|p1a: Ferrothorn
|-resisted|p1a: Ferrothorn
|-damage|p1a: Ferrothorn|12/100
|-damage|p2a: Bronzong|62/100|[from] ability: Iron Barbs|[of] p1a: Ferrothorn
|
|-weather|Sandstorm|[upkeep]
|-heal|p1a: Ferrothorn|18/100|[from] item: Leftovers
|-heal|p2a: Bronzong|69/100|[from] item: Leftovers
|upkeep
|turn|11
|
|t:|1746059667
|move|p1a: Ferrothorn|Power Whip|p2a: Bronzong
|-resisted|p2a: Bronzong
|-damage|p2a: Bronzong|53/100
|move|p2a: Bronzong|Earthquake|p1a: Ferrothorn
|-damage|p1a: Ferrothorn|4/100
|
|-weather|Sandstorm|[upkeep]
|-heal|p1a: Ferrothorn|10/100|[from] item: Leftovers
|-heal|p2a: Bronzong|60/100|[from] item: Leftovers
|upkeep
|turn|12
|
|t:|1746059674
|switch|p2a: Skarmory|Skarmory, F|99/100
|-damage|p2a: Skarmory|87/100|[from] Stealth Rock
|move|p1a: Ferrothorn|Knock Off|p2a: Skarmory
|-resisted|p2a: Skarmory
|-damage|p2a: Skarmory|85/100
|
|-weather|Sandstorm|[upkeep]
|-heal|p1a: Ferrothorn|16/100|[from] item: Leftovers
|upkeep
|turn|13
|
|t:|1746059678
|move|p1a: Ferrothorn|Power Whip|p2a: Skarmory
|-resisted|p2a: Skarmory
|-damage|p2a: Skarmory|80/100
|move|p2a: Skarmory|Whirlwind|p1a: Ferrothorn
|drag|p1a: Latios|Latios, M|76/100
|-damage|p1a: Latios|64/100|[from] Stealth Rock
|
|-weather|Sandstorm|[upkeep]
|-damage|p1a: Latios|58/100|[from] Sandstorm
|upkeep
|turn|14
|
|t:|1746059683
|switch|p2a: Bronzong|Bronzong|60/100
|-damage|p2a: Bronzong|53/100|[from] Stealth Rock
|move|p1a: Latios|Trick|p2a: Bronzong
|-activate|p1a: Latios|move: Trick|[of] p2a: Bronzong
|-item|p2a: Bronzong|Choice Scarf|[from] move: Trick
|-item|p1a: Latios|Leftovers|[from] move: Trick
|
|-weather|Sandstorm|[upkeep]
|-damage|p1a: Latios|52/100|[from] Sandstorm
|-heal|p1a: Latios|58/100|[from] item: Leftovers
|upkeep
|turn|15
|
|t:|1746059710
|switch|p1a: Ferrothorn|Ferrothorn, M, shiny|16/100
|-damage|p1a: Ferrothorn|0 fnt|[from] Spikes
|faint|p1a: Ferrothorn
|move|p2a: Bronzong|Gyro Ball|p1: Ferrothorn|[notarget]
|-fail|p2a: Bronzong
|
|-weather|Sandstorm|[upkeep]
|upkeep
|
|t:|1746059719
|switch|p1a: Keldeo|Keldeo|100/100
|-damage|p1a: Keldeo|76/100|[from] Spikes
|-damage|p1a: Keldeo|70/100|[from] Stealth Rock
|turn|16
|
|t:|1746059727
|move|p1a: Keldeo|Scald|p2a: Bronzong
|-damage|p2a: Bronzong|21/100
|-status|p2a: Bronzong|brn
|move|p2a: Bronzong|Gyro Ball|p1a: Keldeo
|-resisted|p1a: Keldeo
|-damage|p1a: Keldeo|61/100
|
|-weather|Sandstorm|[upkeep]
|-damage|p1a: Keldeo|55/100|[from] Sandstorm
|-heal|p1a: Keldeo|61/100|[from] item: Leftovers
|-damage|p2a: Bronzong|9/100 brn|[from] brn
|upkeep
|turn|17
|
|t:|1746059732
|move|p1a: Keldeo|Scald|p2a: Bronzong
|-damage|p2a: Bronzong|0 fnt
|faint|p2a: Bronzong
|
|-weather|Sandstorm|[upkeep]
|-damage|p1a: Keldeo|55/100|[from] Sandstorm
|-heal|p1a: Keldeo|61/100|[from] item: Leftovers
|upkeep
|
|t:|1746059742
|switch|p2a: Latias|Latias, F|100/100
|-damage|p2a: Latias|88/100|[from] Stealth Rock
|turn|18
|
|t:|1746059745
|switch|p1a: Landorus|Landorus-Therian, M|94/100
|-damage|p1a: Landorus|82/100|[from] Stealth Rock
|-ability|p1a: Landorus|Intimidate|boost
|-unboost|p2a: Latias|atk|1
|move|p2a: Latias|Draco Meteor|p1a: Landorus
|-damage|p1a: Landorus|0 fnt
|-unboost|p2a: Latias|spa|2
|faint|p1a: Landorus
|
|-weather|Sandstorm|[upkeep]
|-damage|p2a: Latias|82/100|[from] Sandstorm
|upkeep
|
|t:|1746059748
|switch|p1a: Tyranitar|Tyranitar, M|100/100
|-damage|p1a: Tyranitar|76/100|[from] Spikes
|-damage|p1a: Tyranitar|63/100|[from] Stealth Rock
|turn|19
|
|t:|1746059753
|-activate|p2a: Latias|move: Pursuit
|move|p1a: Tyranitar|Pursuit|p2a: Latias|[from] Pursuit
|-supereffective|p2a: Latias
|-enditem|p2a: Latias|Colbur Berry|[eat]
|-enditem|p2a: Latias|Colbur Berry|[weaken]
|-damage|p2a: Latias|34/100
|switch|p2a: Skarmory|Skarmory, F|80/100
|-damage|p2a: Skarmory|68/100|[from] Stealth Rock
|
|-weather|Sandstorm|[upkeep]
|upkeep
|turn|20
|
|t:|1746059761
|move|p1a: Tyranitar|Ice Beam|p2a: Skarmory
|-damage|p2a: Skarmory|39/100
|move|p2a: Skarmory|Whirlwind|p1a: Tyranitar
|drag|p1a: Latios|Latios, M|58/100
|-damage|p1a: Latios|46/100|[from] Stealth Rock
|
|-weather|Sandstorm|[upkeep]
|-damage|p1a: Latios|40/100|[from] Sandstorm
|-heal|p1a: Latios|46/100|[from] item: Leftovers
|upkeep
|turn|21
|
|t:|1746059768
|move|p1a: Latios|Draco Meteor|p2a: Skarmory
|-resisted|p2a: Skarmory
|-damage|p2a: Skarmory|0 fnt
|-unboost|p1a: Latios|spa|2
|faint|p2a: Skarmory
|
|-weather|Sandstorm|[upkeep]
|-damage|p1a: Latios|40/100|[from] Sandstorm
|-heal|p1a: Latios|46/100|[from] item: Leftovers
|upkeep
|
|t:|1746059783
|switch|p2a: Clefable|Clefable, M|100/100
|turn|22
|
|t:|1746059788
|move|p1a: Latios|Draco Meteor|p2a: Clefable
|-damage|p2a: Clefable|76/100
|-unboost|p1a: Latios|spa|2
|move|p2a: Clefable|Thunder Wave|p1a: Latios
|-status|p1a: Latios|par
|
|-weather|Sandstorm|[upkeep]
|-damage|p1a: Latios|40/100 par|[from] Sandstorm
|-heal|p2a: Clefable|82/100|[from] item: Leftovers
|-heal|p1a: Latios|46/100 par|[from] item: Leftovers
|upkeep
|turn|23
|
|t:|1746059792
|switch|p1a: Keldeo|Keldeo|61/100
|-damage|p1a: Keldeo|36/100|[from] Spikes
|-damage|p1a: Keldeo|30/100|[from] Stealth Rock
|move|p2a: Clefable|Knock Off|p1a: Keldeo
|-resisted|p1a: Keldeo
|-damage|p1a: Keldeo|28/100
|-ability|p1a: Keldeo|Justified|boost
|-boost|p1a: Keldeo|atk|1
|-enditem|p1a: Keldeo|Leftovers|[from] move: Knock Off|[of] p2a: Clefable
|
|-weather|Sandstorm|[upkeep]
|-damage|p1a: Keldeo|22/100|[from] Sandstorm
|-heal|p2a: Clefable|88/100|[from] item: Leftovers
|upkeep
|turn|24
|
|t:|1746059795
|move|p1a: Keldeo|Secret Sword|p2a: Clefable
|-supereffective|p2a: Clefable
|-damage|p2a: Clefable|0 fnt
|faint|p2a: Clefable
|
|-weather|Sandstorm|[upkeep]
|-damage|p1a: Keldeo|16/100|[from] Sandstorm
|upkeep
|
|t:|1746059801
|switch|p2a: Latias|Latias, F|34/100
|-damage|p2a: Latias|22/100|[from] Stealth Rock
|turn|25
|
|t:|1746059804
|move|p2a: Latias|Surf|p1a: Keldeo
|-resisted|p1a: Keldeo
|-damage|p1a: Keldeo|0 fnt
|faint|p1a: Keldeo
|
|-weather|Sandstorm|[upkeep]
|-damage|p2a: Latias|16/100|[from] Sandstorm
|upkeep
|
|t:|1746059806
|switch|p1a: Alakazam|Alakazam, F|100/100
|turn|26
|
|t:|1746059808
|move|p1a: Alakazam|Shadow Ball|p2a: Latias
|-supereffective|p2a: Latias
|-damage|p2a: Latias|0 fnt
|faint|p2a: Latias
|
|-weather|Sandstorm|[upkeep]
|upkeep
|
|t:|1746059812
|switch|p2a: Reuniclus|Reuniclus, F|100/100
|turn|27
|
|t:|1746059815
|move|p1a: Alakazam|Shadow Ball|p2a: Reuniclus
|-supereffective|p2a: Reuniclus
|-damage|p2a: Reuniclus|50/100
|move|p2a: Reuniclus|Calm Mind|p2a: Reuniclus
|-boost|p2a: Reuniclus|spa|1
|-boost|p2a: Reuniclus|spd|1
|
|-weather|Sandstorm|[upkeep]
|-heal|p2a: Reuniclus|56/100|[from] item: Leftovers
|upkeep
|turn|28
|
|t:|1746059818
|move|p1a: Alakazam|Shadow Ball|p2a: Reuniclus
|-supereffective|p2a: Reuniclus
|-damage|p2a: Reuniclus|18/100
|-unboost|p2a: Reuniclus|spd|1
|move|p2a: Reuniclus|Recover|p2a: Reuniclus
|-heal|p2a: Reuniclus|68/100
|
|-weather|Sandstorm|[upkeep]
|-heal|p2a: Reuniclus|74/100|[from] item: Leftovers
|upkeep
|turn|29
|
|t:|1746059821
|move|p1a: Alakazam|Shadow Ball|p2a: Reuniclus
|-supereffective|p2a: Reuniclus
|-damage|p2a: Reuniclus|20/100
|-unboost|p2a: Reuniclus|spd|1
|move|p2a: Reuniclus|Calm Mind|p2a: Reuniclus
|-boost|p2a: Reuniclus|spa|1
|-boost|p2a: Reuniclus|spd|1
|
|-weather|Sandstorm|[upkeep]
|-heal|p2a: Reuniclus|26/100|[from] item: Leftovers
|upkeep
|turn|30
|-message|apo_ace forfeited.
|
|win|JackRG1
|raw|JackRG1's rating: 1455 &rarr; <strong>1473</strong><br />(+18 for winning)
|raw|apo_ace's rating: 1415 &rarr; <strong>1397</strong><br />(-18 for losing)
|l|☆apo_ace
|player|p2|
