|join|filipmerda
|join|bluri
|player|p1|filipmerda|2
|player|p2|bluri|190
|gametype|singles
|gen|5
|tier|[Gen 5] OU
|rated
|rule|Evasion Abilities Clause: Evasion abilities are banned
|clearpoke
|poke|p1|Latios, M
|poke|p1|Rotom-Wash
|poke|p1|Heatran, M
|poke|p1|Celebi
|poke|p1|Landorus-Therian, M
|poke|p1|Gengar, M
|poke|p2|Landorus-Therian, M
|poke|p2|Tyranitar, M
|poke|p2|Terrakion
|poke|p2|Slowking, M
|poke|p2|Jirachi
|poke|p2|Ferrothorn, F
|rule|Sleep Clause Mod: Limit one foe put to sleep
|rule|Species Clause: Limit one of each Pokemon
|rule|OHKO Clause: OHKO moves are banned
|rule|Moody Clause: Moody is banned
|rule|Evasion Moves Clause: Evasion moves are banned
|rule|Endless Battle Clause: Forcing endless battles is banned.
|rule|HP Percentage Mod: HP is reported as percentages
|teampreview
|
|start
|switch|p1a: Rotom-Wash|Rotom-Wash|303/303
|switch|p2a: Landorus-Therian|Landorus-Therian, M|381/381
|-ability|p2a: Landorus-Therian|Intimidate|[of] p1a: Rotom-Wash
|-unboost|p1a: Rotom-Wash|atk|1
|turn|1
|
|move|p2a: Landorus-Therian|U-turn|p1a: Rotom-Wash
|-damage|p1a: Rotom-Wash|235/303
|
|switch|p2a: Slowking|Slowking, M|393/393
|move|p1a: Rotom-Wash|Hydro Pump|p2a: Slowking
|-resisted|p2a: Slowking
|-damage|p2a: Slowking|336/393
|
|-heal|p2a: Slowking|360/393|[from] item: Leftovers
|turn|2
|
|move|p1a: Rotom-Wash|Volt Switch|p2a: Slowking
|-supereffective|p2a: Slowking
|-damage|p2a: Slowking|220/393
|
|switch|p1a: Gengar|Gengar, M|262/262
|move|p2a: Slowking|Fire Blast|p1a: Gengar
|-damage|p1a: Gengar|148/262
|
|-heal|p1a: Gengar|164/262|[from] item: Leftovers
|-heal|p2a: Slowking|244/393|[from] item: Leftovers
|turn|3
|
|switch|p2a: Tyranitar|Tyranitar, M|342/342
|-weather|Sandstorm|[from] ability: Sand Stream|[of] p2a: Tyranitar
|move|p1a: Gengar|Substitute|p1a: Gengar
|-start|p1a: Gengar|Substitute
|-damage|p1a: Gengar|99/262
|
|-weather|Sandstorm|[upkeep]
|-damage|p1a: Gengar|83/262|[from] sandstorm
|-heal|p1a: Gengar|99/262|[from] item: Leftovers
|turn|4
|
|move|p2a: Tyranitar|Pursuit|p1a: Gengar
|-supereffective|p1a: Gengar
|-end|p1a: Gengar|Substitute
|move|p1a: Gengar|Focus Blast|p2a: Tyranitar
|-supereffective|p2a: Tyranitar
|-damage|p2a: Tyranitar|0 fnt
|faint|p2a: Tyranitar
|
|-weather|Sandstorm|[upkeep]
|-damage|p1a: Gengar|83/262|[from] sandstorm
|-heal|p1a: Gengar|99/262|[from] item: Leftovers
|
|switch|p2a: Jirachi|Jirachi|341/341
|turn|5
|
|move|p1a: Gengar|Substitute|p1a: Gengar
|-start|p1a: Gengar|Substitute
|-damage|p1a: Gengar|34/262
|move|p2a: Jirachi|Psychic|p1a: Gengar
|-supereffective|p1a: Gengar
|-end|p1a: Gengar|Substitute
|
|-weather|Sandstorm|[upkeep]
|-damage|p1a: Gengar|18/262|[from] sandstorm
|-heal|p1a: Gengar|34/262|[from] item: Leftovers
|turn|6
|
|move|p1a: Gengar|Shadow Ball|p2a: Jirachi
|-damage|p2a: Jirachi|206/341
|-unboost|p2a: Jirachi|spd|1
|move|p2a: Jirachi|Psychic|p1a: Gengar
|-supereffective|p1a: Gengar
|-damage|p1a: Gengar|0 fnt
|faint|p1a: Gengar
|
|-weather|Sandstorm|[upkeep]
|-heal|p2a: Jirachi|227/341|[from] item: Leftovers
|
|switch|p1a: Landorus-Therian|Landorus-Therian, M|369/369
|-ability|p1a: Landorus-Therian|Intimidate|[of] p2a: Jirachi
|-unboost|p2a: Jirachi|atk|1
|turn|7
|
|switch|p2a: Landorus-Therian|Landorus-Therian, M|381/381
|-ability|p2a: Landorus-Therian|Intimidate|[of] p1a: Landorus-Therian
|-unboost|p1a: Landorus-Therian|atk|1
|move|p1a: Landorus-Therian|Stealth Rock|p2a: Landorus-Therian
|-sidestart|p2: bluri|move: Stealth Rock
|
|-weather|Sandstorm|[upkeep]
|turn|8
|
|move|p2a: Landorus-Therian|Stealth Rock|p1a: Landorus-Therian
|-sidestart|p1: filipmerda|move: Stealth Rock
|move|p1a: Landorus-Therian|U-turn|p2a: Landorus-Therian
|-resisted|p2a: Landorus-Therian
|-damage|p2a: Landorus-Therian|358/381
|
|switch|p1a: Latios|Latios, M|302/302
|-damage|p1a: Latios|265/302|[from] Stealth Rock
|
|-weather|Sandstorm|[upkeep]
|-damage|p1a: Latios|247/302|[from] sandstorm
|-heal|p2a: Landorus-Therian|381/381|[from] item: Leftovers
|turn|9
|
|switch|p2a: Jirachi|Jirachi|227/341
|-damage|p2a: Jirachi|206/341|[from] Stealth Rock
|move|p1a: Latios|Surf|p2a: Jirachi
|-crit|p2a: Jirachi
|-damage|p2a: Jirachi|0 fnt
|faint|p2a: Jirachi
|
|-weather|Sandstorm|[upkeep]
|-damage|p1a: Latios|229/302|[from] sandstorm
|
|switch|p2a: Ferrothorn|Ferrothorn, F|352/352
|-damage|p2a: Ferrothorn|330/352|[from] Stealth Rock
|turn|10
|
|switch|p1a: Heatran|Heatran, M|384/384
|-damage|p1a: Heatran|336/384|[from] Stealth Rock
|switch|p2a: Landorus-Therian|Landorus-Therian, M|381/381
|-damage|p2a: Landorus-Therian|334/381|[from] Stealth Rock
|-ability|p2a: Landorus-Therian|Intimidate|[of] p1a: Heatran
|-unboost|p1a: Heatran|atk|1
|
|-weather|Sandstorm|[upkeep]
|-heal|p2a: Landorus-Therian|357/381|[from] item: Leftovers
|-heal|p1a: Heatran|360/384|[from] item: Leftovers
|turn|11
|
|switch|p1a: Landorus-Therian|Landorus-Therian, M|369/369
|-damage|p1a: Landorus-Therian|323/369|[from] Stealth Rock
|-ability|p1a: Landorus-Therian|Intimidate|[of] p2a: Landorus-Therian
|-unboost|p2a: Landorus-Therian|atk|1
|move|p2a: Landorus-Therian|Hidden Power|p1a: Landorus-Therian
|-supereffective|p1a: Landorus-Therian
|-damage|p1a: Landorus-Therian|23/369
|
|-weather|Sandstorm|[upkeep]
|-heal|p2a: Landorus-Therian|380/381|[from] item: Leftovers
|-heal|p1a: Landorus-Therian|46/369|[from] item: Leftovers
|turn|12
|
|move|p2a: Landorus-Therian|Hidden Power|p1a: Landorus-Therian
|-supereffective|p1a: Landorus-Therian
|-damage|p1a: Landorus-Therian|0 fnt
|faint|p1a: Landorus-Therian
|
|-weather|Sandstorm|[upkeep]
|-heal|p2a: Landorus-Therian|381/381|[from] item: Leftovers
|join|ChoiceBandCleffa
|
|switch|p1a: Rotom-Wash|Rotom-Wash|235/303
|-damage|p1a: Rotom-Wash|198/303|[from] Stealth Rock
|turn|13
|
|move|p2a: Landorus-Therian|U-turn|p1a: Rotom-Wash
|-damage|p1a: Rotom-Wash|147/303
|
|switch|p2a: Slowking|Slowking, M|375/393
|-damage|p2a: Slowking|326/393|[from] Stealth Rock
|move|p1a: Rotom-Wash|Hydro Pump|p2a: Slowking|[miss]
|-miss|p1a: Rotom-Wash|p2a: Slowking
|
|-weather|Sandstorm|[upkeep]
|-damage|p1a: Rotom-Wash|129/303|[from] sandstorm
|-damage|p2a: Slowking|302/393|[from] sandstorm
|-heal|p2a: Slowking|326/393|[from] item: Leftovers
|turn|14
|
|move|p1a: Rotom-Wash|Volt Switch|p2a: Slowking
|-supereffective|p2a: Slowking
|-damage|p2a: Slowking|198/393
|
|switch|p1a: Celebi|Celebi|404/404
|-damage|p1a: Celebi|354/404|[from] Stealth Rock
|move|p2a: Slowking|Scald|p1a: Celebi
|-resisted|p1a: Celebi
|-damage|p1a: Celebi|318/404
|
|-weather|Sandstorm|[upkeep]
|-damage|p1a: Celebi|293/404|[from] sandstorm
|-damage|p2a: Slowking|174/393|[from] sandstorm
|-heal|p1a: Celebi|318/404|[from] item: Leftovers
|-heal|p2a: Slowking|198/393|[from] item: Leftovers
|turn|15
|
|switch|p2a: Landorus-Therian|Landorus-Therian, M|381/381
|-damage|p2a: Landorus-Therian|334/381|[from] Stealth Rock
|-ability|p2a: Landorus-Therian|Intimidate|[of] p1a: Celebi
|-unboost|p1a: Celebi|atk|1
|move|p1a: Celebi|Giga Drain|p2a: Landorus-Therian
|-damage|p2a: Landorus-Therian|213/381
|-heal|p1a: Celebi|379/404|[from] drain|[of] p2a: Landorus-Therian
|
|-weather|Sandstorm|[upkeep]
|-damage|p1a: Celebi|354/404|[from] sandstorm
|-heal|p2a: Landorus-Therian|236/381|[from] item: Leftovers
|-heal|p1a: Celebi|379/404|[from] item: Leftovers
|turn|16
|
|switch|p1a: Heatran|Heatran, M|360/384
|-damage|p1a: Heatran|312/384|[from] Stealth Rock
|move|p2a: Landorus-Therian|U-turn|p1a: Heatran
|-resisted|p1a: Heatran
|-damage|p1a: Heatran|294/384
|leave|ChoiceBandCleffa
|
|switch|p2a: Terrakion|Terrakion|323/323
|-damage|p2a: Terrakion|303/323|[from] Stealth Rock
|
|-weather|Sandstorm|[upkeep]
|-heal|p1a: Heatran|318/384|[from] item: Leftovers
|turn|17
|
|move|p1a: Heatran|Protect|p1a: Heatran
|-singleturn|p1a: Heatran|Protect
|move|p2a: Terrakion|Close Combat|p1a: Heatran
|-activate|p1a: Heatran|Protect
|
|-weather|Sandstorm|[upkeep]
|-heal|p1a: Heatran|342/384|[from] item: Leftovers
|turn|18
|
|switch|p1a: Celebi|Celebi|379/404
|-damage|p1a: Celebi|329/404|[from] Stealth Rock
|move|p2a: Terrakion|Close Combat|p1a: Celebi
|-resisted|p1a: Celebi
|-damage|p1a: Celebi|203/404
|-unboost|p2a: Terrakion|def|1
|-unboost|p2a: Terrakion|spd|1
|-damage|p2a: Terrakion|271/323|[from] item: Life Orb
|
|-weather|Sandstorm|[upkeep]
|-damage|p1a: Celebi|178/404|[from] sandstorm
|-heal|p1a: Celebi|203/404|[from] item: Leftovers
|turn|19
|
|move|p2a: Terrakion|Stone Edge|p1a: Celebi
|-damage|p1a: Celebi|0 fnt
|-damage|p2a: Terrakion|239/323|[from] item: Life Orb
|faint|p1a: Celebi
|
|-weather|Sandstorm|[upkeep]
|
|switch|p1a: Latios|Latios, M|229/302
|-damage|p1a: Latios|192/302|[from] Stealth Rock
|turn|20
|
|switch|p2a: Ferrothorn|Ferrothorn, F|330/352
|-damage|p2a: Ferrothorn|308/352|[from] Stealth Rock
|move|p1a: Latios|Psyshock|p2a: Ferrothorn
|-resisted|p2a: Ferrothorn
|-damage|p2a: Ferrothorn|258/352
|
|-weather|Sandstorm|[upkeep]
|-damage|p1a: Latios|174/302|[from] sandstorm
|-heal|p2a: Ferrothorn|280/352|[from] item: Leftovers
|turn|21
|
|switch|p1a: Heatran|Heatran, M|342/384
|-damage|p1a: Heatran|294/384|[from] Stealth Rock
|switch|p2a: Slowking|Slowking, M|329/393
|-damage|p2a: Slowking|280/393|[from] Stealth Rock
|
|-weather|Sandstorm|[upkeep]
|-damage|p2a: Slowking|256/393|[from] sandstorm
|-heal|p1a: Heatran|318/384|[from] item: Leftovers
|-heal|p2a: Slowking|280/393|[from] item: Leftovers
|turn|22
|
|move|p1a: Heatran|Toxic|p2a: Slowking
|-status|p2a: Slowking|tox
|move|p2a: Slowking|Scald|p1a: Heatran
|-supereffective|p1a: Heatran
|-damage|p1a: Heatran|186/384
|
|-weather|Sandstorm|[upkeep]
|-damage|p2a: Slowking|256/393 tox|[from] sandstorm
|-heal|p1a: Heatran|210/384|[from] item: Leftovers
|-heal|p2a: Slowking|280/393 tox|[from] item: Leftovers
|-damage|p2a: Slowking|256/393 tox|[from] psn
|turn|23
|
|switch|p2a: Landorus-Therian|Landorus-Therian, M|236/381
|-damage|p2a: Landorus-Therian|189/381|[from] Stealth Rock
|-ability|p2a: Landorus-Therian|Intimidate|[of] p1a: Heatran
|-unboost|p1a: Heatran|atk|1
|move|p1a: Heatran|Protect|p1a: Heatran
|-fail|p1a: Heatran
|
|-weather|Sandstorm|[upkeep]
|-heal|p2a: Landorus-Therian|212/381|[from] item: Leftovers
|-heal|p1a: Heatran|234/384|[from] item: Leftovers
|turn|24
|
|switch|p1a: Latios|Latios, M|174/302
|-damage|p1a: Latios|137/302|[from] Stealth Rock
|move|p2a: Landorus-Therian|Earthquake|p1a: Latios
|-immune|p1a: Latios|[msg]
|
|-weather|Sandstorm|[upkeep]
|-damage|p1a: Latios|119/302|[from] sandstorm
|-heal|p2a: Landorus-Therian|235/381|[from] item: Leftovers
|turn|25
|
|switch|p2a: Ferrothorn|Ferrothorn, F|280/352
|-damage|p2a: Ferrothorn|258/352|[from] Stealth Rock
|move|p1a: Latios|Draco Meteor|p2a: Ferrothorn
|-resisted|p2a: Ferrothorn
|-damage|p2a: Ferrothorn|159/352
|-unboost|p1a: Latios|spa|2
|
|-weather|Sandstorm|[upkeep]
|-damage|p1a: Latios|101/302|[from] sandstorm
|-heal|p2a: Ferrothorn|181/352|[from] item: Leftovers
|turn|26
|
|switch|p1a: Heatran|Heatran, M|234/384
|-damage|p1a: Heatran|186/384|[from] Stealth Rock
|move|p2a: Ferrothorn|Leech Seed|p1a: Heatran
|-start|p1a: Heatran|move: Leech Seed
|
|-weather|Sandstorm|[upkeep]
|-heal|p1a: Heatran|210/384|[from] item: Leftovers
|-heal|p2a: Ferrothorn|203/352|[from] item: Leftovers
|-damage|p1a: Heatran|162/384|[from] Leech Seed|[of] p2a: Ferrothorn
|-heal|p2a: Ferrothorn|251/352|[silent]
|turn|27
|
|switch|p1a: Rotom-Wash|Rotom-Wash|129/303
|-damage|p1a: Rotom-Wash|92/303|[from] Stealth Rock
|move|p2a: Ferrothorn|Protect|p2a: Ferrothorn
|-fail|p2a: Ferrothorn
|
|-weather|Sandstorm|[upkeep]
|-damage|p1a: Rotom-Wash|74/303|[from] sandstorm
|-heal|p2a: Ferrothorn|273/352|[from] item: Leftovers
|turn|28
|
|move|p1a: Rotom-Wash|Rest|p1a: Rotom-Wash
|-status|p1a: Rotom-Wash|slp
|-heal|p1a: Rotom-Wash|303/303 slp|[silent]
|-status|p1a: Rotom-Wash|slp|[from] move: Rest
|-enditem|p1a: Rotom-Wash|Chesto Berry|[eat]
|-curestatus|p1a: Rotom-Wash|slp
|move|p2a: Ferrothorn|Power Whip|p1a: Rotom-Wash
|-supereffective|p1a: Rotom-Wash
|-damage|p1a: Rotom-Wash|57/303
|
|-weather|Sandstorm|[upkeep]
|-damage|p1a: Rotom-Wash|39/303|[from] sandstorm
|-heal|p2a: Ferrothorn|295/352|[from] item: Leftovers
|turn|29
|
|move|p2a: Ferrothorn|Protect|p2a: Ferrothorn
|-singleturn|p2a: Ferrothorn|Protect
|move|p1a: Rotom-Wash|Volt Switch|p2a: Ferrothorn
|-activate|p2a: Ferrothorn|Protect
|
|-weather|Sandstorm|[upkeep]
|-damage|p1a: Rotom-Wash|21/303|[from] sandstorm
|-heal|p2a: Ferrothorn|317/352|[from] item: Leftovers
|turn|30
|
|move|p1a: Rotom-Wash|Volt Switch|p2a: Ferrothorn
|-resisted|p2a: Ferrothorn
|-damage|p2a: Ferrothorn|287/352
|
|switch|p1a: Heatran|Heatran, M|162/384
|-damage|p1a: Heatran|114/384|[from] Stealth Rock
|move|p2a: Ferrothorn|Power Whip|p1a: Heatran
|-resisted|p1a: Heatran
|-damage|p1a: Heatran|80/384
|
|-weather|Sandstorm|[upkeep]
|-heal|p1a: Heatran|104/384|[from] item: Leftovers
|-heal|p2a: Ferrothorn|309/352|[from] item: Leftovers
|turn|31
|
|switch|p2a: Slowking|Slowking, M|387/393 tox
|-damage|p2a: Slowking|338/393 tox|[from] Stealth Rock
|move|p1a: Heatran|Toxic|p2a: Slowking
|-fail|p2a: Slowking|tox
|
|-weather|Sandstorm|[upkeep]
|-damage|p2a: Slowking|314/393 tox|[from] sandstorm
|-heal|p1a: Heatran|128/384|[from] item: Leftovers
|-heal|p2a: Slowking|338/393 tox|[from] item: Leftovers
|-damage|p2a: Slowking|314/393 tox|[from] psn
|turn|32
|
|move|p1a: Heatran|Protect|p1a: Heatran
|-singleturn|p1a: Heatran|Protect
|move|p2a: Slowking|Scald|p1a: Heatran
|-activate|p1a: Heatran|Protect
|
|-weather|Sandstorm|[upkeep]
|-damage|p2a: Slowking|290/393 tox|[from] sandstorm
|-heal|p1a: Heatran|152/384|[from] item: Leftovers
|-heal|p2a: Slowking|314/393 tox|[from] item: Leftovers
|-damage|p2a: Slowking|266/393 tox|[from] psn
|turn|33
|
|switch|p1a: Rotom-Wash|Rotom-Wash|21/303
|-damage|p1a: Rotom-Wash|0 fnt|[from] Stealth Rock
|faint|p1a: Rotom-Wash
|move|p2a: Slowking|Scald|p1: Rotom-Wash|[notarget]
|-notarget
|
|-weather|Sandstorm|[upkeep]
|-damage|p2a: Slowking|242/393 tox|[from] sandstorm
|-heal|p2a: Slowking|266/393 tox|[from] item: Leftovers
|-damage|p2a: Slowking|194/393 tox|[from] psn
|
|switch|p1a: Heatran|Heatran, M|152/384
|-damage|p1a: Heatran|104/384|[from] Stealth Rock
|turn|34
|
|switch|p2a: Landorus-Therian|Landorus-Therian, M|235/381
|-damage|p2a: Landorus-Therian|188/381|[from] Stealth Rock
|-ability|p2a: Landorus-Therian|Intimidate|[of] p1a: Heatran
|-unboost|p1a: Heatran|atk|1
|move|p1a: Heatran|Protect|p1a: Heatran
|-fail|p1a: Heatran
|
|-weather|Sandstorm|[upkeep]
|-heal|p2a: Landorus-Therian|211/381|[from] item: Leftovers
|-heal|p1a: Heatran|128/384|[from] item: Leftovers
|turn|35
|
|move|p2a: Landorus-Therian|Earthquake|p1a: Heatran
|-supereffective|p1a: Heatran
|-damage|p1a: Heatran|0 fnt
|faint|p1a: Heatran
|
|-weather|Sandstorm|[upkeep]
|-heal|p2a: Landorus-Therian|234/381|[from] item: Leftovers
|
|switch|p1a: Latios|Latios, M|101/302
|-damage|p1a: Latios|64/302|[from] Stealth Rock
|turn|36
|
|move|p1a: Latios|Trick|p2a: Landorus-Therian
|-activate|p1a: Latios|move: Trick|[of] p2a: Landorus-Therian
|-item|p2a: Landorus-Therian|Choice Scarf|[from] move: Trick
|-item|p1a: Latios|Leftovers|[from] move: Trick
|move|p2a: Landorus-Therian|U-turn|p1a: Latios
|-supereffective|p1a: Latios
|-damage|p1a: Latios|0 fnt
|faint|p1a: Latios
|
|win|bluri
|raw|Ladder updating...
|raw|filipmerda's rating: 1328 &rarr; <strong>1307</strong><br />(-21 for losing)
|raw|bluri's rating: 1317 &rarr; <strong>1338</strong><br />(+21 for winning)
|leave|bluri
|player|p2
|leave|filipmerda
|player|p1
|join|bluri