|j|☆JukeDuke
|j|☆jfjjjjfhdh
|t:|1725320485
|gametype|singles
|player|p1|JukeDuke|shadowtriad|1367
|player|p2|jfjjjjfhdh|acetrainer-gen4dp|1443
|teamsize|p1|6
|teamsize|p2|6
|gen|5
|tier|[Gen 5] OU
|rated|
|rule|Species Clause: Limit one of each Pokémon
|rule|OHKO Clause: OHKO moves are banned
|rule|Moody Clause: Moody is banned
|rule|Evasion Items Clause: Evasion items are banned
|rule|Evasion Moves Clause: Evasion moves are banned
|rule|Endless Battle Clause: Forcing endless battles is banned
|rule|HP Percentage Mod: HP is shown in percentages
|rule|Evasion Abilities Clause: Evasion abilities are banned
|rule|Sleep Moves Clause: Sleep-inducing moves are banned
|rule|Swagger Clause: Swagger is banned
|rule|Baton Pass Stat Clause: No Baton Passer may have a way to boost its stats
|clearpoke
|poke|p1|Magnezone|item
|poke|p1|Metagross|item
|poke|p1|Kyurem-Black|item
|poke|p1|Garchomp, M|item
|poke|p1|Latios, M|item
|poke|p1|Salamence, M|item
|poke|p2|Espeon, M|item
|poke|p2|Gliscor, F|item
|poke|p2|Clefable, M|item
|poke|p2|Hippowdon, F|item
|poke|p2|Forretress, F|item
|poke|p2|Alakazam, F|item
|teampreview
|inactive|Battle timer is ON: inactive players will automatically lose when time's up. (requested by jfjjjjfhdh)
|
|t:|1725320511
|start
|switch|p1a: Magnezone|Magnezone|100/100
|switch|p2a: Hippowdon|Hippowdon, F|100/100
|-item|p1a: Magnezone|Air Balloon
|-weather|Sandstorm|[from] ability: Sand Stream|[of] p2a: Hippowdon
|turn|1
|
|t:|1725320519
|switch|p1a: Metagross|Metagross|100/100
|move|p2a: Hippowdon|Stealth Rock|p1a: Metagross
|-sidestart|p1: JukeDuke|move: Stealth Rock
|
|-weather|Sandstorm|[upkeep]
|upkeep
|turn|2
|
|t:|1725320523
|move|p1a: Metagross|Stealth Rock|p2a: Hippowdon
|-sidestart|p2: jfjjjjfhdh|move: Stealth Rock
|move|p2a: Hippowdon|Earthquake|p1a: Metagross
|-supereffective|p1a: Metagross
|-damage|p1a: Metagross|42/100
|
|-weather|Sandstorm|[upkeep]
|-heal|p1a: Metagross|48/100|[from] item: Leftovers
|upkeep
|turn|3
|
|t:|1725320529
|switch|p1a: Magnezone|Magnezone|100/100
|-damage|p1a: Magnezone|94/100|[from] Stealth Rock
|-item|p1a: Magnezone|Air Balloon
|switch|p2a: Gliscor|Gliscor, F|100/100
|-damage|p2a: Gliscor|88/100|[from] Stealth Rock
|
|-weather|Sandstorm|[upkeep]
|-status|p2a: Gliscor|tox|[from] item: Toxic Orb
|upkeep
|turn|4
|
|t:|1725320536
|move|p2a: Gliscor|Substitute|p2a: Gliscor
|-start|p2a: Gliscor|Substitute
|-damage|p2a: Gliscor|63/100 tox
|move|p1a: Magnezone|Magnet Rise|p1a: Magnezone
|-start|p1a: Magnezone|Magnet Rise
|
|-weather|Sandstorm|[upkeep]
|-heal|p2a: Gliscor|76/100 tox|[from] ability: Poison Heal
|upkeep
|turn|5
|
|t:|1725320539
|move|p2a: Gliscor|Protect|p2a: Gliscor
|-singleturn|p2a: Gliscor|Protect
|move|p1a: Magnezone|Sunny Day|p1a: Magnezone
|-weather|SunnyDay
|
|-weather|SunnyDay|[upkeep]
|-heal|p2a: Gliscor|88/100 tox|[from] ability: Poison Heal
|upkeep
|turn|6
|
|t:|1725320541
|move|p2a: Gliscor|Swords Dance|p2a: Gliscor
|-boost|p2a: Gliscor|atk|2
|move|p1a: Magnezone|Hidden Power|p2a: Gliscor
|-end|p2a: Gliscor|Substitute
|
|-weather|SunnyDay|[upkeep]
|-heal|p2a: Gliscor|100/100 tox|[from] ability: Poison Heal
|upkeep
|turn|7
|
|t:|1725320544
|move|p2a: Gliscor|Substitute|p2a: Gliscor
|-start|p2a: Gliscor|Substitute
|-damage|p2a: Gliscor|76/100 tox
|move|p1a: Magnezone|Hidden Power|p2a: Gliscor
|-end|p2a: Gliscor|Substitute
|
|-weather|SunnyDay|[upkeep]
|-heal|p2a: Gliscor|88/100 tox|[from] ability: Poison Heal
|upkeep
|turn|8
|
|t:|1725320546
|move|p2a: Gliscor|Protect|p2a: Gliscor
|-singleturn|p2a: Gliscor|Protect
|move|p1a: Magnezone|Hidden Power|p2a: Gliscor
|-activate|p2a: Gliscor|move: Protect
|
|-weather|SunnyDay|[upkeep]
|-heal|p2a: Gliscor|100/100 tox|[from] ability: Poison Heal
|-end|p1a: Magnezone|Magnet Rise
|upkeep
|turn|9
|
|t:|1725320548
|move|p2a: Gliscor|Substitute|p2a: Gliscor
|-start|p2a: Gliscor|Substitute
|-damage|p2a: Gliscor|76/100 tox
|move|p1a: Magnezone|Hidden Power|p2a: Gliscor
|-crit|p2a: Gliscor
|-end|p2a: Gliscor|Substitute
|
|-weather|none
|-heal|p2a: Gliscor|88/100 tox|[from] ability: Poison Heal
|upkeep
|turn|10
|
|t:|1725320552
|move|p2a: Gliscor|Substitute|p2a: Gliscor
|-start|p2a: Gliscor|Substitute
|-damage|p2a: Gliscor|63/100 tox
|move|p1a: Magnezone|Hidden Power|p2a: Gliscor
|-end|p2a: Gliscor|Substitute
|
|-heal|p2a: Gliscor|76/100 tox|[from] ability: Poison Heal
|upkeep
|turn|11
|
|t:|1725320554
|move|p2a: Gliscor|Protect|p2a: Gliscor
|-singleturn|p2a: Gliscor|Protect
|move|p1a: Magnezone|Hidden Power|p2a: Gliscor
|-activate|p2a: Gliscor|move: Protect
|
|-heal|p2a: Gliscor|88/100 tox|[from] ability: Poison Heal
|upkeep
|turn|12
|
|t:|1725320559
|move|p2a: Gliscor|Swords Dance|p2a: Gliscor
|-boost|p2a: Gliscor|atk|2
|move|p1a: Magnezone|Sunny Day|p1a: Magnezone
|-weather|SunnyDay
|
|-weather|SunnyDay|[upkeep]
|-heal|p2a: Gliscor|100/100 tox|[from] ability: Poison Heal
|upkeep
|turn|13
|
|t:|1725320562
|move|p2a: Gliscor|Facade|p1a: Magnezone
|-resisted|p1a: Magnezone
|-damage|p1a: Magnezone|42/100
|-enditem|p1a: Magnezone|Air Balloon
|move|p1a: Magnezone|Hidden Power|p2a: Gliscor
|-damage|p2a: Gliscor|61/100 tox
|
|-weather|SunnyDay|[upkeep]
|-heal|p2a: Gliscor|73/100 tox|[from] ability: Poison Heal
|upkeep
|turn|14
|
|t:|1725320567
|move|p2a: Gliscor|Facade|p1a: Magnezone
|-resisted|p1a: Magnezone
|-damage|p1a: Magnezone|0 fnt
|faint|p1a: Magnezone
|
|-weather|SunnyDay|[upkeep]
|-heal|p2a: Gliscor|86/100 tox|[from] ability: Poison Heal
|upkeep
|
|t:|1725320575
|switch|p1a: Kyurem|Kyurem-Black|100/100
|-damage|p1a: Kyurem|76/100|[from] Stealth Rock
|-ability|p1a: Kyurem|Teravolt
|turn|15
|
|t:|1725320581
|move|p2a: Gliscor|Protect|p2a: Gliscor
|-singleturn|p2a: Gliscor|Protect
|move|p1a: Kyurem|Ice Beam|p2a: Gliscor
|-activate|p2a: Gliscor|move: Protect
|
|-weather|SunnyDay|[upkeep]
|-heal|p2a: Gliscor|98/100 tox|[from] ability: Poison Heal
|upkeep
|turn|16
|
|t:|1725320583
|switch|p2a: Forretress|Forretress, F|100/100
|-damage|p2a: Forretress|88/100|[from] Stealth Rock
|move|p1a: Kyurem|Ice Beam|p2a: Forretress
|-resisted|p2a: Forretress
|-damage|p2a: Forretress|65/100
|
|-weather|none
|-heal|p2a: Forretress|71/100|[from] item: Leftovers
|upkeep
|turn|17
|
|t:|1725320588
|switch|p1a: Salamence|Salamence, M|100/100
|-damage|p1a: Salamence|76/100|[from] Stealth Rock
|-ability|p1a: Salamence|Intimidate|boost
|-unboost|p2a: Forretress|atk|1
|move|p2a: Forretress|Rapid Spin|p1a: Salamence
|-damage|p1a: Salamence|72/100
|-sideend|p2: jfjjjjfhdh|Stealth Rock|[from] move: Rapid Spin|[of] p2a: Forretress
|
|-heal|p2a: Forretress|78/100|[from] item: Leftovers
|upkeep
|turn|18
|
|t:|1725320591
|switch|p2a: Hippowdon|Hippowdon, F|100/100
|-weather|Sandstorm|[from] ability: Sand Stream|[of] p2a: Hippowdon
|move|p1a: Salamence|Dragon Dance|p1a: Salamence
|-boost|p1a: Salamence|atk|1
|-boost|p1a: Salamence|spe|1
|
|-weather|Sandstorm|[upkeep]
|-damage|p1a: Salamence|66/100|[from] Sandstorm
|upkeep
|turn|19
|
|t:|1725320594
|move|p1a: Salamence|Dragon Dance|p1a: Salamence
|-boost|p1a: Salamence|atk|1
|-boost|p1a: Salamence|spe|1
|move|p2a: Hippowdon|Slack Off||[still]
|-fail|p2a: Hippowdon|heal
|
|-weather|Sandstorm|[upkeep]
|-damage|p1a: Salamence|60/100|[from] Sandstorm
|upkeep
|turn|20
|
|t:|1725320596
|move|p1a: Salamence|Dragon Claw|p2a: Hippowdon
|-damage|p2a: Hippowdon|47/100
|move|p2a: Hippowdon|Slack Off|p2a: Hippowdon
|-heal|p2a: Hippowdon|97/100
|
|-weather|Sandstorm|[upkeep]
|-damage|p1a: Salamence|54/100|[from] Sandstorm
|-heal|p2a: Hippowdon|100/100|[from] item: Leftovers
|upkeep
|turn|21
|
|t:|1725320600
|move|p1a: Salamence|Dragon Dance|p1a: Salamence
|-boost|p1a: Salamence|atk|1
|-boost|p1a: Salamence|spe|1
|move|p2a: Hippowdon|Whirlwind|p1a: Salamence
|drag|p1a: Garchomp|Garchomp, M|100/100
|-damage|p1a: Garchomp|94/100|[from] Stealth Rock
|
|-weather|Sandstorm|[upkeep]
|upkeep
|turn|22
|
|t:|1725320604
|move|p1a: Garchomp|Earthquake|p2a: Hippowdon
|-damage|p2a: Hippowdon|66/100
|move|p2a: Hippowdon|Earthquake|p1a: Garchomp
|-damage|p1a: Garchomp|59/100
|
|-weather|Sandstorm|[upkeep]
|-heal|p2a: Hippowdon|72/100|[from] item: Leftovers
|upkeep
|turn|23
|
|t:|1725320607
|move|p1a: Garchomp|Swords Dance|p1a: Garchomp
|-boost|p1a: Garchomp|atk|2
|move|p2a: Hippowdon|Slack Off|p2a: Hippowdon
|-heal|p2a: Hippowdon|100/100
|
|-weather|Sandstorm|[upkeep]
|upkeep
|turn|24
|
|t:|1725320609
|move|p1a: Garchomp|Earthquake|p2a: Hippowdon
|-damage|p2a: Hippowdon|37/100
|move|p2a: Hippowdon|Earthquake|p1a: Garchomp
|-damage|p1a: Garchomp|18/100
|-enditem|p1a: Garchomp|Salac Berry|[eat]
|-boost|p1a: Garchomp|spe|1|[from] item: Salac Berry
|
|-weather|Sandstorm|[upkeep]
|-heal|p2a: Hippowdon|43/100|[from] item: Leftovers
|upkeep
|turn|25
|
|t:|1725320615
|move|p1a: Garchomp|Earthquake|p2a: Hippowdon
|-damage|p2a: Hippowdon|0 fnt
|faint|p2a: Hippowdon
|
|-weather|Sandstorm|[upkeep]
|upkeep
|
|t:|1725320617
|switch|p2a: Alakazam|Alakazam, F|100/100
|turn|26
|
|t:|1725320624
|switch|p2a: Forretress|Forretress, F|78/100
|move|p1a: Garchomp|Outrage|p2a: Forretress
|-resisted|p2a: Forretress
|-damage|p2a: Forretress|39/100
|
|-weather|Sandstorm|[upkeep]
|-heal|p2a: Forretress|45/100|[from] item: Leftovers
|upkeep
|turn|27
|
|t:|1725320628
|switch|p2a: Gliscor|Gliscor, F|98/100 tox
|move|p1a: Garchomp|Outrage|p2a: Gliscor|[from]lockedmove
|-damage|p2a: Gliscor|0 fnt
|faint|p2a: Gliscor
|-start|p1a: Garchomp|confusion|[fatigue]
|
|-weather|Sandstorm|[upkeep]
|upkeep
|
|t:|1725320633
|switch|p2a: Forretress|Forretress, F|45/100
|turn|28
|
|t:|1725320635
|-activate|p1a: Garchomp|confusion
|-damage|p1a: Garchomp|0 fnt|[from] confusion
|faint|p1a: Garchomp
|move|p2a: Forretress|Earthquake|p1: Garchomp|[notarget]
|-fail|p2a: Forretress
|
|-weather|Sandstorm|[upkeep]
|-heal|p2a: Forretress|51/100|[from] item: Leftovers
|upkeep
|
|t:|1725320638
|switch|p1a: Salamence|Salamence, M|54/100
|-damage|p1a: Salamence|29/100|[from] Stealth Rock
|-ability|p1a: Salamence|Intimidate|boost
|-unboost|p2a: Forretress|atk|1
|turn|29
|
|t:|1725320644
|move|p1a: Salamence|Fire Blast|p2a: Forretress
|-supereffective|p2a: Forretress
|-damage|p2a: Forretress|0 fnt
|faint|p2a: Forretress
|
|-weather|Sandstorm|[upkeep]
|-damage|p1a: Salamence|23/100|[from] Sandstorm
|upkeep
|
|t:|1725320669
|switch|p2a: Alakazam|Alakazam, F|100/100
|turn|30
|
|t:|1725320674
|move|p2a: Alakazam|Psyshock|p1a: Salamence
|-damage|p1a: Salamence|0 fnt
|faint|p1a: Salamence
|
|-weather|Sandstorm|[upkeep]
|upkeep
|
|t:|1725320676
|switch|p1a: Metagross|Metagross|48/100
|-damage|p1a: Metagross|42/100|[from] Stealth Rock
|turn|31
|
|t:|1725320696
|-activate|p2a: Alakazam|move: Pursuit
|move|p1a: Metagross|Pursuit|p2a: Alakazam|[from]Pursuit
|-supereffective|p2a: Alakazam
|-damage|p2a: Alakazam|0 fnt
|faint|p2a: Alakazam
|-hint|A Pokemon can't switch between when it runs out of HP and when it faints
|
|-weather|Sandstorm|[upkeep]
|-heal|p1a: Metagross|48/100|[from] item: Leftovers
|upkeep
|
|t:|1725320700
|switch|p2a: Espeon|Espeon, M|100/100
|turn|32
|
|t:|1725320702
|move|p2a: Espeon|Hidden Power|p1a: Metagross
|-supereffective|p1a: Metagross
|-damage|p1a: Metagross|0 fnt
|faint|p1a: Metagross
|
|-weather|Sandstorm|[upkeep]
|-damage|p2a: Espeon|95/100|[from] Sandstorm
|upkeep
|
|t:|1725320705
|switch|p1a: Kyurem|Kyurem-Black|76/100
|-damage|p1a: Kyurem|51/100|[from] Stealth Rock
|-ability|p1a: Kyurem|Teravolt
|turn|33
|
|t:|1725320719
|switch|p2a: Clefable|Clefable, M|100/100
|move|p1a: Kyurem|Outrage|p2a: Clefable
|-damage|p2a: Clefable|0 fnt
|faint|p2a: Clefable
|
|-weather|Sandstorm|[upkeep]
|-damage|p1a: Kyurem|45/100|[from] Sandstorm
|upkeep
|
|t:|1725320721
|switch|p2a: Espeon|Espeon, M|95/100
|turn|34
|
|t:|1725320730
|move|p2a: Espeon|Psychic|p1a: Kyurem
|-damage|p1a: Kyurem|0 fnt
|faint|p1a: Kyurem
|
|-weather|Sandstorm|[upkeep]
|-damage|p2a: Espeon|89/100|[from] Sandstorm
|upkeep
|
|t:|1725320732
|switch|p1a: Latios|Latios, M|100/100
|-damage|p1a: Latios|88/100|[from] Stealth Rock
|turn|35
|
|t:|1725320737
|move|p1a: Latios|Draco Meteor|p2a: Espeon
|-crit|p2a: Espeon
|-damage|p2a: Espeon|0 fnt
|-unboost|p1a: Latios|spa|2
|faint|p2a: Espeon
|
|win|JukeDuke
|raw|JukeDuke's rating: 1367 &rarr; <strong>1391</strong><br />(+24 for winning)
|raw|jfjjjjfhdh's rating: 1443 &rarr; <strong>1419</strong><br />(-24 for losing)
