|j|☆Dark_Aura69
|j|☆torinoko city
|t:|1707995743
|gametype|singles
|player|p1|Dark_Aura69|gentleman-gen4|1326
|player|p2|torinoko city|miku-flying|1468
|teamsize|p1|6
|teamsize|p2|6
|gen|5
|tier|[Gen 5] OU
|rated|
|rule|Species Clause: Limit one of each Pokémon
|rule|OHKO Clause: OHKO moves are banned
|rule|Moody Clause: Moody is banned
|rule|Evasion Items Clause: Evasion items are banned
|rule|Evasion Moves Clause: Evasion moves are banned
|rule|Endless Battle Clause: Forcing endless battles is banned
|rule|HP Percentage Mod: HP is shown in percentages
|rule|Evasion Abilities Clause: Evasion abilities are banned
|rule|Sleep Moves Clause: Sleep-inducing moves are banned
|rule|Swagger Clause: Swagger is banned
|rule|Baton Pass Stat Clause: No Baton Passer may have a way to boost its stats
|clearpoke
|poke|p1|Tyranitar, F|item
|poke|p1|Alakazam, F|item
|poke|p1|Reuniclus, M|item
|poke|p1|Ferrothorn, M|item
|poke|p1|Heatran, M|item
|poke|p1|Keldeo|item
|poke|p2|Abomasnow, F|item
|poke|p2|Cloyster, F|item
|poke|p2|Dragonite, M|item
|poke|p2|Volcarona, F|item
|poke|p2|Jirachi|item
|poke|p2|Garchomp, M|item
|teampreview
|inactive|Battle timer is ON: inactive players will automatically lose when time's up. (requested by torinoko city)
|
|t:|1707995763
|start
|switch|p1a: Keldeo|Keldeo|100/100
|switch|p2a: Volcarona|Volcarona, F|100/100
|turn|1
|
|t:|1707995768
|switch|p2a: Abomasnow|Abomasnow, F|100/100
|-weather|Hail|[from] ability: Snow Warning|[of] p2a: Abomasnow
|move|p1a: Keldeo|Hydro Pump|p2a: Abomasnow|[miss]
|-miss|p1a: Keldeo|p2a: Abomasnow
|
|-weather|Hail|[upkeep]
|-damage|p1a: Keldeo|94/100|[from] Hail
|upkeep
|turn|2
|
|t:|1707995782
|switch|p1a: Ferrothorn|Ferrothorn, M|100/100
|switch|p2a: mr chomps|Garchomp, M|100/100
|
|-weather|Hail|[upkeep]
|-damage|p2a: mr chomps|94/100|[from] Hail
|-damage|p1a: Ferrothorn|94/100|[from] Hail
|-heal|p1a: Ferrothorn|100/100|[from] item: Leftovers
|upkeep
|turn|3
|
|t:|1707995792
|switch|p2a: Volcarona|Volcarona, F|100/100
|move|p1a: Ferrothorn|Knock Off|p2a: Volcarona
|-crit|p2a: Volcarona
|-damage|p2a: Volcarona|88/100
|-enditem|p2a: Volcarona|Lum Berry|[from] move: Knock Off|[of] p1a: Ferrothorn
|
|-weather|Hail|[upkeep]
|-damage|p2a: Volcarona|82/100|[from] Hail
|-damage|p1a: Ferrothorn|94/100|[from] Hail
|-heal|p1a: Ferrothorn|100/100|[from] item: Leftovers
|upkeep
|turn|4
|
|t:|1707995802
|switch|p2a: mr chomps|Garchomp, M|94/100
|switch|p1a: Heatran|Heatran, M|100/100
|
|-weather|Hail|[upkeep]
|-damage|p2a: mr chomps|88/100|[from] Hail
|-damage|p1a: Heatran|94/100|[from] Hail
|-heal|p1a: Heatran|100/100|[from] item: Leftovers
|upkeep
|turn|5
|
|t:|1707995810
|switch|p1a: Keldeo|Keldeo|94/100
|move|p2a: mr chomps|Earthquake|p1a: Keldeo
|-damage|p1a: Keldeo|36/100
|
|-weather|Hail|[upkeep]
|-damage|p1a: Keldeo|29/100|[from] Hail
|-damage|p2a: mr chomps|82/100|[from] Hail
|upkeep
|turn|6
|
|t:|1707995825
|switch|p2a: Abomasnow|Abomasnow, F|100/100
|move|p1a: Keldeo|Hidden Power|p2a: Abomasnow
|-damage|p2a: Abomasnow|68/100
|
|-weather|Hail|[upkeep]
|-damage|p1a: Keldeo|23/100|[from] Hail
|-heal|p2a: Abomasnow|74/100|[from] item: Leftovers
|upkeep
|turn|7
|
|t:|1707995831
|switch|p1a: Heatran|Heatran, M|100/100
|move|p2a: Abomasnow|Blizzard|p1a: Heatran
|-resisted|p1a: Heatran
|-damage|p1a: Heatran|92/100
|
|-weather|Hail|[upkeep]
|-damage|p1a: Heatran|86/100|[from] Hail
|-heal|p2a: Abomasnow|80/100|[from] item: Leftovers
|-heal|p1a: Heatran|92/100|[from] item: Leftovers
|upkeep
|turn|8
|
|t:|1707995836
|switch|p2a: mr chomps|Garchomp, M|82/100
|move|p1a: Heatran|Stealth Rock|p2a: mr chomps
|-sidestart|p2: torinoko city|move: Stealth Rock
|
|-weather|Hail|[upkeep]
|-damage|p2a: mr chomps|76/100|[from] Hail
|-damage|p1a: Heatran|86/100|[from] Hail
|-heal|p1a: Heatran|92/100|[from] item: Leftovers
|upkeep
|turn|9
|
|t:|1707995844
|switch|p1a: Ferrothorn|Ferrothorn, M|100/100
|move|p2a: mr chomps|Stealth Rock|p1a: Ferrothorn
|-sidestart|p1: Dark_Aura69|move: Stealth Rock
|
|-weather|Hail|[upkeep]
|-damage|p2a: mr chomps|70/100|[from] Hail
|-damage|p1a: Ferrothorn|94/100|[from] Hail
|-heal|p1a: Ferrothorn|100/100|[from] item: Leftovers
|upkeep
|turn|10
|
|t:|1707995849
|move|p2a: mr chomps|Swords Dance|p2a: mr chomps
|-boost|p2a: mr chomps|atk|2
|move|p1a: Ferrothorn|Spikes|p2a: mr chomps
|-sidestart|p2: torinoko city|Spikes
|
|-weather|Hail|[upkeep]
|-damage|p2a: mr chomps|64/100|[from] Hail
|-damage|p1a: Ferrothorn|94/100|[from] Hail
|-heal|p1a: Ferrothorn|100/100|[from] item: Leftovers
|upkeep
|turn|11
|
|t:|1707995857
|move|p2a: mr chomps|Earthquake|p1a: Ferrothorn
|-damage|p1a: Ferrothorn|26/100
|move|p1a: Ferrothorn|Power Whip|p2a: mr chomps
|-damage|p2a: mr chomps|24/100
|-damage|p1a: Ferrothorn|14/100|[from] ability: Rough Skin|[of] p2a: mr chomps
|
|-weather|Hail|[upkeep]
|-damage|p2a: mr chomps|18/100|[from] Hail
|-damage|p1a: Ferrothorn|8/100|[from] Hail
|-heal|p1a: Ferrothorn|14/100|[from] item: Leftovers
|upkeep
|turn|12
|
|t:|1707995866
|move|p2a: mr chomps|Earthquake|p1a: Ferrothorn
|-damage|p1a: Ferrothorn|0 fnt
|faint|p1a: Ferrothorn
|
|-weather|Hail|[upkeep]
|-damage|p2a: mr chomps|12/100|[from] Hail
|upkeep
|
|t:|1707995874
|switch|p1a: Keldeo|Keldeo|23/100
|-damage|p1a: Keldeo|17/100|[from] Stealth Rock
|turn|13
|
|t:|1707995882
|move|p1a: Keldeo|Secret Sword|p2a: mr chomps
|-damage|p2a: mr chomps|0 fnt
|faint|p2a: mr chomps
|
|-weather|Hail|[upkeep]
|-damage|p1a: Keldeo|11/100|[from] Hail
|upkeep
|
|t:|1707995906
|switch|p2a: Jirachi|Jirachi|100/100
|-damage|p2a: Jirachi|94/100|[from] Stealth Rock
|-damage|p2a: Jirachi|82/100|[from] Spikes
|turn|14
|
|t:|1707995910
|switch|p1a: Heatran|Heatran, M|92/100
|-damage|p1a: Heatran|80/100|[from] Stealth Rock
|move|p2a: Jirachi|U-turn|p1a: Heatran
|-resisted|p1a: Heatran
|-damage|p1a: Heatran|76/100
|
|t:|1707995914
|switch|p2a: Dragonite|Dragonite, M|100/100|[from] U-turn
|-damage|p2a: Dragonite|76/100|[from] Stealth Rock
|
|-weather|Hail|[upkeep]
|-damage|p2a: Dragonite|70/100|[from] Hail
|-damage|p1a: Heatran|69/100|[from] Hail
|-heal|p2a: Dragonite|76/100|[from] item: Leftovers
|-heal|p1a: Heatran|76/100|[from] item: Leftovers
|upkeep
|turn|15
|
|t:|1707995922
|move|p2a: Dragonite|Earthquake|p1a: Heatran
|-supereffective|p1a: Heatran
|-damage|p1a: Heatran|0 fnt
|faint|p1a: Heatran
|
|-weather|Hail|[upkeep]
|-damage|p2a: Dragonite|70/100|[from] Hail
|-heal|p2a: Dragonite|76/100|[from] item: Leftovers
|upkeep
|
|t:|1707995930
|switch|p1a: Alakazam|Alakazam, F|100/100
|turn|16
|
|t:|1707995935
|move|p2a: Dragonite|Extreme Speed|p1a: Alakazam
|-damage|p1a: Alakazam|23/100
|move|p1a: Alakazam|Thunder Wave|p2a: Dragonite
|-status|p2a: Dragonite|par
|
|-weather|Hail|[upkeep]
|-damage|p2a: Dragonite|70/100 par|[from] Hail
|-heal|p2a: Dragonite|76/100 par|[from] item: Leftovers
|upkeep
|turn|17
|j| SKT T1 Motherfaker
|
|t:|1707995944
|switch|p1a: Reuniclus|Reuniclus, M|100/100
|move|p2a: Dragonite|Extreme Speed|p1a: Reuniclus
|-damage|p1a: Reuniclus|78/100
|
|-weather|Hail|[upkeep]
|-damage|p2a: Dragonite|70/100 par|[from] Hail
|-heal|p1a: Reuniclus|84/100|[from] item: Leftovers
|-heal|p2a: Dragonite|76/100 par|[from] item: Leftovers
|upkeep
|turn|18
|
|t:|1707995950
|switch|p2a: Jirachi|Jirachi|82/100
|-damage|p2a: Jirachi|76/100|[from] Stealth Rock
|-damage|p2a: Jirachi|64/100|[from] Spikes
|move|p1a: Reuniclus|Calm Mind|p1a: Reuniclus
|-boost|p1a: Reuniclus|spa|1
|-boost|p1a: Reuniclus|spd|1
|
|-weather|Hail|[upkeep]
|-damage|p2a: Jirachi|58/100|[from] Hail
|-heal|p1a: Reuniclus|91/100|[from] item: Leftovers
|upkeep
|turn|19
|
|t:|1707995956
|move|p2a: Jirachi|U-turn|p1a: Reuniclus
|-supereffective|p1a: Reuniclus
|-damage|p1a: Reuniclus|62/100
|
|t:|1707995959
|switch|p2a: Abomasnow|Abomasnow, F|80/100|[from] U-turn
|-damage|p2a: Abomasnow|55/100|[from] Stealth Rock
|-damage|p2a: Abomasnow|43/100|[from] Spikes
|move|p1a: Reuniclus|Calm Mind|p1a: Reuniclus
|-boost|p1a: Reuniclus|spa|1
|-boost|p1a: Reuniclus|spd|1
|
|-weather|Hail|[upkeep]
|-heal|p2a: Abomasnow|49/100|[from] item: Leftovers
|-heal|p1a: Reuniclus|68/100|[from] item: Leftovers
|upkeep
|turn|20
|
|t:|1707995963
|move|p2a: Abomasnow|Wood Hammer|p1a: Reuniclus
|-damage|p1a: Reuniclus|41/100
|-damage|p2a: Abomasnow|37/100|[from] Recoil
|move|p1a: Reuniclus|Psyshock|p2a: Abomasnow
|-damage|p2a: Abomasnow|0 fnt
|faint|p2a: Abomasnow
|
|-weather|Hail|[upkeep]
|-heal|p1a: Reuniclus|47/100|[from] item: Leftovers
|upkeep
|
|t:|1707995966
|switch|p2a: Cloyster|Cloyster, F|100/100
|-damage|p2a: Cloyster|76/100|[from] Stealth Rock
|-damage|p2a: Cloyster|63/100|[from] Spikes
|turn|21
|
|t:|1707995974
|move|p2a: Cloyster|Icicle Spear|p1a: Reuniclus
|-damage|p1a: Reuniclus|37/100
|-damage|p1a: Reuniclus|27/100
|-damage|p1a: Reuniclus|18/100
|-damage|p1a: Reuniclus|7/100
|-damage|p1a: Reuniclus|0 fnt
|faint|p1a: Reuniclus
|-hitcount|p1: Reuniclus|5
|
|-weather|Hail|[upkeep]
|upkeep
|
|t:|1707995984
|switch|p1a: Tyranitar|Tyranitar, F|100/100
|-damage|p1a: Tyranitar|88/100|[from] Stealth Rock
|-weather|Sandstorm|[from] ability: Sand Stream|[of] p1a: Tyranitar
|turn|22
|
|t:|1707995988
|move|p2a: Cloyster|Icicle Spear|p1a: Tyranitar
|-damage|p1a: Tyranitar|76/100
|-damage|p1a: Tyranitar|66/100
|-damage|p1a: Tyranitar|53/100
|-damage|p1a: Tyranitar|42/100
|-damage|p1a: Tyranitar|31/100
|-hitcount|p1a: Tyranitar|5
|move|p1a: Tyranitar|Superpower|p2a: Cloyster
|-supereffective|p2a: Cloyster
|-damage|p2a: Cloyster|0 fnt
|-unboost|p1a: Tyranitar|atk|1
|-unboost|p1a: Tyranitar|def|1
|faint|p2a: Cloyster
|
|-weather|Sandstorm|[upkeep]
|upkeep
|
|t:|1707995991
|switch|p2a: Jirachi|Jirachi|58/100
|-damage|p2a: Jirachi|51/100|[from] Stealth Rock
|-damage|p2a: Jirachi|39/100|[from] Spikes
|turn|23
|
|t:|1707995999
|move|p2a: Jirachi|Healing Wish|p2a: Jirachi
|faint|p2a: Jirachi
|move|p1a: Tyranitar|Thunder Wave|p2: Jirachi|[notarget]
|-fail|p1a: Tyranitar
|
|-weather|Sandstorm|[upkeep]
|upkeep
|
|t:|1707996001
|switch|p2a: Dragonite|Dragonite, M|76/100 par
|-heal|p2a: Dragonite|100/100|[from] move: Healing Wish
|-damage|p2a: Dragonite|76/100|[from] Stealth Rock
|turn|24
|
|t:|1707996006
|move|p2a: Dragonite|Earthquake|p1a: Tyranitar
|-supereffective|p1a: Tyranitar
|-damage|p1a: Tyranitar|0 fnt
|faint|p1a: Tyranitar
|
|-weather|Sandstorm|[upkeep]
|-damage|p2a: Dragonite|70/100|[from] Sandstorm
|-heal|p2a: Dragonite|76/100|[from] item: Leftovers
|upkeep
|
|t:|1707996012
|switch|p1a: Alakazam|Alakazam, F|23/100
|turn|25
|
|t:|1707996015
|move|p2a: Dragonite|Extreme Speed|p1a: Alakazam
|-crit|p1a: Alakazam
|-damage|p1a: Alakazam|0 fnt
|faint|p1a: Alakazam
|
|-weather|Sandstorm|[upkeep]
|-damage|p2a: Dragonite|70/100|[from] Sandstorm
|-heal|p2a: Dragonite|76/100|[from] item: Leftovers
|upkeep
|-message|Dark_Aura69 forfeited.
|
|win|torinoko city
|raw|Dark_Aura69's rating: 1326 &rarr; <strong>1314</strong><br />(-12 for losing)
|raw|torinoko city's rating: 1468 &rarr; <strong>1480</strong><br />(+12 for winning)
|l|☆Dark_Aura69
|player|p1|
|l|☆torinoko city
|player|p2|
