|j|☆willthekid65934
|j|☆the king of bel
|t:|1709185396
|gametype|singles
|player|p1|willthekid65934|steven|1267
|player|p2|the king of bel|169|1463
|teamsize|p1|6
|teamsize|p2|6
|gen|5
|tier|[Gen 5] OU
|rated|
|rule|Species Clause: Limit one of each Pokémon
|rule|OHKO Clause: OHKO moves are banned
|rule|Moody Clause: Moody is banned
|rule|Evasion Items Clause: Evasion items are banned
|rule|Evasion Moves Clause: Evasion moves are banned
|rule|Endless Battle Clause: Forcing endless battles is banned
|rule|HP Percentage Mod: HP is shown in percentages
|rule|Evasion Abilities Clause: Evasion abilities are banned
|rule|Sleep Moves Clause: Sleep-inducing moves are banned
|rule|Swagger Clause: Swagger is banned
|rule|Baton Pass Stat Clause: No Baton Passer may have a way to boost its stats
|clearpoke
|poke|p1|Gliscor, F|item
|poke|p1|Tyranitar, F|item
|poke|p1|Mamoswine, M|item
|poke|p1|Keldeo|item
|poke|p1|Amoonguss, F|item
|poke|p1|Excadrill, M|item
|poke|p2|Alakazam, F|item
|poke|p2|Reuniclus, M|item
|poke|p2|Tyranitar, F|item
|poke|p2|Hydreigon, F|item
|poke|p2|Landorus-Therian, M|item
|poke|p2|Rotom-Wash|item
|teampreview
|inactive|Battle timer is ON: inactive players will automatically lose when time's up. (requested by willthekid65934)
|
|t:|1709185407
|start
|switch|p1a: Dracula|Gliscor, F|100/100
|switch|p2a: Rotom|Rotom-Wash|100/100
|turn|1
|
|t:|1709185412
|move|p1a: Dracula|Protect|p1a: Dracula
|-singleturn|p1a: Dracula|Protect
|move|p2a: Rotom|Hydro Pump|p1a: Dracula
|-activate|p1a: Dracula|move: Protect
|
|-status|p1a: Dracula|tox|[from] item: Toxic Orb
|upkeep
|turn|2
|
|t:|1709185417
|switch|p2a: Hydreigon|Hydreigon, F, shiny|100/100
|switch|p1a: Mushroom man|Amoonguss, F|100/100
|
|upkeep
|turn|3
|
|t:|1709185423
|move|p2a: Hydreigon|Fire Blast|p1a: Mushroom man
|-supereffective|p1a: Mushroom man
|-damage|p1a: Mushroom man|7/100
|move|p1a: Mushroom man|Stun Spore|p2a: Hydreigon
|-status|p2a: Hydreigon|par
|
|-heal|p1a: Mushroom man|13/100|[from] item: Black Sludge
|upkeep
|turn|4
|
|t:|1709185428
|switch|p1a: Godzilla|Tyranitar, F|100/100
|-weather|Sandstorm|[from] ability: Sand Stream|[of] p1a: Godzilla
|switch|p2a: Rotom|Rotom-Wash|100/100
|
|-weather|Sandstorm|[upkeep]
|-damage|p2a: Rotom|95/100|[from] Sandstorm
|upkeep
|turn|5
|
|t:|1709185435
|switch|p1a: Mushroom man|Amoonguss, F|47/100
|move|p2a: Rotom|Hydro Pump|p1a: Mushroom man
|-resisted|p1a: Mushroom man
|-damage|p1a: Mushroom man|17/100
|
|-weather|Sandstorm|[upkeep]
|-damage|p2a: Rotom|89/100|[from] Sandstorm
|-damage|p1a: Mushroom man|11/100|[from] Sandstorm
|-heal|p1a: Mushroom man|17/100|[from] item: Black Sludge
|upkeep
|turn|6
|
|t:|1709185438
|move|p2a: Rotom|Hydro Pump|p1a: Mushroom man
|-resisted|p1a: Mushroom man
|-damage|p1a: Mushroom man|0 fnt
|faint|p1a: Mushroom man
|
|-weather|Sandstorm|[upkeep]
|-damage|p2a: Rotom|83/100|[from] Sandstorm
|upkeep
|
|t:|1709185459
|switch|p1a: kirin|Keldeo|100/100
|turn|7
|
|t:|1709185468
|switch|p2a: Tyranitar|Tyranitar, F|100/100
|move|p1a: kirin|Toxic|p2a: Tyranitar
|-status|p2a: Tyranitar|tox
|
|-weather|Sandstorm|[upkeep]
|-damage|p1a: kirin|94/100|[from] Sandstorm
|-heal|p1a: kirin|100/100|[from] item: Leftovers
|-damage|p2a: Tyranitar|94/100 tox|[from] psn
|upkeep
|turn|8
|
|t:|1709185471
|move|p1a: kirin|Secret Sword|p2a: Tyranitar
|-supereffective|p2a: Tyranitar
|-enditem|p2a: Tyranitar|Chople Berry|[eat]
|-enditem|p2a: Tyranitar|Chople Berry|[weaken]
|-damage|p2a: Tyranitar|15/100 tox
|move|p2a: Tyranitar|Superpower|p1a: kirin
|-damage|p1a: kirin|49/100
|-unboost|p2a: Tyranitar|atk|1
|-unboost|p2a: Tyranitar|def|1
|
|-weather|Sandstorm|[upkeep]
|-damage|p1a: kirin|43/100|[from] Sandstorm
|-heal|p1a: kirin|49/100|[from] item: Leftovers
|-damage|p2a: Tyranitar|2/100 tox|[from] psn
|upkeep
|turn|9
|
|t:|1709185478
|move|p1a: kirin|Scald|p2a: Tyranitar
|-supereffective|p2a: Tyranitar
|-damage|p2a: Tyranitar|0 fnt
|faint|p2a: Tyranitar
|
|-weather|Sandstorm|[upkeep]
|-damage|p1a: kirin|43/100|[from] Sandstorm
|-heal|p1a: kirin|49/100|[from] item: Leftovers
|upkeep
|
|t:|1709185481
|switch|p2a: Alakazam|Alakazam, F|100/100
|turn|10
|
|t:|1709185487
|switch|p1a: Godzilla|Tyranitar, F|100/100
|move|p2a: Alakazam|Focus Blast|p1a: Godzilla|[miss]
|-miss|p2a: Alakazam|p1a: Godzilla
|
|-weather|Sandstorm|[upkeep]
|upkeep
|turn|11
|
|t:|1709185491
|move|p2a: Alakazam|Thunder Wave|p1a: Godzilla
|-status|p1a: Godzilla|par
|move|p1a: Godzilla|Crunch|p2a: Alakazam
|-supereffective|p2a: Alakazam
|-enditem|p2a: Alakazam|Focus Sash
|-damage|p2a: Alakazam|1/100
|
|-weather|Sandstorm|[upkeep]
|upkeep
|turn|12
|
|t:|1709185493
|move|p2a: Alakazam|Focus Blast|p1a: Godzilla
|-supereffective|p1a: Godzilla
|-enditem|p1a: Godzilla|Chople Berry|[eat]
|-enditem|p1a: Godzilla|Chople Berry|[weaken]
|-damage|p1a: Godzilla|58/100 par
|move|p1a: Godzilla|Pursuit|p2a: Alakazam
|-supereffective|p2a: Alakazam
|-crit|p2a: Alakazam
|-damage|p2a: Alakazam|0 fnt
|faint|p2a: Alakazam
|
|-weather|Sandstorm|[upkeep]
|upkeep
|
|t:|1709185504
|switch|p2a: Rotom|Rotom-Wash|83/100
|turn|13
|
|t:|1709185516
|switch|p1a: kirin|Keldeo|49/100
|move|p2a: Rotom|Hydro Pump|p1a: kirin
|-resisted|p1a: kirin
|-damage|p1a: kirin|0 fnt
|faint|p1a: kirin
|
|-weather|Sandstorm|[upkeep]
|-damage|p2a: Rotom|77/100|[from] Sandstorm
|upkeep
|
|t:|1709185529
|switch|p1a: Mole man|Excadrill, M|100/100
|turn|14
|
|t:|1709185532
|switch|p2a: Landorus|Landorus-Therian, M, shiny|100/100
|-ability|p2a: Landorus|Intimidate|boost
|-unboost|p1a: Mole man|atk|1
|move|p1a: Mole man|Protect||[still]
|-fail|p1a: Mole man
|
|-weather|Sandstorm|[upkeep]
|upkeep
|turn|15
|
|t:|1709185538
|switch|p1a: Dracula|Gliscor, F|100/100 tox
|move|p2a: Landorus|Hidden Power|p1a: Dracula
|-supereffective|p1a: Dracula
|-damage|p1a: Dracula|36/100 tox
|
|-weather|Sandstorm|[upkeep]
|-heal|p1a: Dracula|48/100 tox|[from] ability: Poison Heal
|upkeep
|turn|16
|
|t:|1709185549
|switch|p2a: Hydreigon|Hydreigon, F, shiny|100/100 par
|move|p1a: Dracula|Stealth Rock|p2a: Hydreigon
|-sidestart|p2: the king of bel|move: Stealth Rock
|
|-weather|Sandstorm|[upkeep]
|-damage|p2a: Hydreigon|94/100 par|[from] Sandstorm
|-heal|p1a: Dracula|61/100 tox|[from] ability: Poison Heal
|upkeep
|turn|17
|
|t:|1709185552
|move|p1a: Dracula|Protect|p1a: Dracula
|-singleturn|p1a: Dracula|Protect
|cant|p2a: Hydreigon|par
|
|-weather|Sandstorm|[upkeep]
|-damage|p2a: Hydreigon|88/100 par|[from] Sandstorm
|-heal|p1a: Dracula|73/100 tox|[from] ability: Poison Heal
|upkeep
|turn|18
|
|t:|1709185556
|move|p1a: Dracula|U-turn|p2a: Hydreigon
|-supereffective|p2a: Hydreigon
|-damage|p2a: Hydreigon|52/100 par
|j| SKT T1 Motherfaker
|
|t:|1709185562
|switch|p1a: Mole man|Excadrill, M|100/100|[from] U-turn
|cant|p2a: Hydreigon|par
|
|-weather|Sandstorm|[upkeep]
|-damage|p2a: Hydreigon|46/100 par|[from] Sandstorm
|upkeep
|turn|19
|
|t:|1709185571
|move|p1a: Mole man|Iron Head|p2a: Hydreigon
|-damage|p2a: Hydreigon|0 fnt
|faint|p2a: Hydreigon
|
|-weather|Sandstorm|[upkeep]
|upkeep
|
|t:|1709185586
|switch|p2a: Rotom|Rotom-Wash|77/100
|-damage|p2a: Rotom|64/100|[from] Stealth Rock
|turn|20
|-message|the king of bel forfeited.
|
|win|willthekid65934
|raw|willthekid65934's rating: 1267 &rarr; <strong>1305</strong><br />(+38 for winning)
|raw|the king of bel's rating: 1463 &rarr; <strong>1433</strong><br />(-30 for losing)
|l|☆the king of bel
|player|p2|
|c|☆willthekid65934|I felt like rotom was scarf
|c|☆willthekid65934|But im not sure
|c|☆willthekid65934|Maybe specs
