|j|☆Blossummm
|j|☆Ryan Cowtinho
|t:|1716413447
|gametype|singles
|player|p1|Blossummm|roxie|1423
|player|p2|Ryan Cowtinho|li|1407
|teamsize|p1|6
|teamsize|p2|6
|gen|5
|tier|[Gen 5] OU
|rated|
|rule|Species Clause: Limit one of each Pokémon
|rule|OHKO Clause: OHKO moves are banned
|rule|Moody Clause: Moody is banned
|rule|Evasion Items Clause: Evasion items are banned
|rule|Evasion Moves Clause: Evasion moves are banned
|rule|Endless Battle Clause: Forcing endless battles is banned
|rule|HP Percentage Mod: HP is shown in percentages
|rule|Evasion Abilities Clause: Evasion abilities are banned
|rule|Sleep Moves Clause: Sleep-inducing moves are banned
|rule|Swagger Clause: Swagger is banned
|rule|Baton Pass Stat Clause: No Baton Passer may have a way to boost its stats
|clearpoke
|poke|p1|Tyranitar, F|item
|poke|p1|Alakazam, F|item
|poke|p1|Latios, M|item
|poke|p1|Ferrothorn, F|item
|poke|p1|Keldeo|item
|poke|p1|Landorus-Therian, M|item
|poke|p2|Tyranitar, F|item
|poke|p2|Breloom, F|item
|poke|p2|Excadrill, F|item
|poke|p2|Latios, M|item
|poke|p2|Slowbro, F|item
|poke|p2|Garchomp, F|item
|teampreview
|inactive|Battle timer is ON: inactive players will automatically lose when time's up. (requested by Blossummm)
|
|t:|1716413489
|start
|switch|p1a: Landorus|Landorus-Therian, M|100/100
|switch|p2a: Breloom|Breloom, F|100/100
|-ability|p1a: Landorus|Intimidate|boost
|-unboost|p2a: Breloom|atk|1
|turn|1
|
|t:|1716413495
|move|p1a: Landorus|Stealth Rock|p2a: Breloom
|-sidestart|p2: Ryan Cowtinho|move: Stealth Rock
|move|p2a: Breloom|Swords Dance|p2a: Breloom
|-boost|p2a: Breloom|atk|2
|
|-status|p2a: Breloom|tox|[from] item: Toxic Orb
|upkeep
|turn|2
|
|t:|1716413498
|move|p1a: Landorus|Hidden Power|p2a: Breloom
|-supereffective|p2a: Breloom
|-damage|p2a: Breloom|65/100 tox
|move|p2a: Breloom|Facade|p1a: Landorus
|-crit|p1a: Landorus
|-damage|p1a: Landorus|0 fnt
|faint|p1a: Landorus
|
|-heal|p2a: Breloom|77/100 tox|[from] ability: Poison Heal
|upkeep
|
|t:|1716413505
|switch|p1a: Alakazam|Alakazam, F|100/100
|turn|3
|
|t:|1716413508
|move|p2a: Breloom|Protect|p2a: Breloom
|-singleturn|p2a: Breloom|Protect
|move|p1a: Alakazam|Psychic|p2a: Breloom
|-activate|p2a: Breloom|move: Protect
|
|-heal|p2a: Breloom|90/100 tox|[from] ability: Poison Heal
|upkeep
|turn|4
|
|t:|1716413511
|switch|p2a: Tyranitar|Tyranitar, F|100/100
|-damage|p2a: Tyranitar|88/100|[from] Stealth Rock
|-weather|Sandstorm|[from] ability: Sand Stream|[of] p2a: Tyranitar
|move|p1a: Alakazam|Psychic|p2a: Tyranitar
|-immune|p2a: Tyranitar
|
|-weather|Sandstorm|[upkeep]
|upkeep
|turn|5
|
|t:|1716413516
|move|p1a: Alakazam|Grass Knot|p2a: Tyranitar
|-supereffective|p2a: Tyranitar
|-damage|p2a: Tyranitar|32/100
|move|p2a: Tyranitar|Thunder Wave|p1a: Alakazam
|-status|p1a: Alakazam|par
|
|-weather|Sandstorm|[upkeep]
|upkeep
|turn|6
|
|t:|1716413519
|move|p2a: Tyranitar|Pursuit|p1a: Alakazam
|-supereffective|p1a: Alakazam
|-damage|p1a: Alakazam|4/100 par
|move|p1a: Alakazam|Grass Knot|p2a: Tyranitar
|-supereffective|p2a: Tyranitar
|-damage|p2a: Tyranitar|0 fnt
|faint|p2a: Tyranitar
|
|-weather|Sandstorm|[upkeep]
|upkeep
|
|t:|1716413523
|switch|p2a: Excadrill|Excadrill, F|100/100
|-damage|p2a: Excadrill|97/100|[from] Stealth Rock
|turn|7
|
|t:|1716413525
|move|p2a: Excadrill|Rapid Spin|p1a: Alakazam
|-damage|p1a: Alakazam|0 fnt
|-sideend|p2: Ryan Cowtinho|Stealth Rock|[from] move: Rapid Spin|[of] p2a: Excadrill
|faint|p1a: Alakazam
|
|-weather|Sandstorm|[upkeep]
|-heal|p2a: Excadrill|100/100|[from] item: Leftovers
|upkeep
|
|t:|1716413533
|switch|p1a: Keldeo|Keldeo|100/100
|turn|8
|
|t:|1716413537
|switch|p2a: Slowbro|Slowbro, F|100/100
|move|p1a: Keldeo|Secret Sword|p2a: Slowbro
|-resisted|p2a: Slowbro
|-crit|p2a: Slowbro
|-damage|p2a: Slowbro|73/100
|
|-weather|Sandstorm|[upkeep]
|-damage|p1a: Keldeo|94/100|[from] Sandstorm
|-damage|p2a: Slowbro|67/100|[from] Sandstorm
|-heal|p1a: Keldeo|100/100|[from] item: Leftovers
|-heal|p2a: Slowbro|73/100|[from] item: Leftovers
|upkeep
|turn|9
|
|t:|1716413544
|move|p1a: Keldeo|Hidden Power|p2a: Slowbro
|-supereffective|p2a: Slowbro
|-damage|p2a: Slowbro|25/100
|move|p2a: Slowbro|Thunder Wave|p1a: Keldeo
|-status|p1a: Keldeo|par
|
|-weather|Sandstorm|[upkeep]
|-damage|p2a: Slowbro|19/100|[from] Sandstorm
|-damage|p1a: Keldeo|94/100 par|[from] Sandstorm
|-heal|p2a: Slowbro|25/100|[from] item: Leftovers
|-heal|p1a: Keldeo|100/100 par|[from] item: Leftovers
|upkeep
|turn|10
|
|t:|1716413552
|switch|p2a: Latios|Latios, M|100/100
|move|p1a: Keldeo|Hidden Power|p2a: Latios
|-resisted|p2a: Latios
|-damage|p2a: Latios|87/100
|
|-weather|Sandstorm|[upkeep]
|-damage|p2a: Latios|81/100|[from] Sandstorm
|-damage|p1a: Keldeo|94/100 par|[from] Sandstorm
|-heal|p1a: Keldeo|100/100 par|[from] item: Leftovers
|upkeep
|turn|11
|
|t:|1716413557
|cant|p1a: Keldeo|par
|move|p2a: Latios|Trick|p1a: Keldeo
|-activate|p2a: Latios|move: Trick|[of] p1a: Keldeo
|-item|p1a: Keldeo|Choice Scarf|[from] move: Trick
|-item|p2a: Latios|Leftovers|[from] move: Trick
|
|-weather|Sandstorm|[upkeep]
|-damage|p2a: Latios|75/100|[from] Sandstorm
|-damage|p1a: Keldeo|94/100 par|[from] Sandstorm
|-heal|p2a: Latios|81/100|[from] item: Leftovers
|upkeep
|turn|12
|
|t:|1716413567
|switch|p1a: Ferrothorn|Ferrothorn, F|100/100
|move|p2a: Latios|Dragon Pulse|p1a: Ferrothorn
|-resisted|p1a: Ferrothorn
|-damage|p1a: Ferrothorn|82/100
|
|-weather|Sandstorm|[upkeep]
|-damage|p2a: Latios|75/100|[from] Sandstorm
|-heal|p2a: Latios|81/100|[from] item: Leftovers
|upkeep
|turn|13
|
|t:|1716413572
|switch|p2a: Excadrill|Excadrill, F|100/100
|move|p1a: Ferrothorn|Spikes|p2a: Excadrill
|-sidestart|p2: Ryan Cowtinho|Spikes
|
|-weather|Sandstorm|[upkeep]
|upkeep
|turn|14
|
|t:|1716413577
|move|p2a: Excadrill|Earthquake|p1a: Ferrothorn
|-damage|p1a: Ferrothorn|31/100
|move|p1a: Ferrothorn|Power Whip|p2a: Excadrill
|-crit|p2a: Excadrill
|-damage|p2a: Excadrill|0 fnt
|faint|p2a: Excadrill
|
|-weather|Sandstorm|[upkeep]
|upkeep
|
|t:|1716413582
|switch|p2a: Breloom|Breloom, F|90/100 tox
|-damage|p2a: Breloom|77/100 tox|[from] Spikes
|turn|15
|
|t:|1716413585
|move|p2a: Breloom|Drain Punch|p1a: Ferrothorn
|-supereffective|p1a: Ferrothorn
|-crit|p1a: Ferrothorn
|-damage|p1a: Ferrothorn|0 fnt
|-heal|p2a: Breloom|94/100 tox|[from] drain|[of] p1a: Ferrothorn
|-damage|p2a: Breloom|82/100 tox|[from] ability: Iron Barbs|[of] p1a: Ferrothorn
|faint|p1a: Ferrothorn
|
|-weather|Sandstorm|[upkeep]
|-damage|p2a: Breloom|75/100 tox|[from] Sandstorm
|-heal|p2a: Breloom|88/100 tox|[from] ability: Poison Heal
|upkeep
|
|t:|1716413600
|switch|p1a: Keldeo|Keldeo|94/100 par
|turn|16
|
|t:|1716413604
|move|p2a: Breloom|Protect|p2a: Breloom
|-singleturn|p2a: Breloom|Protect
|move|p1a: Keldeo|Secret Sword|p2a: Breloom
|-activate|p2a: Breloom|move: Protect
|
|-weather|Sandstorm|[upkeep]
|-damage|p2a: Breloom|82/100 tox|[from] Sandstorm
|-damage|p1a: Keldeo|88/100 par|[from] Sandstorm
|-heal|p2a: Breloom|94/100 tox|[from] ability: Poison Heal
|upkeep
|turn|17
|
|t:|1716413608
|move|p2a: Breloom|Swords Dance|p2a: Breloom
|-boost|p2a: Breloom|atk|2
|move|p1a: Keldeo|Secret Sword|p2a: Breloom
|-damage|p2a: Breloom|40/100 tox
|
|-weather|Sandstorm|[upkeep]
|-damage|p2a: Breloom|34/100 tox|[from] Sandstorm
|-damage|p1a: Keldeo|82/100 par|[from] Sandstorm
|-heal|p2a: Breloom|46/100 tox|[from] ability: Poison Heal
|upkeep
|turn|18
|
|t:|1716413612
|move|p2a: Breloom|Protect|p2a: Breloom
|-singleturn|p2a: Breloom|Protect
|cant|p1a: Keldeo|par
|
|-weather|Sandstorm|[upkeep]
|-damage|p2a: Breloom|40/100 tox|[from] Sandstorm
|-damage|p1a: Keldeo|76/100 par|[from] Sandstorm
|-heal|p2a: Breloom|52/100 tox|[from] ability: Poison Heal
|upkeep
|turn|19
|
|t:|1716413615
|switch|p2a: Slowbro|Slowbro, F|58/100
|-damage|p2a: Slowbro|46/100|[from] Spikes
|move|p1a: Keldeo|Secret Sword|p2a: Slowbro
|-resisted|p2a: Slowbro
|-damage|p2a: Slowbro|33/100
|
|-weather|Sandstorm|[upkeep]
|-damage|p1a: Keldeo|70/100 par|[from] Sandstorm
|-damage|p2a: Slowbro|26/100|[from] Sandstorm
|-heal|p2a: Slowbro|33/100|[from] item: Leftovers
|upkeep
|turn|20
|
|t:|1716413619
|switch|p1a: Tyranitar|Tyranitar, F, shiny|100/100
|move|p2a: Slowbro|Slack Off|p2a: Slowbro
|-heal|p2a: Slowbro|83/100
|
|-weather|Sandstorm|[upkeep]
|-damage|p2a: Slowbro|77/100|[from] Sandstorm
|-heal|p2a: Slowbro|83/100|[from] item: Leftovers
|upkeep
|turn|21
|
|t:|1716413624
|switch|p2a: Breloom|Breloom, F|52/100 tox
|-damage|p2a: Breloom|40/100 tox|[from] Spikes
|move|p1a: Tyranitar|Crunch|p2a: Breloom
|-resisted|p2a: Breloom
|-damage|p2a: Breloom|13/100 tox
|
|-weather|Sandstorm|[upkeep]
|-damage|p2a: Breloom|6/100 tox|[from] Sandstorm
|-heal|p2a: Breloom|19/100 tox|[from] ability: Poison Heal
|upkeep
|turn|22
|
|t:|1716413631
|move|p2a: Breloom|Drain Punch|p1a: Tyranitar
|-supereffective|p1a: Tyranitar
|-enditem|p1a: Tyranitar|Chople Berry|[eat]
|-enditem|p1a: Tyranitar|Chople Berry|[weaken]
|-damage|p1a: Tyranitar|53/100
|-heal|p2a: Breloom|49/100 tox|[from] drain|[of] p1a: Tyranitar
|move|p1a: Tyranitar|Crunch|p2a: Breloom
|-resisted|p2a: Breloom
|-damage|p2a: Breloom|26/100 tox
|
|-weather|Sandstorm|[upkeep]
|-damage|p2a: Breloom|20/100 tox|[from] Sandstorm
|-heal|p2a: Breloom|32/100 tox|[from] ability: Poison Heal
|upkeep
|turn|23
|
|t:|1716413637
|switch|p1a: Latios|Latios, M|100/100
|move|p2a: Breloom|Drain Punch|p1a: Latios
|-resisted|p1a: Latios
|-damage|p1a: Latios|77/100
|-heal|p2a: Breloom|43/100 tox|[from] drain|[of] p1a: Latios
|
|-weather|Sandstorm|[upkeep]
|-damage|p1a: Latios|71/100|[from] Sandstorm
|-damage|p2a: Breloom|37/100 tox|[from] Sandstorm
|-heal|p2a: Breloom|50/100 tox|[from] ability: Poison Heal
|upkeep
|turn|24
|
|t:|1716413640
|move|p2a: Breloom|Protect|p2a: Breloom
|-singleturn|p2a: Breloom|Protect
|move|p1a: Latios|Draco Meteor|p2a: Breloom
|-activate|p2a: Breloom|move: Protect
|
|-weather|Sandstorm|[upkeep]
|-damage|p1a: Latios|65/100|[from] Sandstorm
|-damage|p2a: Breloom|43/100 tox|[from] Sandstorm
|-heal|p2a: Breloom|56/100 tox|[from] ability: Poison Heal
|upkeep
|turn|25
|
|t:|1716413650
|switch|p2a: Garchomp|Garchomp, F|100/100
|-damage|p2a: Garchomp|88/100|[from] Spikes
|move|p1a: Latios|Draco Meteor|p2a: Garchomp
|-supereffective|p2a: Garchomp
|-crit|p2a: Garchomp
|-damage|p2a: Garchomp|0 fnt
|-unboost|p1a: Latios|spa|2
|faint|p2a: Garchomp
|
|-weather|Sandstorm|[upkeep]
|-damage|p1a: Latios|59/100|[from] Sandstorm
|upkeep
|
|t:|1716413654
|switch|p2a: Slowbro|Slowbro, F|100/100
|-damage|p2a: Slowbro|88/100|[from] Spikes
|turn|26
|
|t:|1716413662
|switch|p1a: Tyranitar|Tyranitar, F, shiny|53/100
|move|p2a: Slowbro|Scald|p1a: Tyranitar
|-supereffective|p1a: Tyranitar
|-damage|p1a: Tyranitar|28/100
|-status|p1a: Tyranitar|brn
|
|-weather|Sandstorm|[upkeep]
|-damage|p2a: Slowbro|82/100|[from] Sandstorm
|-heal|p2a: Slowbro|88/100|[from] item: Leftovers
|-damage|p1a: Tyranitar|15/100 brn|[from] brn
|upkeep
|turn|27
|
|t:|1716413665
|move|p1a: Tyranitar|Crunch|p2a: Slowbro
|-supereffective|p2a: Slowbro
|-damage|p2a: Slowbro|66/100
|move|p2a: Slowbro|Scald|p1a: Tyranitar
|-supereffective|p1a: Tyranitar
|-damage|p1a: Tyranitar|0 fnt
|faint|p1a: Tyranitar
|
|-weather|Sandstorm|[upkeep]
|-damage|p2a: Slowbro|60/100|[from] Sandstorm
|-heal|p2a: Slowbro|66/100|[from] item: Leftovers
|upkeep
|
|t:|1716413670
|switch|p1a: Keldeo|Keldeo|70/100 par
|turn|28
|
|t:|1716413676
|switch|p2a: Breloom|Breloom, F|56/100 tox
|-damage|p2a: Breloom|43/100 tox|[from] Spikes
|cant|p1a: Keldeo|par
|
|-weather|Sandstorm|[upkeep]
|-damage|p2a: Breloom|37/100 tox|[from] Sandstorm
|-damage|p1a: Keldeo|63/100 par|[from] Sandstorm
|-heal|p2a: Breloom|50/100 tox|[from] ability: Poison Heal
|upkeep
|turn|29
|
|t:|1716413679
|move|p2a: Breloom|Facade|p1a: Keldeo
|-damage|p1a: Keldeo|15/100 par
|cant|p1a: Keldeo|par
|
|-weather|Sandstorm|[upkeep]
|-damage|p2a: Breloom|43/100 tox|[from] Sandstorm
|-damage|p1a: Keldeo|9/100 par|[from] Sandstorm
|-heal|p2a: Breloom|56/100 tox|[from] ability: Poison Heal
|upkeep
|turn|30
|
|t:|1716413684
|move|p2a: Breloom|Swords Dance|p2a: Breloom
|-boost|p2a: Breloom|atk|2
|cant|p1a: Keldeo|par
|
|-weather|Sandstorm|[upkeep]
|-damage|p2a: Breloom|50/100 tox|[from] Sandstorm
|-damage|p1a: Keldeo|2/100 par|[from] Sandstorm
|-heal|p2a: Breloom|62/100 tox|[from] ability: Poison Heal
|upkeep
|turn|31
|
|t:|1716413690
|move|p2a: Breloom|Swords Dance|p2a: Breloom
|-boost|p2a: Breloom|atk|2
|move|p1a: Keldeo|Secret Sword|p2a: Breloom
|-damage|p2a: Breloom|6/100 tox
|
|-weather|Sandstorm|[upkeep]
|-damage|p2a: Breloom|0 fnt|[from] Sandstorm
|-damage|p1a: Keldeo|0 fnt|[from] Sandstorm
|faint|p2a: Breloom
|faint|p1a: Keldeo
|upkeep
|
|t:|1716413700
|switch|p1a: Latios|Latios, M|59/100
|switch|p2a: Latios|Latios, M|81/100
|turn|32
|inactive|Blossummm has 120 seconds left.
|
|t:|1716413738
|move|p1a: Latios|Dragon Pulse|p2a: Latios
|-supereffective|p2a: Latios
|-damage|p2a: Latios|0 fnt
|faint|p2a: Latios
|
|-weather|Sandstorm|[upkeep]
|-damage|p1a: Latios|53/100|[from] Sandstorm
|upkeep
|
|t:|1716413744
|switch|p2a: Slowbro|Slowbro, F|99/100
|-damage|p2a: Slowbro|87/100|[from] Spikes
|turn|33
|
|t:|1716413746
|move|p1a: Latios|Dragon Pulse|p2a: Slowbro
|-damage|p2a: Slowbro|36/100
|move|p2a: Slowbro|Thunder Wave|p1a: Latios
|-status|p1a: Latios|par
|
|-weather|Sandstorm|[upkeep]
|-damage|p1a: Latios|47/100 par|[from] Sandstorm
|-damage|p2a: Slowbro|30/100|[from] Sandstorm
|-heal|p2a: Slowbro|36/100|[from] item: Leftovers
|upkeep
|turn|34
|
|t:|1716413749
|move|p1a: Latios|Dragon Pulse|p2a: Slowbro
|-crit|p2a: Slowbro
|-damage|p2a: Slowbro|0 fnt
|faint|p2a: Slowbro
|
|win|Blossummm
|raw|Blossummm's rating: 1423 &rarr; <strong>1442</strong><br />(+19 for winning)
|raw|Ryan Cowtinho's rating: 1407 &rarr; <strong>1388</strong><br />(-19 for losing)
