|j|☆Dark-J-k_78
|j|☆bendanlight
|t:|1732005553
|gametype|singles
|player|p1|Dark-J-k_78|hilda|1344
|player|p2|bendanlight|erika|1279
|teamsize|p1|6
|teamsize|p2|6
|gen|5
|tier|[Gen 5] OU
|rated|
|rule|Species Clause: Limit one of each Pokémon
|rule|OHKO Clause: OHKO moves are banned
|rule|Moody Clause: Moody is banned
|rule|Evasion Items Clause: Evasion items are banned
|rule|Evasion Moves Clause: Evasion moves are banned
|rule|Endless Battle Clause: Forcing endless battles is banned
|rule|HP Percentage Mod: HP is shown in percentages
|rule|Evasion Abilities Clause: Evasion abilities are banned
|rule|Sleep Moves Clause: Sleep-inducing moves are banned
|rule|Swagger Clause: Swagger is banned
|rule|Baton Pass Stat Clause: No Baton Passer may have a way to boost its stats
|clearpoke
|poke|p1|Victini|item
|poke|p1|Scizor, M|item
|poke|p1|Weavile, M|item
|poke|p1|Garchomp, F|item
|poke|p1|Tentacruel, M|item
|poke|p1|Thundurus-Therian, M|item
|poke|p2|Lucario, M|item
|poke|p2|Heatran, F|item
|poke|p2|Dragonite, M|item
|poke|p2|Mamoswine, M|item
|poke|p2|Tentacruel, F|item
|poke|p2|Celebi|item
|teampreview
|
|t:|1732005568
|start
|switch|p1a: Victini|Victini|100/100
|switch|p2a: Mamoswine|Mamoswine, M|100/100
|turn|1
|
|t:|1732005571
|move|p2a: Mamoswine|Earthquake|p1a: Victini
|-supereffective|p1a: Victini
|-damage|p1a: Victini|0 fnt
|faint|p1a: Victini
|
|upkeep
|
|t:|1732005580
|switch|p1a: Thundurus|Thundurus-Therian, M|100/100
|turn|2
|
|t:|1732005583
|switch|p2a: Celebi|Celebi|100/100
|move|p1a: Thundurus|Thunderbolt|p2a: Celebi
|-resisted|p2a: Celebi
|-damage|p2a: Celebi|78/100
|
|-heal|p2a: Celebi|84/100|[from] item: Leftovers
|upkeep
|turn|3
|
|t:|1732005591
|switch|p1a: Weavile|Weavile, M|100/100
|move|p2a: Celebi|Leech Seed|p1a: Weavile
|-start|p1a: Weavile|move: Leech Seed
|
|-heal|p2a: Celebi|90/100|[from] item: Leftovers
|-damage|p1a: Weavile|88/100|[from] Leech Seed|[of] p2a: Celebi
|-heal|p2a: Celebi|99/100|[silent]
|upkeep
|turn|4
|
|t:|1732005596
|move|p1a: Weavile|Pursuit|p2a: Celebi
|-supereffective|p2a: Celebi
|-damage|p2a: Celebi|63/100
|move|p2a: Celebi|U-turn|p1a: Weavile
|-supereffective|p1a: Weavile
|-damage|p1a: Weavile|47/100
|
|t:|1732005605
|switch|p2a: Lucario|Lucario, M|100/100|[from] U-turn
|
|-damage|p1a: Weavile|34/100|[from] Leech Seed|[of] p2a: Lucario
|upkeep
|turn|5
|
|t:|1732005612
|switch|p1a: Tentacruel|Tentacruel, M|100/100
|-item|p1a: Tentacruel|Air Balloon
|move|p2a: Lucario|Shadow Ball|p1a: Tentacruel
|-damage|p1a: Tentacruel|72/100
|-enditem|p1a: Tentacruel|Air Balloon
|-damage|p2a: Lucario|91/100|[from] item: Life Orb
|
|upkeep
|turn|6
|
|t:|1732005618
|switch|p2a: Celebi|Celebi|63/100
|move|p1a: Tentacruel|Scald|p2a: Celebi
|-resisted|p2a: Celebi
|-damage|p2a: Celebi|54/100
|
|-heal|p2a: Celebi|60/100|[from] item: Leftovers
|upkeep
|turn|7
|
|t:|1732005626
|move|p1a: Tentacruel|Ice Beam|p2a: Celebi
|-supereffective|p2a: Celebi
|-damage|p2a: Celebi|32/100
|move|p2a: Celebi|U-turn|p1a: Tentacruel
|-resisted|p1a: Tentacruel
|-damage|p1a: Tentacruel|64/100
|
|t:|1732005632
|switch|p2a: Heatran|Heatran, F|100/100|[from] U-turn
|
|upkeep
|turn|8
|
|t:|1732005635
|switch|p1a: Garchomp|Garchomp, F|100/100
|move|p2a: Heatran|Stealth Rock|p1a: Garchomp
|-sidestart|p1: Dark-J-k_78|move: Stealth Rock
|
|upkeep
|turn|9
|
|t:|1732005638
|move|p1a: Garchomp|Stealth Rock|p2a: Heatran
|-sidestart|p2: bendanlight|move: Stealth Rock
|move|p2a: Heatran|Will-O-Wisp|p1a: Garchomp
|-status|p1a: Garchomp|brn
|
|-damage|p1a: Garchomp|88/100 brn|[from] brn
|upkeep
|turn|10
|
|t:|1732005646
|switch|p2a: Celebi|Celebi|32/100
|-damage|p2a: Celebi|20/100|[from] Stealth Rock
|move|p1a: Garchomp|Swords Dance|p1a: Garchomp
|-boost|p1a: Garchomp|atk|2
|
|-heal|p2a: Celebi|26/100|[from] item: Leftovers
|-damage|p1a: Garchomp|76/100 brn|[from] brn
|upkeep
|turn|11
|
|t:|1732005648
|move|p1a: Garchomp|Earthquake|p2a: Celebi
|-resisted|p2a: Celebi
|-damage|p2a: Celebi|6/100
|move|p2a: Celebi|Recover|p2a: Celebi
|-heal|p2a: Celebi|56/100
|
|-heal|p2a: Celebi|62/100|[from] item: Leftovers
|-damage|p1a: Garchomp|64/100 brn|[from] brn
|upkeep
|turn|12
|
|t:|1732005651
|move|p1a: Garchomp|Swords Dance|p1a: Garchomp
|-boost|p1a: Garchomp|atk|2
|move|p2a: Celebi|Leech Seed|p1a: Garchomp
|-start|p1a: Garchomp|move: Leech Seed
|
|-heal|p2a: Celebi|69/100|[from] item: Leftovers
|-damage|p1a: Garchomp|51/100 brn|[from] Leech Seed|[of] p2a: Celebi
|-heal|p2a: Celebi|79/100|[silent]
|-damage|p1a: Garchomp|39/100 brn|[from] brn
|upkeep
|turn|13
|
|t:|1732005654
|move|p1a: Garchomp|Outrage|p2a: Celebi
|-damage|p2a: Celebi|15/100
|move|p2a: Celebi|Recover|p2a: Celebi
|-heal|p2a: Celebi|65/100
|
|-heal|p2a: Celebi|71/100|[from] item: Leftovers
|-damage|p1a: Garchomp|27/100 brn|[from] Leech Seed|[of] p2a: Celebi
|-heal|p2a: Celebi|82/100|[silent]
|-damage|p1a: Garchomp|14/100 brn|[from] brn
|upkeep
|turn|14
|
|t:|1732005661
|move|p1a: Garchomp|Outrage|p2a: Celebi|[from]lockedmove
|-damage|p2a: Celebi|10/100
|move|p2a: Celebi|Recover|p2a: Celebi
|-heal|p2a: Celebi|60/100
|
|-heal|p2a: Celebi|66/100|[from] item: Leftovers
|-damage|p1a: Garchomp|2/100 brn|[from] Leech Seed|[of] p2a: Celebi
|-heal|p2a: Celebi|77/100|[silent]
|-damage|p1a: Garchomp|0 fnt|[from] brn
|faint|p1a: Garchomp
|upkeep
|
|t:|1732005666
|switch|p1a: Weavile|Weavile, M|34/100
|-damage|p1a: Weavile|9/100|[from] Stealth Rock
|turn|15
|
|t:|1732005674
|switch|p2a: Tentacruel|Tentacruel, F|100/100
|-damage|p2a: Tentacruel|88/100|[from] Stealth Rock
|move|p1a: Weavile|Beat Up|p2a: Tentacruel
|-damage|p2a: Tentacruel|76/100
|-damage|p2a: Tentacruel|61/100
|-damage|p2a: Tentacruel|50/100
|-damage|p2a: Tentacruel|41/100
|-hitcount|p2a: Tentacruel|4
|
|-heal|p2a: Tentacruel|47/100|[from] item: Black Sludge
|upkeep
|turn|16
|
|t:|1732005683
|move|p1a: Weavile|Beat Up|p2a: Tentacruel
|-damage|p2a: Tentacruel|34/100
|-damage|p2a: Tentacruel|21/100
|-damage|p2a: Tentacruel|8/100
|-damage|p2a: Tentacruel|0 fnt
|faint|p2a: Tentacruel
|-hitcount|p2: Tentacruel|4
|
|upkeep
|
|t:|1732005689
|switch|p2a: Lucario|Lucario, M|91/100
|-damage|p2a: Lucario|88/100|[from] Stealth Rock
|turn|17
|
|t:|1732005693
|move|p1a: Weavile|Ice Shard|p2a: Lucario
|-resisted|p2a: Lucario
|-damage|p2a: Lucario|71/100
|move|p2a: Lucario|Nasty Plot|p2a: Lucario
|-boost|p2a: Lucario|spa|2
|
|upkeep
|turn|18
|
|t:|1732005701
|move|p1a: Weavile|Ice Shard|p2a: Lucario
|-resisted|p2a: Lucario
|-damage|p2a: Lucario|55/100
|move|p2a: Lucario|Vacuum Wave|p1a: Weavile
|-supereffective|p1a: Weavile
|-damage|p1a: Weavile|0 fnt
|faint|p1a: Weavile
|-damage|p2a: Lucario|45/100|[from] item: Life Orb
|
|upkeep
|
|t:|1732005710
|switch|p1a: Thundurus|Thundurus-Therian, M|100/100
|-damage|p1a: Thundurus|76/100|[from] Stealth Rock
|turn|19
|
|t:|1732005714
|move|p1a: Thundurus|Thunderbolt|p2a: Lucario
|-damage|p2a: Lucario|0 fnt
|faint|p2a: Lucario
|
|upkeep
|
|t:|1732005722
|switch|p2a: Mamoswine|Mamoswine, M|100/100
|-damage|p2a: Mamoswine|88/100|[from] Stealth Rock
|turn|20
|
|t:|1732005725
|switch|p1a: Tentacruel|Tentacruel, M|64/100
|-damage|p1a: Tentacruel|52/100|[from] Stealth Rock
|move|p2a: Mamoswine|Icicle Crash|p1a: Tentacruel
|-resisted|p1a: Tentacruel
|-damage|p1a: Tentacruel|24/100
|
|upkeep
|turn|21
|
|t:|1732005731
|move|p2a: Mamoswine|Icicle Crash|p1a: Tentacruel
|-resisted|p1a: Tentacruel
|-damage|p1a: Tentacruel|0 fnt
|faint|p1a: Tentacruel
|
|upkeep
|
|t:|1732005734
|switch|p1a: Scizor|Scizor, M|100/100
|-damage|p1a: Scizor|88/100|[from] Stealth Rock
|turn|22
|
|t:|1732005739
|switch|p2a: Heatran|Heatran, F|100/100
|-damage|p2a: Heatran|88/100|[from] Stealth Rock
|move|p1a: Scizor|Superpower|p2a: Heatran
|-supereffective|p2a: Heatran
|-damage|p2a: Heatran|19/100
|-unboost|p1a: Scizor|atk|1
|-unboost|p1a: Scizor|def|1
|-damage|p1a: Scizor|78/100|[from] item: Life Orb
|
|-heal|p2a: Heatran|25/100|[from] item: Leftovers
|upkeep
|turn|23
|
|t:|1732005754
|switch|p1a: Thundurus|Thundurus-Therian, M|76/100
|-damage|p1a: Thundurus|51/100|[from] Stealth Rock
|move|p2a: Heatran|Lava Plume|p1a: Thundurus
|-damage|p1a: Thundurus|6/100
|-status|p1a: Thundurus|brn
|
|-heal|p2a: Heatran|31/100|[from] item: Leftovers
|-damage|p1a: Thundurus|0 fnt|[from] brn
|faint|p1a: Thundurus
|upkeep
|
|t:|1732005756
|switch|p1a: Scizor|Scizor, M|78/100
|-damage|p1a: Scizor|66/100|[from] Stealth Rock
|turn|24
|
|t:|1732005758
|move|p1a: Scizor|Superpower|p2a: Heatran
|-supereffective|p2a: Heatran
|-damage|p2a: Heatran|0 fnt
|-unboost|p1a: Scizor|atk|1
|-unboost|p1a: Scizor|def|1
|faint|p2a: Heatran
|-damage|p1a: Scizor|56/100|[from] item: Life Orb
|
|upkeep
|
|t:|1732005764
|switch|p2a: Celebi|Celebi|77/100
|-damage|p2a: Celebi|65/100|[from] Stealth Rock
|turn|25
|
|t:|1732005766
|move|p2a: Celebi|Leech Seed|p1a: Scizor
|-start|p1a: Scizor|move: Leech Seed
|move|p1a: Scizor|Swords Dance|p1a: Scizor
|-boost|p1a: Scizor|atk|2
|
|-heal|p2a: Celebi|71/100|[from] item: Leftovers
|-damage|p1a: Scizor|44/100|[from] Leech Seed|[of] p2a: Celebi
|-heal|p2a: Celebi|81/100|[silent]
|upkeep
|turn|26
|
|t:|1732005774
|move|p2a: Celebi|Giga Drain|p1a: Scizor
|-resisted|p1a: Scizor
|-damage|p1a: Scizor|36/100
|-heal|p2a: Celebi|85/100|[from] drain|[of] p1a: Scizor
|move|p1a: Scizor|Pursuit|p2a: Celebi
|-supereffective|p2a: Celebi
|-damage|p2a: Celebi|16/100
|-damage|p1a: Scizor|26/100|[from] item: Life Orb
|
|-heal|p2a: Celebi|23/100|[from] item: Leftovers
|-damage|p1a: Scizor|14/100|[from] Leech Seed|[of] p2a: Celebi
|-heal|p2a: Celebi|33/100|[silent]
|upkeep
|turn|27
|
|t:|1732005781
|move|p1a: Scizor|Bullet Punch|p2a: Celebi
|-damage|p2a: Celebi|0 fnt
|faint|p2a: Celebi
|-damage|p1a: Scizor|4/100|[from] item: Life Orb
|
|upkeep
|
|t:|1732005785
|switch|p2a: Mamoswine|Mamoswine, M|88/100
|-damage|p2a: Mamoswine|76/100|[from] Stealth Rock
|turn|28
|
|t:|1732005787
|move|p2a: Mamoswine|Ice Shard|p1a: Scizor
|-resisted|p1a: Scizor
|-damage|p1a: Scizor|0 fnt
|faint|p1a: Scizor
|
|win|bendanlight
|raw|Dark-J-k_78's rating: 1344 &rarr; <strong>1320</strong><br />(-24 for losing)
|raw|bendanlight's rating: 1279 &rarr; <strong>1309</strong><br />(+30 for winning)
