|j|☆CroCoeur
|j|☆stonya
|player|p1|CroCoeur|161
|player|p2|stonya|170
|teamsize|p1|6
|teamsize|p2|6
|gametype|singles
|gen|5
|tier|[Gen 5] OU
|rated|
|rule|Sleep Clause Mod: Limit one foe put to sleep
|rule|Species Clause: Limit one of each Pokémon
|rule|OHKO Clause: OHKO moves are banned
|rule|Moody Clause: Moody is banned
|rule|Evasion Moves Clause: Evasion moves are banned
|rule|Endless Battle Clause: Forcing endless battles is banned
|rule|HP Percentage Mod: HP is shown in percentages
|rule|Evasion Abilities Clause: Evasion abilities are banned
|rule|Baton Pass Clause: Limit one Baton Passer, can't pass Spe and other stats simultaneously
|rule|Swagger Clause: Swagger is banned
|clearpoke
|poke|p1|Politoed, M|item
|poke|p1|Vaporeon, F|item
|poke|p1|Celebi|item
|poke|p1|Ferrothorn, F|item
|poke|p1|Latios, M|item
|poke|p1|Jirachi|item
|poke|p2|Tyranitar, M|item
|poke|p2|Magnezone|item
|poke|p2|Terrakion|item
|poke|p2|Latios, M|item
|poke|p2|Scizor, F|item
|poke|p2|Landorus-Therian, M|item
|teampreview
|
|start
|switch|p1a: Politoed|Politoed, M|100/100
|switch|p2a: Pat Riely|Tyranitar, M|100/100
|-weather|RainDance|[from] ability: Drizzle|[of] p1a: Politoed
|-weather|Sandstorm|[from] ability: Sand Stream|[of] p2a: Pat Riely
|turn|1
|
|switch|p1a: Ferrothorn|Ferrothorn, F|100/100
|move|p2a: Pat Riely|Stealth Rock|p1a: Ferrothorn
|-sidestart|p1: CroCoeur|move: Stealth Rock
|
|-weather|Sandstorm|[upkeep]
|upkeep
|turn|2
|
|switch|p2a: Ray Allen|Magnezone|100/100
|move|p1a: Ferrothorn|Leech Seed|p2a: Ray Allen
|-start|p2a: Ray Allen|move: Leech Seed
|
|-weather|Sandstorm|[upkeep]
|-damage|p2a: Ray Allen|88/100|[from] Leech Seed|[of] p1a: Ferrothorn
|upkeep
|turn|3
|
|move|p2a: Ray Allen|Hidden Power|p1a: Ferrothorn
|-supereffective|p1a: Ferrothorn
|-damage|p1a: Ferrothorn|31/100
|move|p1a: Ferrothorn|Stealth Rock|p2a: Ray Allen
|-sidestart|p2: stonya|move: Stealth Rock
|
|-weather|Sandstorm|[upkeep]
|-heal|p2a: Ray Allen|94/100|[from] item: Leftovers
|-heal|p1a: Ferrothorn|37/100|[from] item: Leftovers
|-damage|p2a: Ray Allen|82/100|[from] Leech Seed|[of] p1a: Ferrothorn
|-heal|p1a: Ferrothorn|47/100|[silent]
|upkeep
|turn|4
|
|move|p2a: Ray Allen|Hidden Power|p1a: Ferrothorn
|-supereffective|p1a: Ferrothorn
|-damage|p1a: Ferrothorn|0
|faint|p1a: Ferrothorn
|
|-weather|Sandstorm|[upkeep]
|-heal|p2a: Ray Allen|88/100|[from] item: Leftovers
|upkeep
|
|switch|p1a: Politoed|Politoed, M|100/100
|-damage|p1a: Politoed|88/100|[from] Stealth Rock
|-weather|RainDance|[from] ability: Drizzle|[of] p1a: Politoed
|turn|5
|
|switch|p2a: Pat Riely|Tyranitar, M|100/100
|-damage|p2a: Pat Riely|88/100|[from] Stealth Rock
|-weather|Sandstorm|[from] ability: Sand Stream|[of] p2a: Pat Riely
|move|p1a: Politoed|Hydro Pump|p2a: Pat Riely|[miss]
|-miss|p1a: Politoed|p2a: Pat Riely
|
|-weather|Sandstorm|[upkeep]
|-damage|p1a: Politoed|82/100|[from] Sandstorm
|-heal|p2a: Pat Riely|94/100|[from] item: Leftovers
|upkeep
|turn|6
|
|move|p1a: Politoed|Hydro Pump|p2a: Pat Riely|[miss]
|-miss|p1a: Politoed|p2a: Pat Riely
|move|p2a: Pat Riely|Pursuit|p1a: Politoed
|-damage|p1a: Politoed|56/100
|
|-weather|Sandstorm|[upkeep]
|-damage|p1a: Politoed|50/100|[from] Sandstorm
|-heal|p2a: Pat Riely|100/100|[from] item: Leftovers
|upkeep
|turn|7
|
|move|p1a: Politoed|Hydro Pump|p2a: Pat Riely|[miss]
|-miss|p1a: Politoed|p2a: Pat Riely
|move|p2a: Pat Riely|Pursuit|p1a: Politoed
|-damage|p1a: Politoed|26/100
|
|-weather|Sandstorm|[upkeep]
|-damage|p1a: Politoed|20/100|[from] Sandstorm
|upkeep
|turn|8
|c|☆CroCoeur|This gamr hates me
|
|move|p1a: Politoed|Hydro Pump|p2a: Pat Riely
|-supereffective|p2a: Pat Riely
|-damage|p2a: Pat Riely|60/100
|move|p2a: Pat Riely|Pursuit|p1a: Politoed
|-damage|p1a: Politoed|0
|faint|p1a: Politoed
|
|-weather|Sandstorm|[upkeep]
|-heal|p2a: Pat Riely|67/100|[from] item: Leftovers
|upkeep
|
|switch|p1a: Celebi|Celebi|100/100
|-damage|p1a: Celebi|88/100|[from] Stealth Rock
|turn|9
|
|move|p1a: Celebi|Giga Drain|p2a: Pat Riely
|-supereffective|p2a: Pat Riely
|-damage|p2a: Pat Riely|45/100
|-heal|p1a: Celebi|99/100|[from] drain|[of] p2a: Pat Riely
|move|p2a: Pat Riely|Pursuit|p1a: Celebi
|-supereffective|p1a: Celebi
|-damage|p1a: Celebi|70/100
|
|-weather|Sandstorm|[upkeep]
|-damage|p1a: Celebi|64/100|[from] Sandstorm
|-heal|p1a: Celebi|70/100|[from] item: Leftovers
|-heal|p2a: Pat Riely|51/100|[from] item: Leftovers
|upkeep
|turn|10
|
|switch|p2a: Ray Allen|Magnezone|88/100
|-damage|p2a: Ray Allen|82/100|[from] Stealth Rock
|move|p1a: Celebi|Giga Drain|p2a: Ray Allen
|-resisted|p2a: Ray Allen
|-damage|p2a: Ray Allen|66/100
|-heal|p1a: Celebi|76/100|[from] drain|[of] p2a: Ray Allen
|
|-weather|Sandstorm|[upkeep]
|-damage|p1a: Celebi|70/100|[from] Sandstorm
|-heal|p1a: Celebi|76/100|[from] item: Leftovers
|-heal|p2a: Ray Allen|72/100|[from] item: Leftovers
|upkeep
|turn|11
|
|move|p1a: Celebi|Psychic|p2a: Ray Allen
|-resisted|p2a: Ray Allen
|-damage|p2a: Ray Allen|50/100
|move|p2a: Ray Allen|Substitute|p2a: Ray Allen
|-start|p2a: Ray Allen|Substitute
|-damage|p2a: Ray Allen|26/100
|
|-weather|Sandstorm|[upkeep]
|-damage|p1a: Celebi|70/100|[from] Sandstorm
|-heal|p1a: Celebi|76/100|[from] item: Leftovers
|-heal|p2a: Ray Allen|32/100|[from] item: Leftovers
|upkeep
|turn|12
|
|move|p1a: Celebi|Psychic|p2a: Ray Allen
|-resisted|p2a: Ray Allen
|-activate|p2a: Ray Allen|Substitute|[damage]
|move|p2a: Ray Allen|Charge Beam|p1a: Celebi
|-resisted|p1a: Celebi
|-damage|p1a: Celebi|67/100
|
|-weather|Sandstorm|[upkeep]
|-damage|p1a: Celebi|61/100|[from] Sandstorm
|-heal|p1a: Celebi|67/100|[from] item: Leftovers
|-heal|p2a: Ray Allen|38/100|[from] item: Leftovers
|upkeep
|turn|13
|
|move|p1a: Celebi|Psychic|p2a: Ray Allen
|-resisted|p2a: Ray Allen
|-end|p2a: Ray Allen|Substitute
|move|p2a: Ray Allen|Hidden Power|p1a: Celebi
|-supereffective|p1a: Celebi
|-damage|p1a: Celebi|34/100
|
|-weather|Sandstorm|[upkeep]
|-damage|p1a: Celebi|28/100|[from] Sandstorm
|-heal|p1a: Celebi|34/100|[from] item: Leftovers
|-heal|p2a: Ray Allen|44/100|[from] item: Leftovers
|upkeep
|turn|14
|
|move|p1a: Celebi|Recover|p1a: Celebi
|-heal|p1a: Celebi|84/100
|move|p2a: Ray Allen|Flash Cannon|p1a: Celebi
|-damage|p1a: Celebi|57/100
|
|-weather|Sandstorm|[upkeep]
|-damage|p1a: Celebi|51/100|[from] Sandstorm
|-heal|p1a: Celebi|57/100|[from] item: Leftovers
|-heal|p2a: Ray Allen|50/100|[from] item: Leftovers
|upkeep
|turn|15
|
|move|p1a: Celebi|Psychic|p2a: Ray Allen
|-resisted|p2a: Ray Allen
|-damage|p2a: Ray Allen|30/100
|move|p2a: Ray Allen|Flash Cannon|p1a: Celebi
|-damage|p1a: Celebi|34/100
|
|-weather|Sandstorm|[upkeep]
|-damage|p1a: Celebi|27/100|[from] Sandstorm
|-heal|p1a: Celebi|34/100|[from] item: Leftovers
|-heal|p2a: Ray Allen|36/100|[from] item: Leftovers
|upkeep
|turn|16
|
|move|p1a: Celebi|Recover|p1a: Celebi
|-heal|p1a: Celebi|84/100
|move|p2a: Ray Allen|Substitute|p2a: Ray Allen
|-start|p2a: Ray Allen|Substitute
|-damage|p2a: Ray Allen|11/100
|
|-weather|Sandstorm|[upkeep]
|-damage|p1a: Celebi|77/100|[from] Sandstorm
|-heal|p1a: Celebi|84/100|[from] item: Leftovers
|-heal|p2a: Ray Allen|17/100|[from] item: Leftovers
|upkeep
|turn|17
|
|move|p1a: Celebi|Psychic|p2a: Ray Allen
|-resisted|p2a: Ray Allen
|-activate|p2a: Ray Allen|Substitute|[damage]
|move|p2a: Ray Allen|Charge Beam|p1a: Celebi
|-resisted|p1a: Celebi
|-damage|p1a: Celebi|76/100
|-boost|p2a: Ray Allen|spa|1
|
|-weather|Sandstorm|[upkeep]
|-damage|p1a: Celebi|70/100|[from] Sandstorm
|-heal|p1a: Celebi|76/100|[from] item: Leftovers
|-heal|p2a: Ray Allen|23/100|[from] item: Leftovers
|upkeep
|turn|18
|
|move|p1a: Celebi|Psychic|p2a: Ray Allen
|-resisted|p2a: Ray Allen
|-end|p2a: Ray Allen|Substitute
|move|p2a: Ray Allen|Flash Cannon|p1a: Celebi
|-damage|p1a: Celebi|35/100
|
|-weather|Sandstorm|[upkeep]
|-damage|p1a: Celebi|29/100|[from] Sandstorm
|-heal|p1a: Celebi|35/100|[from] item: Leftovers
|-heal|p2a: Ray Allen|29/100|[from] item: Leftovers
|upkeep
|turn|19
|
|move|p1a: Celebi|Psychic|p2a: Ray Allen
|-resisted|p2a: Ray Allen
|-damage|p2a: Ray Allen|8/100
|move|p2a: Ray Allen|Flash Cannon|p1a: Celebi
|-damage|p1a: Celebi|0
|faint|p1a: Celebi
|
|-weather|Sandstorm|[upkeep]
|-heal|p2a: Ray Allen|14/100|[from] item: Leftovers
|upkeep
|
|switch|p1a: Latios|Latios, M|100/100
|-damage|p1a: Latios|88/100|[from] Stealth Rock
|turn|20
|
|move|p1a: Latios|Surf|p2a: Ray Allen
|-damage|p2a: Ray Allen|0
|faint|p2a: Ray Allen
|
|-weather|Sandstorm|[upkeep]
|-damage|p1a: Latios|82/100|[from] Sandstorm
|upkeep
|
|switch|p2a: Pat Riely|Tyranitar, M|51/100
|-damage|p2a: Pat Riely|39/100|[from] Stealth Rock
|turn|21
|
|move|p1a: Latios|Surf|p2a: Pat Riely
|-supereffective|p2a: Pat Riely
|-damage|p2a: Pat Riely|11/100
|move|p2a: Pat Riely|Pursuit|p1a: Latios
|-supereffective|p1a: Latios
|-damage|p1a: Latios|32/100
|
|-weather|Sandstorm|[upkeep]
|-damage|p1a: Latios|26/100|[from] Sandstorm
|-heal|p2a: Pat Riely|17/100|[from] item: Leftovers
|upkeep
|turn|22
|
|move|p1a: Latios|Surf|p2a: Pat Riely
|-supereffective|p2a: Pat Riely
|-damage|p2a: Pat Riely|0
|faint|p2a: Pat Riely
|
|-weather|Sandstorm|[upkeep]
|-damage|p1a: Latios|20/100|[from] Sandstorm
|upkeep
|
|switch|p2a: D.Wade|Terrakion|100/100
|-damage|p2a: D.Wade|94/100|[from] Stealth Rock
|turn|23
|
|move|p1a: Latios|Surf|p2a: D.Wade
|-supereffective|p2a: D.Wade
|-damage|p2a: D.Wade|40/100
|move|p2a: D.Wade|Close Combat|p1a: Latios
|-resisted|p1a: Latios
|-damage|p1a: Latios|0
|-unboost|p2a: D.Wade|def|1
|-unboost|p2a: D.Wade|spd|1
|faint|p1a: Latios
|
|-weather|Sandstorm|[upkeep]
|upkeep
|
|switch|p1a: Vaporeon|Vaporeon, F|100/100
|-damage|p1a: Vaporeon|88/100|[from] Stealth Rock
|turn|24
|
|switch|p2a: Bosh|Latios, M, shiny|100/100
|-damage|p2a: Bosh|88/100|[from] Stealth Rock
|move|p1a: Vaporeon|Scald|p2a: Bosh
|-resisted|p2a: Bosh
|-damage|p2a: Bosh|74/100
|
|-weather|Sandstorm|[upkeep]
|-damage|p2a: Bosh|68/100|[from] Sandstorm
|-damage|p1a: Vaporeon|82/100|[from] Sandstorm
|-heal|p1a: Vaporeon|88/100|[from] item: Leftovers
|upkeep
|turn|25
|
|move|p2a: Bosh|Energy Ball|p1a: Vaporeon
|-supereffective|p1a: Vaporeon
|-damage|p1a: Vaporeon|53/100
|-unboost|p1a: Vaporeon|spd|1
|move|p1a: Vaporeon|Scald|p2a: Bosh
|-resisted|p2a: Bosh
|-damage|p2a: Bosh|53/100
|
|-weather|Sandstorm|[upkeep]
|-damage|p2a: Bosh|47/100|[from] Sandstorm
|-damage|p1a: Vaporeon|47/100|[from] Sandstorm
|-heal|p1a: Vaporeon|53/100|[from] item: Leftovers
|upkeep
|turn|26
|
|move|p2a: Bosh|Draco Meteor|p1a: Vaporeon
|-crit|p1a: Vaporeon
|-damage|p1a: Vaporeon|0
|-unboost|p2a: Bosh|spa|2
|faint|p1a: Vaporeon
|
|-weather|Sandstorm|[upkeep]
|-damage|p2a: Bosh|41/100|[from] Sandstorm
|upkeep
|
|switch|p1a: Jirachi|Jirachi|100/100
|-damage|p1a: Jirachi|94/100|[from] Stealth Rock
|turn|27
|
|switch|p2a: Bron Bron|Landorus-Therian, M|100/100
|-damage|p2a: Bron Bron|88/100|[from] Stealth Rock
|-ability|p2a: Bron Bron|Intimidate|boost
|-unboost|p1a: Jirachi|atk|1
|move|p1a: Jirachi|Substitute|p1a: Jirachi
|-start|p1a: Jirachi|Substitute
|-damage|p1a: Jirachi|69/100
|
|-weather|Sandstorm|[upkeep]
|-heal|p1a: Jirachi|75/100|[from] item: Leftovers
|upkeep
|turn|28
|
|move|p1a: Jirachi|Water Pulse|p2a: Bron Bron
|-supereffective|p2a: Bron Bron
|-damage|p2a: Bron Bron|56/100
|move|p2a: Bron Bron|Earthquake|p1a: Jirachi
|-supereffective|p1a: Jirachi
|-end|p1a: Jirachi|Substitute
|
|-weather|Sandstorm|[upkeep]
|-heal|p1a: Jirachi|82/100|[from] item: Leftovers
|upkeep
|turn|29
|
|move|p1a: Jirachi|Water Pulse|p2a: Bron Bron
|-supereffective|p2a: Bron Bron
|-damage|p2a: Bron Bron|21/100
|-start|p2a: Bron Bron|confusion
|-activate|p2a: Bron Bron|confusion
|-damage|p2a: Bron Bron|5/100|[from] confusion
|
|-weather|Sandstorm|[upkeep]
|-heal|p1a: Jirachi|88/100|[from] item: Leftovers
|upkeep
|turn|30
|
|move|p1a: Jirachi|Substitute|p1a: Jirachi
|-start|p1a: Jirachi|Substitute
|-damage|p1a: Jirachi|63/100
|-activate|p2a: Bron Bron|confusion
|move|p2a: Bron Bron|Earthquake|p1a: Jirachi
|-supereffective|p1a: Jirachi
|-end|p1a: Jirachi|Substitute
|
|-weather|Sandstorm|[upkeep]
|-heal|p1a: Jirachi|69/100|[from] item: Leftovers
|upkeep
|turn|31
|
|move|p1a: Jirachi|Substitute|p1a: Jirachi
|-start|p1a: Jirachi|Substitute
|-damage|p1a: Jirachi|44/100
|-end|p2a: Bron Bron|confusion
|move|p2a: Bron Bron|Earthquake|p1a: Jirachi
|-supereffective|p1a: Jirachi
|-end|p1a: Jirachi|Substitute
|
|-weather|Sandstorm|[upkeep]
|-heal|p1a: Jirachi|50/100|[from] item: Leftovers
|upkeep
|turn|32
|
|move|p1a: Jirachi|Water Pulse|p2a: Bron Bron
|-supereffective|p2a: Bron Bron
|-damage|p2a: Bron Bron|0
|faint|p2a: Bron Bron
|
|-weather|Sandstorm|[upkeep]
|-heal|p1a: Jirachi|56/100|[from] item: Leftovers
|upkeep
|
|switch|p2a: D.Wade|Terrakion|40/100
|-damage|p2a: D.Wade|34/100|[from] Stealth Rock
|turn|33
|
|move|p2a: D.Wade|Close Combat|p1a: Jirachi
|-damage|p1a: Jirachi|2/100
|-unboost|p2a: D.Wade|def|1
|-unboost|p2a: D.Wade|spd|1
|move|p1a: Jirachi|Water Pulse|p2a: D.Wade
|-supereffective|p2a: D.Wade
|-damage|p2a: D.Wade|1/100
|
|-weather|Sandstorm|[upkeep]
|-heal|p1a: Jirachi|8/100|[from] item: Leftovers
|upkeep
|turn|34
|
|move|p2a: D.Wade|Close Combat|p1a: Jirachi
|-damage|p1a: Jirachi|0
|-unboost|p2a: D.Wade|def|1
|-unboost|p2a: D.Wade|spd|1
|faint|p1a: Jirachi
|
|win|stonya
|raw|CroCoeur's rating: 1430 &rarr; <strong>1406</strong><br />(-24 for losing)
|raw|stonya's rating: 1361 &rarr; <strong>1385</strong><br />(+24 for winning)
|l|☆CroCoeur
