|j|☆magialice
|j|☆SwordIsBored
|t:|1730214352
|gametype|singles
|player|p1|magialice|miku-flying|1385
|player|p2|SwordIsBored|gardenia-masters|1450
|teamsize|p1|6
|teamsize|p2|6
|gen|5
|tier|[Gen 5] OU
|rated|
|rule|Species Clause: Limit one of each Pokémon
|rule|OHKO Clause: OHKO moves are banned
|rule|Moody Clause: Moody is banned
|rule|Evasion Items Clause: Evasion items are banned
|rule|Evasion Moves Clause: Evasion moves are banned
|rule|Endless Battle Clause: Forcing endless battles is banned
|rule|HP Percentage Mod: HP is shown in percentages
|rule|Evasion Abilities Clause: Evasion abilities are banned
|rule|Sleep Moves Clause: Sleep-inducing moves are banned
|rule|Swagger Clause: Swagger is banned
|rule|Baton Pass Stat Clause: No Baton Passer may have a way to boost its stats
|clearpoke
|poke|p1|Tyranitar, M|item
|poke|p1|Gliscor, M|item
|poke|p1|Skarmory, F|item
|poke|p1|Blissey, F|item
|poke|p1|Latios, M|item
|poke|p1|Excadrill, F|item
|poke|p2|Excadrill, M|item
|poke|p2|Rotom-Wash|item
|poke|p2|Tyranitar, F|item
|poke|p2|Celebi|item
|poke|p2|Landorus-Therian, M|item
|poke|p2|Keldeo|item
|teampreview
|inactive|Battle timer is ON: inactive players will automatically lose when time's up. (requested by magialice)
|c|☆SwordIsBored|glhf
|c|☆magialice|glhf
|inactive|magialice has 120 seconds left.
|inactive|magialice has 90 seconds left.
|
|t:|1730214413
|start
|switch|p1a: Latios|Latios, M|100/100
|switch|p2a: Keldeo|Keldeo|100/100
|turn|1
|
|t:|1730214433
|switch|p1a: Gliscor|Gliscor, M|100/100
|switch|p2a: Celebi|Celebi|100/100
|
|-status|p1a: Gliscor|tox|[from] item: Toxic Orb
|upkeep
|turn|2
|
|t:|1730214437
|switch|p1a: Blissey|Blissey, F|100/100
|move|p2a: Celebi|Nasty Plot|p2a: Celebi
|-boost|p2a: Celebi|spa|2
|
|upkeep
|turn|3
|
|t:|1730214442
|move|p2a: Celebi|Nasty Plot|p2a: Celebi
|-boost|p2a: Celebi|spa|2
|move|p1a: Blissey|Toxic|p2a: Celebi
|-status|p2a: Celebi|tox
|
|-damage|p2a: Celebi|94/100 tox|[from] psn
|upkeep
|turn|4
|
|t:|1730214463
|move|p2a: Celebi|Nasty Plot|p2a: Celebi
|-boost|p2a: Celebi|spa|2
|move|p1a: Blissey|Soft-Boiled||[still]
|-fail|p1a: Blissey|heal
|
|-heal|p2a: Celebi|100/100 tox|[from] item: Leftovers
|-damage|p2a: Celebi|88/100 tox|[from] psn
|upkeep
|turn|5
|
|t:|1730214469
|move|p2a: Celebi|Hidden Power|p1a: Blissey
|-damage|p1a: Blissey|75/100
|move|p1a: Blissey|Soft-Boiled|p1a: Blissey
|-heal|p1a: Blissey|100/100
|
|-heal|p2a: Celebi|94/100 tox|[from] item: Leftovers
|-damage|p2a: Celebi|76/100 tox|[from] psn
|upkeep
|turn|6
|
|t:|1730214475
|move|p2a: Celebi|Hidden Power|p1a: Blissey
|-damage|p1a: Blissey|76/100
|move|p1a: Blissey|Soft-Boiled|p1a: Blissey
|-heal|p1a: Blissey|100/100
|
|-heal|p2a: Celebi|82/100 tox|[from] item: Leftovers
|-damage|p2a: Celebi|57/100 tox|[from] psn
|upkeep
|turn|7
|
|t:|1730214490
|move|p2a: Celebi|Leaf Storm|p1a: Blissey
|-damage|p1a: Blissey|27/100
|-unboost|p2a: Celebi|spa|2
|move|p1a: Blissey|Stealth Rock|p2a: Celebi
|-sidestart|p2: SwordIsBored|move: Stealth Rock
|
|-heal|p2a: Celebi|63/100 tox|[from] item: Leftovers
|-heal|p1a: Blissey|33/100|[from] item: Leftovers
|-damage|p2a: Celebi|32/100 tox|[from] psn
|upkeep
|turn|8
|
|t:|1730214495
|switch|p1a: Skarmory|Skarmory, F|100/100
|move|p2a: Celebi|Leaf Storm|p1a: Skarmory
|-resisted|p1a: Skarmory
|-damage|p1a: Skarmory|51/100
|-unboost|p2a: Celebi|spa|2
|
|-heal|p2a: Celebi|38/100 tox|[from] item: Leftovers
|-heal|p1a: Skarmory|57/100|[from] item: Leftovers
|-damage|p2a: Celebi|1/100 tox|[from] psn
|upkeep
|turn|9
|
|t:|1730214508
|switch|p1a: Tyranitar|Tyranitar, M|100/100
|-weather|Sandstorm|[from] ability: Sand Stream|[of] p1a: Tyranitar
|move|p2a: Celebi|Hidden Power|p1a: Tyranitar
|-damage|p1a: Tyranitar|84/100
|
|-weather|Sandstorm|[upkeep]
|-damage|p2a: Celebi|0 fnt|[from] Sandstorm
|faint|p2a: Celebi
|upkeep
|
|t:|1730214511
|switch|p2a: Keldeo|Keldeo|100/100
|-damage|p2a: Keldeo|94/100|[from] Stealth Rock
|turn|10
|
|t:|1730214522
|move|p2a: Keldeo|Hydro Pump|p1a: Tyranitar
|-supereffective|p1a: Tyranitar
|-damage|p1a: Tyranitar|0 fnt
|faint|p1a: Tyranitar
|
|-weather|Sandstorm|[upkeep]
|-damage|p2a: Keldeo|88/100|[from] Sandstorm
|upkeep
|
|t:|1730214525
|switch|p1a: Latios|Latios, M|100/100
|turn|11
|
|t:|1730214533
|switch|p2a: Excadrill|Excadrill, M|100/100
|-damage|p2a: Excadrill|97/100|[from] Stealth Rock
|move|p1a: Latios|Draco Meteor|p2a: Excadrill
|-resisted|p2a: Excadrill
|-damage|p2a: Excadrill|47/100
|-unboost|p1a: Latios|spa|2
|
|-weather|Sandstorm|[upkeep]
|-damage|p1a: Latios|95/100|[from] Sandstorm
|upkeep
|turn|12
|
|t:|1730214538
|switch|p1a: Gliscor|Gliscor, M|100/100 tox
|move|p2a: Excadrill|Rapid Spin|p1a: Gliscor
|-damage|p1a: Gliscor|95/100 tox
|-sideend|p2: SwordIsBored|Stealth Rock|[from] move: Rapid Spin|[of] p2a: Excadrill
|
|-weather|Sandstorm|[upkeep]
|-heal|p1a: Gliscor|100/100 tox|[from] ability: Poison Heal
|upkeep
|turn|13
|
|t:|1730214548
|switch|p2a: Rotom|Rotom-Wash|100/100
|move|p1a: Gliscor|Swords Dance|p1a: Gliscor
|-boost|p1a: Gliscor|atk|2
|
|-weather|Sandstorm|[upkeep]
|-damage|p2a: Rotom|94/100|[from] Sandstorm
|upkeep
|turn|14
|
|t:|1730214552
|move|p1a: Gliscor|Protect|p1a: Gliscor
|-singleturn|p1a: Gliscor|Protect
|move|p2a: Rotom|Hydro Pump|p1a: Gliscor
|-activate|p1a: Gliscor|move: Protect
|
|-weather|Sandstorm|[upkeep]
|-damage|p2a: Rotom|88/100|[from] Sandstorm
|upkeep
|turn|15
|
|t:|1730214562
|switch|p1a: Latios|Latios, M|95/100
|move|p2a: Rotom|Hydro Pump|p1a: Latios
|-resisted|p1a: Latios
|-damage|p1a: Latios|65/100
|
|-weather|Sandstorm|[upkeep]
|-damage|p1a: Latios|59/100|[from] Sandstorm
|-damage|p2a: Rotom|82/100|[from] Sandstorm
|upkeep
|turn|16
|
|t:|1730214571
|switch|p2a: Tyranitar|Tyranitar, F|100/100
|move|p1a: Latios|Recover|p1a: Latios
|-heal|p1a: Latios|100/100
|
|-weather|Sandstorm|[upkeep]
|-damage|p1a: Latios|95/100|[from] Sandstorm
|upkeep
|turn|17
|
|t:|1730214576
|-activate|p1a: Latios|move: Pursuit
|move|p2a: Tyranitar|Pursuit|p1a: Latios|[from]Pursuit
|-supereffective|p1a: Latios
|-enditem|p1a: Latios|Colbur Berry|[eat]
|-enditem|p1a: Latios|Colbur Berry|[weaken]
|-damage|p1a: Latios|11/100
|switch|p1a: Gliscor|Gliscor, M|100/100 tox
|
|-weather|Sandstorm|[upkeep]
|upkeep
|turn|18
|
|t:|1730214584
|switch|p1a: Blissey|Blissey, F|33/100
|switch|p2a: Landorus|Landorus-Therian, M|100/100
|-ability|p2a: Landorus|Intimidate|boost
|-unboost|p1a: Blissey|atk|1
|
|-weather|Sandstorm|[upkeep]
|-damage|p1a: Blissey|27/100|[from] Sandstorm
|-heal|p1a: Blissey|33/100|[from] item: Leftovers
|upkeep
|turn|19
|
|t:|1730214589
|switch|p1a: Skarmory|Skarmory, F|57/100
|move|p2a: Landorus|Earthquake|p1a: Skarmory
|-immune|p1a: Skarmory
|
|-weather|Sandstorm|[upkeep]
|-heal|p1a: Skarmory|63/100|[from] item: Leftovers
|upkeep
|turn|20
|
|t:|1730214592
|move|p2a: Landorus|Stealth Rock|p1a: Skarmory
|-sidestart|p1: magialice|move: Stealth Rock
|move|p1a: Skarmory|Spikes|p2a: Landorus
|-sidestart|p2: SwordIsBored|Spikes
|
|-weather|Sandstorm|[upkeep]
|-heal|p1a: Skarmory|69/100|[from] item: Leftovers
|upkeep
|turn|21
|
|t:|1730214596
|move|p2a: Landorus|U-turn|p1a: Skarmory
|-resisted|p1a: Skarmory
|-damage|p1a: Skarmory|65/100
|
|t:|1730214600
|switch|p2a: Keldeo|Keldeo|88/100|[from] U-turn
|-damage|p2a: Keldeo|76/100|[from] Spikes
|move|p1a: Skarmory|Whirlwind|p2a: Keldeo
|drag|p2a: Tyranitar|Tyranitar, F|100/100
|-damage|p2a: Tyranitar|88/100|[from] Spikes
|
|-weather|Sandstorm|[upkeep]
|-heal|p1a: Skarmory|71/100|[from] item: Leftovers
|upkeep
|turn|22
|
|t:|1730214609
|switch|p1a: Gliscor|Gliscor, M|100/100 tox
|-damage|p1a: Gliscor|88/100 tox|[from] Stealth Rock
|switch|p2a: Rotom|Rotom-Wash|82/100
|
|-weather|Sandstorm|[upkeep]
|-damage|p2a: Rotom|76/100|[from] Sandstorm
|-heal|p1a: Gliscor|100/100 tox|[from] ability: Poison Heal
|upkeep
|turn|23
|
|t:|1730214621
|move|p1a: Gliscor|Protect|p1a: Gliscor
|-singleturn|p1a: Gliscor|Protect
|move|p2a: Rotom|Hydro Pump|p1a: Gliscor
|-activate|p1a: Gliscor|move: Protect
|
|-weather|Sandstorm|[upkeep]
|-damage|p2a: Rotom|69/100|[from] Sandstorm
|upkeep
|turn|24
|
|t:|1730214627
|switch|p1a: Latios|Latios, M|11/100
|-damage|p1a: Latios|0 fnt|[from] Stealth Rock
|faint|p1a: Latios
|move|p2a: Rotom|Hydro Pump|p1: Latios|[notarget]
|-fail|p2a: Rotom
|
|-weather|Sandstorm|[upkeep]
|-damage|p2a: Rotom|63/100|[from] Sandstorm
|upkeep
|
|t:|1730214628
|switch|p1a: Blissey|Blissey, F|33/100
|-damage|p1a: Blissey|21/100|[from] Stealth Rock
|turn|25
|
|t:|1730214632
|move|p2a: Rotom|Hydro Pump|p1a: Blissey
|-damage|p1a: Blissey|0 fnt
|faint|p1a: Blissey
|
|-weather|Sandstorm|[upkeep]
|-damage|p2a: Rotom|57/100|[from] Sandstorm
|upkeep
|-message|magialice forfeited.
|
|win|SwordIsBored
|raw|magialice's rating: 1385 &rarr; <strong>1369</strong><br />(-16 for losing)
|raw|SwordIsBored's rating: 1450 &rarr; <strong>1466</strong><br />(+16 for winning)
|l|☆magialice
|player|p1|
