|j|☆blackkaiser
|j|☆Dcmcaigameloz
|player|p1|blackkaiser|2|1548
|player|p2|Dcmcaigameloz|blue|1328
|teamsize|p1|6
|teamsize|p2|6
|gametype|singles
|gen|5
|tier|[Gen 5] OU
|rated|
|clearpoke
|poke|p1|Hippowdon, F|item
|poke|p1|Ferrothorn, F|item
|poke|p1|Jellicent, M|item
|poke|p1|Latios, M|item
|poke|p1|Garchomp, M|item
|poke|p1|Scizor, F|item
|poke|p2|Salamence, M|item
|poke|p2|Dragonite, F|item
|poke|p2|Kyurem-Black|item
|poke|p2|Magnezone|item
|poke|p2|Garchomp, M|item
|poke|p2|Mamoswine, M|item
|rule|Species Clause: Limit one of each Pokémon
|rule|OHKO Clause: OHKO moves are banned
|rule|Moody Clause: Moody is banned
|rule|Evasion Moves Clause: Evasion moves are banned
|rule|Endless Battle Clause: Forcing endless battles is banned
|rule|HP Percentage Mod: HP is shown in percentages
|rule|Evasion Abilities Clause: Evasion abilities are banned
|rule|Baton Pass Clause: Limit one Baton Passer, can't pass Spe and other stats simultaneously
|rule|Sleep Clause: Sleep-inducing moves are banned
|rule|Swagger Clause: Swagger is banned
|teampreview
|inactive|Battle timer is ON: inactive players will automatically lose when time's up. (requested by blackkaiser)
|inactive|Dcmcaigameloz also wants the timer to be on.
|
|start
|switch|p1a: Hippowdon|Hippowdon, F|100/100
|switch|p2a: Kyurem|Kyurem-Black|100/100
|-ability|p2a: Kyurem|Teravolt
|-weather|Sandstorm|[from] ability: Sand Stream|[of] p1a: Hippowdon
|turn|1
|
|move|p2a: Kyurem|Ice Beam|p1a: Hippowdon
|-supereffective|p1a: Hippowdon
|-damage|p1a: Hippowdon|12/100
|move|p1a: Hippowdon|Stealth Rock|p2a: Kyurem
|-sidestart|p2: Dcmcaigameloz|move: Stealth Rock
|
|-weather|Sandstorm|[upkeep]
|-damage|p2a: Kyurem|94/100|[from] Sandstorm
|-heal|p1a: Hippowdon|18/100|[from] item: Leftovers
|upkeep
|turn|2
|
|move|p2a: Kyurem|Ice Beam|p1a: Hippowdon
|-supereffective|p1a: Hippowdon
|-damage|p1a: Hippowdon|0 fnt
|faint|p1a: Hippowdon
|
|-weather|Sandstorm|[upkeep]
|-damage|p2a: Kyurem|88/100|[from] Sandstorm
|upkeep
|
|switch|p1a: Scizor|Scizor, F|100/100
|turn|3
|
|switch|p2a: Magnezone|Magnezone|100/100
|-damage|p2a: Magnezone|94/100|[from] Stealth Rock
|move|p1a: Scizor|U-turn|p2a: Magnezone
|-resisted|p2a: Magnezone
|-damage|p2a: Magnezone|66/100
|
|switch|p1a: Garchomp|Garchomp, M|100/100|[from]move: U-turn
|
|-weather|Sandstorm|[upkeep]
|-heal|p2a: Magnezone|73/100|[from] item: Leftovers
|upkeep
|turn|4
|
|move|p1a: Garchomp|Earthquake|p2a: Magnezone
|-supereffective|p2a: Magnezone
|-damage|p2a: Magnezone|0 fnt
|-damage|p1a: Garchomp|91/100|[from] item: Life Orb
|faint|p2a: Magnezone
|
|-weather|Sandstorm|[upkeep]
|upkeep
|
|switch|p2a: Garchomp|Garchomp, M|100/100
|-damage|p2a: Garchomp|94/100|[from] Stealth Rock
|turn|5
|
|switch|p1a: Ferrothorn|Ferrothorn, F|100/100
|move|p2a: Garchomp|Outrage|p1a: Ferrothorn
|-resisted|p1a: Ferrothorn
|-damage|p1a: Ferrothorn|82/100
|-damage|p2a: Garchomp|82/100|[from] ability: Iron Barbs|[of] p1a: Ferrothorn
|-damage|p2a: Garchomp|65/100|[from] item: Rocky Helmet|[of] p1a: Ferrothorn
|
|-weather|Sandstorm|[upkeep]
|upkeep
|turn|6
|
|move|p2a: Garchomp|Outrage|p1a: Ferrothorn|[from]lockedmove
|-resisted|p1a: Ferrothorn
|-damage|p1a: Ferrothorn|64/100
|-damage|p2a: Garchomp|53/100|[from] ability: Iron Barbs|[of] p1a: Ferrothorn
|-damage|p2a: Garchomp|37/100|[from] item: Rocky Helmet|[of] p1a: Ferrothorn
|-start|p2a: Garchomp|confusion|[fatigue]
|move|p1a: Ferrothorn|Spikes|p2a: Garchomp
|-sidestart|p2: Dcmcaigameloz|Spikes
|
|-weather|Sandstorm|[upkeep]
|upkeep
|turn|7
|
|-activate|p2a: Garchomp|confusion
|move|p2a: Garchomp|Fire Blast|p1a: Ferrothorn
|-supereffective|p1a: Ferrothorn
|-damage|p1a: Ferrothorn|0 fnt
|faint|p1a: Ferrothorn
|
|-weather|Sandstorm|[upkeep]
|upkeep
|
|switch|p1a: Scizor|Scizor, F|100/100
|turn|8
|
|move|p1a: Scizor|Bullet Punch|p2a: Garchomp
|-damage|p2a: Garchomp|0 fnt
|-damage|p1a: Scizor|88/100|[from] ability: Rough Skin|[of] p2a: Garchomp
|-damage|p1a: Scizor|72/100|[from] item: Rocky Helmet|[of] p2a: Garchomp
|faint|p2a: Garchomp
|
|-weather|Sandstorm|[upkeep]
|upkeep
|
|switch|p2a: Dragonite|Dragonite, F|100/100
|-damage|p2a: Dragonite|76/100|[from] Stealth Rock
|turn|9
|
|switch|p1a: Jellicent|Jellicent, M|100/100
|move|p2a: Dragonite|Fire Punch|p1a: Jellicent
|-resisted|p1a: Jellicent
|-damage|p1a: Jellicent|86/100
|
|-weather|Sandstorm|[upkeep]
|-damage|p2a: Dragonite|70/100|[from] Sandstorm
|-damage|p1a: Jellicent|79/100|[from] Sandstorm
|-heal|p1a: Jellicent|86/100|[from] item: Leftovers
|upkeep
|turn|10
|
|switch|p2a: Kyurem|Kyurem-Black|88/100
|-damage|p2a: Kyurem|76/100|[from] Spikes
|-damage|p2a: Kyurem|51/100|[from] Stealth Rock
|-ability|p2a: Kyurem|Teravolt
|move|p1a: Jellicent|Will-O-Wisp|p2a: Kyurem
|-status|p2a: Kyurem|brn
|
|-weather|Sandstorm|[upkeep]
|-damage|p2a: Kyurem|45/100 brn|[from] Sandstorm
|-damage|p1a: Jellicent|79/100|[from] Sandstorm
|-heal|p1a: Jellicent|86/100|[from] item: Leftovers
|-damage|p2a: Kyurem|33/100 brn|[from] brn
|upkeep
|turn|11
|
|move|p2a: Kyurem|Fusion Bolt|p1a: Jellicent
|-supereffective|p1a: Jellicent
|-damage|p1a: Jellicent|35/100
|move|p1a: Jellicent|Recover|p1a: Jellicent
|-heal|p1a: Jellicent|85/100
|
|-weather|Sandstorm|[upkeep]
|-damage|p2a: Kyurem|27/100 brn|[from] Sandstorm
|-damage|p1a: Jellicent|79/100|[from] Sandstorm
|-heal|p1a: Jellicent|85/100|[from] item: Leftovers
|-damage|p2a: Kyurem|14/100 brn|[from] brn
|upkeep
|turn|12
|
|move|p2a: Kyurem|Fusion Bolt|p1a: Jellicent
|-supereffective|p1a: Jellicent
|-damage|p1a: Jellicent|41/100
|move|p1a: Jellicent|Recover|p1a: Jellicent
|-heal|p1a: Jellicent|91/100
|
|-weather|Sandstorm|[upkeep]
|-damage|p2a: Kyurem|8/100 brn|[from] Sandstorm
|-damage|p1a: Jellicent|85/100|[from] Sandstorm
|-heal|p1a: Jellicent|91/100|[from] item: Leftovers
|-damage|p2a: Kyurem|0 fnt|[from] brn
|faint|p2a: Kyurem
|upkeep
|
|switch|p2a: Dragonite|Dragonite, F|70/100
|-damage|p2a: Dragonite|45/100|[from] Stealth Rock
|turn|13
|c|☆Dcmcaigameloz|!weak jellicent
|html|<div class="infobox">Jellicent (ignoring abilities):<br /><span class="message-effect-weak">Weaknesses</span>: Electric, Ghost, Grass, Dark<br /><span class="message-effect-resist">Resistances</span>: Steel, Bug, Fire, Ice, Poison, Water<br /><span class="message-effect-immune">Immunities</span>: Fighting, Normal</div>
|
|move|p2a: Dragonite|Earthquake|p1a: Jellicent
|-damage|p1a: Jellicent|48/100
|move|p1a: Jellicent|Shadow Ball|p2a: Dragonite
|-damage|p2a: Dragonite|20/100
|
|-weather|Sandstorm|[upkeep]
|-damage|p2a: Dragonite|14/100|[from] Sandstorm
|-damage|p1a: Jellicent|41/100|[from] Sandstorm
|-heal|p1a: Jellicent|48/100|[from] item: Leftovers
|upkeep
|turn|14
|
|move|p2a: Dragonite|Earthquake|p1a: Jellicent
|-damage|p1a: Jellicent|7/100
|move|p1a: Jellicent|Recover|p1a: Jellicent
|-heal|p1a: Jellicent|57/100
|
|-weather|Sandstorm|[upkeep]
|-damage|p2a: Dragonite|8/100|[from] Sandstorm
|-damage|p1a: Jellicent|51/100|[from] Sandstorm
|-heal|p1a: Jellicent|57/100|[from] item: Leftovers
|upkeep
|turn|15
|
|move|p2a: Dragonite|Earthquake|p1a: Jellicent
|-damage|p1a: Jellicent|17/100
|move|p1a: Jellicent|Recover|p1a: Jellicent
|-heal|p1a: Jellicent|67/100
|
|-weather|Sandstorm|[upkeep]
|-damage|p2a: Dragonite|2/100|[from] Sandstorm
|-damage|p1a: Jellicent|61/100|[from] Sandstorm
|-heal|p1a: Jellicent|67/100|[from] item: Leftovers
|upkeep
|turn|16
|
|move|p2a: Dragonite|Earthquake|p1a: Jellicent
|-damage|p1a: Jellicent|30/100
|move|p1a: Jellicent|Recover|p1a: Jellicent
|-heal|p1a: Jellicent|80/100
|
|-weather|Sandstorm|[upkeep]
|-damage|p2a: Dragonite|0 fnt|[from] Sandstorm
|-damage|p1a: Jellicent|73/100|[from] Sandstorm
|faint|p2a: Dragonite
|-heal|p1a: Jellicent|80/100|[from] item: Leftovers
|upkeep
|
|switch|p2a: Salamence|Salamence, M|100/100
|-damage|p2a: Salamence|76/100|[from] Stealth Rock
|turn|17
|
|move|p2a: Salamence|Outrage|p1a: Jellicent
|-damage|p1a: Jellicent|12/100
|move|p1a: Jellicent|Will-O-Wisp|p2a: Salamence
|-status|p2a: Salamence|brn
|
|-weather|Sandstorm|[upkeep]
|-damage|p2a: Salamence|70/100 brn|[from] Sandstorm
|-damage|p1a: Jellicent|6/100|[from] Sandstorm
|-heal|p1a: Jellicent|12/100|[from] item: Leftovers
|-damage|p2a: Salamence|57/100 brn|[from] brn
|upkeep
|turn|18
|
|move|p2a: Salamence|Outrage|p1a: Jellicent|[from]lockedmove
|-damage|p1a: Jellicent|0 fnt
|-start|p2a: Salamence|confusion|[fatigue]
|faint|p1a: Jellicent
|-ability|p2a: Salamence|Moxie|boost
|-boost|p2a: Salamence|atk|1
|
|-weather|Sandstorm|[upkeep]
|-damage|p2a: Salamence|51/100 brn|[from] Sandstorm
|-damage|p2a: Salamence|39/100 brn|[from] brn
|upkeep
|
|switch|p1a: Scizor|Scizor, F|72/100
|turn|19
|c|☆blackkaiser|gg
|
|move|p1a: Scizor|Bullet Punch|p2a: Salamence
|-damage|p2a: Salamence|0 fnt
|faint|p2a: Salamence
|
|-weather|Sandstorm|[upkeep]
|upkeep
|
|switch|p2a: Mamoswine|Mamoswine, M|100/100
|-damage|p2a: Mamoswine|88/100|[from] Spikes
|-damage|p2a: Mamoswine|76/100|[from] Stealth Rock
|turn|20
|
|move|p1a: Scizor|Bullet Punch|p2a: Mamoswine
|-supereffective|p2a: Mamoswine
|-damage|p2a: Mamoswine|0 fnt
|faint|p2a: Mamoswine
|
|win|blackkaiser
|raw|blackkaiser's rating: 1559 &rarr; <strong>1568</strong><br />(+9 for winning)
|raw|Dcmcaigameloz's rating: 1328 &rarr; <strong>1319</strong><br />(-9 for losing)
