|j|☆CroCoeur
|j|☆werwer3
|player|p1|CroCoeur|102
|player|p2|werwer3|24
|teamsize|p1|6
|teamsize|p2|6
|gametype|singles
|gen|5
|tier|[Gen 5] OU
|rated|
|rule|Sleep Clause Mod: Limit one foe put to sleep
|rule|Species Clause: Limit one of each Pokémon
|rule|OHKO Clause: OHKO moves are banned
|rule|Moody Clause: Moody is banned
|rule|Evasion Moves Clause: Evasion moves are banned
|rule|Endless Battle Clause: Forcing endless battles is banned
|rule|HP Percentage Mod: HP is shown in percentages
|rule|Evasion Abilities Clause: Evasion abilities are banned
|rule|Baton Pass Clause: Limit one Baton Passer, can't pass Spe and other stats simultaneously
|rule|Swagger Clause: Swagger is banned
|clearpoke
|poke|p1|Politoed, M|item
|poke|p1|Vaporeon, F|item
|poke|p1|Celebi|item
|poke|p1|Ferrothorn, M|item
|poke|p1|Latios, M|item
|poke|p1|Jirachi|item
|poke|p2|Ferrothorn, F|item
|poke|p2|Politoed, M|item
|poke|p2|Tentacruel, M|item
|poke|p2|Volcarona, M|item
|poke|p2|Toxicroak, F|item
|poke|p2|Gyarados, M|item
|teampreview
|inactive|Battle timer is ON: inactive players will automatically lose when time's up. (requested by CroCoeur)
|inactive|werwer3 has 120 seconds left.
|
|start
|switch|p1a: Ferrothorn|Ferrothorn, M|100/100
|switch|p2a: Ferrothorn|Ferrothorn, F|100/100
|turn|1
|
|move|p1a: Ferrothorn|Stealth Rock|p2a: Ferrothorn
|-sidestart|p2: werwer3|move: Stealth Rock
|move|p2a: Ferrothorn|Stealth Rock|p1a: Ferrothorn
|-sidestart|p1: CroCoeur|move: Stealth Rock
|
|upkeep
|turn|2
|
|switch|p2a: Tentacruel|Tentacruel, M|100/100
|-damage|p2a: Tentacruel|88/100|[from] Stealth Rock
|move|p1a: Ferrothorn|Spikes|p2a: Tentacruel
|-sidestart|p2: werwer3|Spikes
|
|-heal|p2a: Tentacruel|94/100|[from] item: Black Sludge
|upkeep
|turn|3
|
|move|p2a: Tentacruel|Substitute|p2a: Tentacruel
|-start|p2a: Tentacruel|Substitute
|-damage|p2a: Tentacruel|69/100
|move|p1a: Ferrothorn|Power Whip|p2a: Tentacruel
|-end|p2a: Tentacruel|Substitute
|
|-heal|p2a: Tentacruel|75/100|[from] item: Black Sludge
|upkeep
|turn|4
|
|move|p2a: Tentacruel|Scald|p1a: Ferrothorn
|-resisted|p1a: Ferrothorn
|-damage|p1a: Ferrothorn|92/100
|move|p1a: Ferrothorn|Power Whip|p2a: Tentacruel
|-damage|p2a: Tentacruel|38/100
|
|-heal|p2a: Tentacruel|44/100|[from] item: Black Sludge
|-heal|p1a: Ferrothorn|98/100|[from] item: Leftovers
|upkeep
|turn|5
|
|move|p2a: Tentacruel|Rapid Spin|p1a: Ferrothorn
|-resisted|p1a: Ferrothorn
|-damage|p1a: Ferrothorn|97/100
|-damage|p2a: Tentacruel|32/100|[from] ability: Iron Barbs|[of] p1a: Ferrothorn
|-sideend|p2: werwer3|Spikes|[from] move: Rapid Spin|[of] p2a: Tentacruel
|-sideend|p2: werwer3|Stealth Rock|[from] move: Rapid Spin|[of] p2a: Tentacruel
|move|p1a: Ferrothorn|Power Whip|p2a: Tentacruel
|-damage|p2a: Tentacruel|0 fnt
|faint|p2a: Tentacruel
|
|-heal|p1a: Ferrothorn|100/100|[from] item: Leftovers
|upkeep
|
|switch|p2a: Volcarona|Volcarona, M|100/100
|turn|6
|
|switch|p1a: Vaporeon|Vaporeon, F|100/100
|-damage|p1a: Vaporeon|88/100|[from] Stealth Rock
|move|p2a: Volcarona|Quiver Dance|p2a: Volcarona
|-boost|p2a: Volcarona|spa|1
|-boost|p2a: Volcarona|spd|1
|-boost|p2a: Volcarona|spe|1
|
|-heal|p1a: Vaporeon|94/100|[from] item: Leftovers
|upkeep
|turn|7
|
|move|p2a: Volcarona|Bug Buzz|p1a: Vaporeon
|-damage|p1a: Vaporeon|56/100
|move|p1a: Vaporeon|Roar|p2a: Volcarona
|drag|p2a: Toxicroak|Toxicroak, F|100/100
|
|-heal|p1a: Vaporeon|62/100|[from] item: Leftovers
|upkeep
|turn|8
|
|switch|p1a: Politoed|Politoed, M|100/100
|-damage|p1a: Politoed|88/100|[from] Stealth Rock
|-weather|RainDance|[from] ability: Drizzle|[of] p1a: Politoed
|move|p2a: Toxicroak|Swords Dance|p2a: Toxicroak
|-boost|p2a: Toxicroak|atk|2
|
|-weather|RainDance|[upkeep]
|upkeep
|turn|9
|
|switch|p2a: Ferrothorn|Ferrothorn, F|100/100
|move|p1a: Politoed|Encore|p2a: Ferrothorn
|-fail|p1a: Politoed
|
|-weather|RainDance|[upkeep]
|upkeep
|turn|10
|
|switch|p1a: Ferrothorn|Ferrothorn, M|100/100
|-damage|p1a: Ferrothorn|94/100|[from] Stealth Rock
|switch|p2a: Toxicroak|Toxicroak, F|100/100
|
|-weather|RainDance|[upkeep]
|-heal|p1a: Ferrothorn|100/100|[from] item: Leftovers
|upkeep
|turn|11
|
|move|p2a: Toxicroak|Drain Punch|p1a: Ferrothorn
|-supereffective|p1a: Ferrothorn
|-damage|p1a: Ferrothorn|33/100
|-damage|p2a: Toxicroak|88/100|[from] ability: Iron Barbs|[of] p1a: Ferrothorn
|-damage|p2a: Toxicroak|78/100|[from] item: Life Orb
|move|p1a: Ferrothorn|Power Whip|p2a: Toxicroak
|-resisted|p2a: Toxicroak
|-damage|p2a: Toxicroak|50/100
|
|-weather|RainDance|[upkeep]
|-heal|p2a: Toxicroak|63/100|[from] ability: Dry Skin
|-heal|p1a: Ferrothorn|39/100|[from] item: Leftovers
|upkeep
|turn|12
|
|switch|p1a: Celebi|Celebi|100/100
|-damage|p1a: Celebi|88/100|[from] Stealth Rock
|move|p2a: Toxicroak|Drain Punch|p1a: Celebi
|-resisted|p1a: Celebi
|-damage|p1a: Celebi|69/100
|-heal|p2a: Toxicroak|75/100|[from] drain|[of] p1a: Celebi
|-damage|p2a: Toxicroak|65/100|[from] item: Life Orb
|
|-weather|RainDance|[upkeep]
|-heal|p2a: Toxicroak|78/100|[from] ability: Dry Skin
|-heal|p1a: Celebi|75/100|[from] item: Leftovers
|upkeep
|turn|13
|
|switch|p2a: Ferrothorn|Ferrothorn, F|100/100
|move|p1a: Celebi|Psychic|p2a: Ferrothorn
|-resisted|p2a: Ferrothorn
|-damage|p2a: Ferrothorn|89/100
|
|-weather|RainDance|[upkeep]
|-heal|p1a: Celebi|81/100|[from] item: Leftovers
|-heal|p2a: Ferrothorn|95/100|[from] item: Leftovers
|upkeep
|turn|14
|
|switch|p2a: Volcarona|Volcarona, M|100/100
|move|p1a: Celebi|Psychic|p2a: Volcarona
|-damage|p2a: Volcarona|67/100
|
|-weather|RainDance|[upkeep]
|-heal|p1a: Celebi|88/100|[from] item: Leftovers
|upkeep
|turn|15
|
|switch|p1a: Latios|Latios, M|100/100
|-damage|p1a: Latios|88/100|[from] Stealth Rock
|move|p2a: Volcarona|Bug Buzz|p1a: Latios
|-supereffective|p1a: Latios
|-damage|p1a: Latios|0 fnt
|faint|p1a: Latios
|
|-weather|RainDance|[upkeep]
|upkeep
|
|switch|p1a: Vaporeon|Vaporeon, F|62/100
|-damage|p1a: Vaporeon|50/100|[from] Stealth Rock
|turn|16
|
|switch|p2a: Toxicroak|Toxicroak, F|78/100
|move|p1a: Vaporeon|Rest|p1a: Vaporeon
|-status|p1a: Vaporeon|slp
|-heal|p1a: Vaporeon|100/100 slp|[silent]
|-status|p1a: Vaporeon|slp|[from] move: Rest
|
|-weather|RainDance|[upkeep]
|-heal|p2a: Toxicroak|90/100|[from] ability: Dry Skin
|-activate|p1a: Vaporeon|ability: Hydration
|-curestatus|p1a: Vaporeon|slp|[msg]
|upkeep
|turn|17
|
|move|p2a: Toxicroak|Drain Punch|p1a: Vaporeon
|-damage|p1a: Vaporeon|49/100
|-heal|p2a: Toxicroak|100/100|[from] drain|[of] p1a: Vaporeon
|-damage|p2a: Toxicroak|91/100|[from] item: Life Orb
|move|p1a: Vaporeon|Acid Armor|p1a: Vaporeon
|-boost|p1a: Vaporeon|def|2
|
|-weather|RainDance|[upkeep]
|-heal|p2a: Toxicroak|100/100|[from] ability: Dry Skin
|-heal|p1a: Vaporeon|55/100|[from] item: Leftovers
|upkeep
|turn|18
|
|move|p2a: Toxicroak|Swords Dance|p2a: Toxicroak
|-boost|p2a: Toxicroak|atk|2
|move|p1a: Vaporeon|Rest|p1a: Vaporeon
|-status|p1a: Vaporeon|slp
|-heal|p1a: Vaporeon|100/100 slp|[silent]
|-status|p1a: Vaporeon|slp|[from] move: Rest
|
|-weather|RainDance|[upkeep]
|-activate|p1a: Vaporeon|ability: Hydration
|-curestatus|p1a: Vaporeon|slp|[msg]
|upkeep
|turn|19
|
|move|p2a: Toxicroak|Drain Punch|p1a: Vaporeon
|-damage|p1a: Vaporeon|43/100
|-damage|p2a: Toxicroak|91/100|[from] item: Life Orb
|move|p1a: Vaporeon|Roar|p2a: Toxicroak
|drag|p2a: Politoed|Politoed, M|100/100
|
|-weather|RainDance|[upkeep]
|-heal|p1a: Vaporeon|49/100|[from] item: Leftovers
|upkeep
|turn|20
|
|switch|p2a: Toxicroak|Toxicroak, F|91/100
|move|p1a: Vaporeon|Scald|p2a: Toxicroak
|-heal|p2a: Toxicroak|100/100|[from] ability: Dry Skin|[of] p1a: Vaporeon
|
|-weather|RainDance|[upkeep]
|-heal|p1a: Vaporeon|55/100|[from] item: Leftovers
|upkeep
|turn|21
|
|move|p2a: Toxicroak|Swords Dance|p2a: Toxicroak
|-boost|p2a: Toxicroak|atk|2
|move|p1a: Vaporeon|Roar|p2a: Toxicroak
|drag|p2a: Gyarados|Gyarados, M|100/100
|
|-weather|RainDance|[upkeep]
|-heal|p1a: Vaporeon|61/100|[from] item: Leftovers
|upkeep
|turn|22
|
|switch|p2a: Ferrothorn|Ferrothorn, F|95/100
|move|p1a: Vaporeon|Acid Armor|p1a: Vaporeon
|-boost|p1a: Vaporeon|def|2
|
|-weather|RainDance|[upkeep]
|-heal|p1a: Vaporeon|67/100|[from] item: Leftovers
|-heal|p2a: Ferrothorn|100/100|[from] item: Leftovers
|upkeep
|turn|23
|
|switch|p2a: Toxicroak|Toxicroak, F|100/100
|move|p1a: Vaporeon|Scald|p2a: Toxicroak
|-immune|p2a: Toxicroak|[msg]|[from] ability: Dry Skin
|
|-weather|RainDance|[upkeep]
|-heal|p1a: Vaporeon|74/100|[from] item: Leftovers
|upkeep
|turn|24
|
|move|p2a: Toxicroak|Drain Punch|p1a: Vaporeon
|-damage|p1a: Vaporeon|56/100
|-damage|p2a: Toxicroak|91/100|[from] item: Life Orb
|move|p1a: Vaporeon|Roar|p2a: Toxicroak
|drag|p2a: Ferrothorn|Ferrothorn, F|100/100
|
|-weather|RainDance|[upkeep]
|-heal|p1a: Vaporeon|62/100|[from] item: Leftovers
|upkeep
|turn|25
|
|move|p1a: Vaporeon|Scald|p2a: Ferrothorn
|-resisted|p2a: Ferrothorn
|-damage|p2a: Ferrothorn|85/100
|move|p2a: Ferrothorn|Leech Seed|p1a: Vaporeon
|-start|p1a: Vaporeon|move: Leech Seed
|
|-weather|RainDance|[upkeep]
|-heal|p1a: Vaporeon|68/100|[from] item: Leftovers
|-heal|p2a: Ferrothorn|91/100|[from] item: Leftovers
|-damage|p1a: Vaporeon|55/100|[from] Leech Seed|[of] p2a: Ferrothorn
|-heal|p2a: Ferrothorn|100/100|[silent]
|upkeep
|turn|26
|
|switch|p2a: Toxicroak|Toxicroak, F|91/100
|move|p1a: Vaporeon|Rest|p1a: Vaporeon
|-status|p1a: Vaporeon|slp
|-heal|p1a: Vaporeon|100/100 slp|[silent]
|-status|p1a: Vaporeon|slp|[from] move: Rest
|
|-weather|RainDance|[upkeep]
|-heal|p2a: Toxicroak|100/100|[from] ability: Dry Skin
|-activate|p1a: Vaporeon|ability: Hydration
|-curestatus|p1a: Vaporeon|slp|[msg]
|-damage|p1a: Vaporeon|88/100|[from] Leech Seed|[of] p2a: Toxicroak
|upkeep
|turn|27
|
|switch|p1a: Politoed|Politoed, M|88/100
|-damage|p1a: Politoed|76/100|[from] Stealth Rock
|move|p2a: Toxicroak|Ice Punch|p1a: Politoed
|-resisted|p1a: Politoed
|-damage|p1a: Politoed|54/100
|-damage|p2a: Toxicroak|91/100|[from] item: Life Orb
|
|-weather|RainDance|[upkeep]
|-heal|p2a: Toxicroak|100/100|[from] ability: Dry Skin
|upkeep
|turn|28
|
|switch|p2a: Politoed|Politoed, M|100/100
|move|p1a: Politoed|Hydro Pump|p2a: Politoed
|-resisted|p2a: Politoed
|-damage|p2a: Politoed|62/100
|
|-weather|RainDance|[upkeep]
|upkeep
|turn|29
|
|switch|p2a: Toxicroak|Toxicroak, F|100/100
|switch|p1a: Ferrothorn|Ferrothorn, M|39/100
|-damage|p1a: Ferrothorn|33/100|[from] Stealth Rock
|
|-weather|RainDance|[upkeep]
|-heal|p1a: Ferrothorn|39/100|[from] item: Leftovers
|upkeep
|turn|30
|
|move|p2a: Toxicroak|Drain Punch|p1a: Ferrothorn
|-supereffective|p1a: Ferrothorn
|-damage|p1a: Ferrothorn|0 fnt
|-damage|p2a: Toxicroak|88/100|[from] ability: Iron Barbs|[of] p1a: Ferrothorn
|-damage|p2a: Toxicroak|78/100|[from] item: Life Orb
|faint|p1a: Ferrothorn
|
|-weather|RainDance|[upkeep]
|-heal|p2a: Toxicroak|91/100|[from] ability: Dry Skin
|upkeep
|
|switch|p1a: Jirachi|Jirachi|100/100
|-damage|p1a: Jirachi|94/100|[from] Stealth Rock
|turn|31
|
|switch|p2a: Politoed|Politoed, M|62/100
|move|p1a: Jirachi|Substitute|p1a: Jirachi
|-start|p1a: Jirachi|Substitute
|-damage|p1a: Jirachi|69/100
|
|-weather|RainDance|[upkeep]
|-heal|p1a: Jirachi|75/100|[from] item: Leftovers
|upkeep
|turn|32
|
|move|p2a: Politoed|Encore|p1a: Jirachi
|-start|p1a: Jirachi|Encore
|move|p1a: Jirachi|Substitute|p1a: Jirachi
|-fail|p1a: Jirachi|move: Substitute
|
|-weather|RainDance|[upkeep]
|-heal|p1a: Jirachi|82/100|[from] item: Leftovers
|upkeep
|turn|33
|
|switch|p2a: Gyarados|Gyarados, M|100/100
|move|p1a: Jirachi|Substitute|p1a: Jirachi
|-fail|p1a: Jirachi|move: Substitute
|
|-weather|RainDance|[upkeep]
|-heal|p1a: Jirachi|88/100|[from] item: Leftovers
|upkeep
|turn|34
|
|move|p1a: Jirachi|Substitute|p1a: Jirachi
|-fail|p1a: Jirachi|move: Substitute
|move|p2a: Gyarados|Waterfall|p1a: Jirachi
|-end|p1a: Jirachi|Substitute
|
|-weather|RainDance|[upkeep]
|-heal|p1a: Jirachi|94/100|[from] item: Leftovers
|-end|p1a: Jirachi|Encore
|upkeep
|turn|35
|
|switch|p2a: Politoed|Politoed, M|62/100
|move|p1a: Jirachi|Thunder|p2a: Politoed
|-supereffective|p2a: Politoed
|-damage|p2a: Politoed|4/100
|
|-weather|RainDance|[upkeep]
|-heal|p1a: Jirachi|99/100|[from] item: Leftovers
|upkeep
|turn|36
|
|move|p2a: Politoed|Hydro Pump|p1a: Jirachi|[miss]
|-miss|p2a: Politoed|p1a: Jirachi
|move|p1a: Jirachi|Thunder|p2a: Politoed
|-supereffective|p2a: Politoed
|-damage|p2a: Politoed|0 fnt
|faint|p2a: Politoed
|
|-weather|RainDance|[upkeep]
|-heal|p1a: Jirachi|100/100|[from] item: Leftovers
|upkeep
|
|switch|p2a: Volcarona|Volcarona, M|67/100
|turn|37
|
|move|p2a: Volcarona|Quiver Dance|p2a: Volcarona
|-boost|p2a: Volcarona|spa|1
|-boost|p2a: Volcarona|spd|1
|-boost|p2a: Volcarona|spe|1
|move|p1a: Jirachi|Thunder|p2a: Volcarona
|-damage|p2a: Volcarona|48/100
|-status|p2a: Volcarona|par
|-enditem|p2a: Volcarona|Lum Berry|[eat]
|-curestatus|p2a: Volcarona|par|[msg]
|
|-weather|RainDance|[upkeep]
|upkeep
|turn|38
|
|move|p2a: Volcarona|Bug Buzz|p1a: Jirachi
|-damage|p1a: Jirachi|37/100
|move|p1a: Jirachi|Thunder|p2a: Volcarona
|-damage|p2a: Volcarona|27/100
|-status|p2a: Volcarona|par
|
|-weather|RainDance|[upkeep]
|-heal|p1a: Jirachi|43/100|[from] item: Leftovers
|upkeep
|turn|39
|j| Red2665
|l| Red2665
|
|move|p1a: Jirachi|Substitute|p1a: Jirachi
|-start|p1a: Jirachi|Substitute
|-damage|p1a: Jirachi|18/100
|move|p2a: Volcarona|Bug Buzz|p1a: Jirachi
|-crit|p1a: Jirachi
|-end|p1a: Jirachi|Substitute
|
|-weather|RainDance|[upkeep]
|-heal|p1a: Jirachi|25/100|[from] item: Leftovers
|upkeep
|turn|40
|
|move|p1a: Jirachi|Water Pulse|p2a: Volcarona
|-supereffective|p2a: Volcarona
|-damage|p2a: Volcarona|0 fnt
|faint|p2a: Volcarona
|
|-weather|RainDance|[upkeep]
|-heal|p1a: Jirachi|31/100|[from] item: Leftovers
|upkeep
|inactive|werwer3 has 120 seconds left.
|
|switch|p2a: Toxicroak|Toxicroak, F|91/100
|turn|41
|
|move|p1a: Jirachi|Substitute|p1a: Jirachi
|-start|p1a: Jirachi|Substitute
|-damage|p1a: Jirachi|6/100
|move|p2a: Toxicroak|Drain Punch|p1a: Jirachi
|-end|p1a: Jirachi|Substitute
|-heal|p2a: Toxicroak|100/100|[from] drain|[of] p1a: Jirachi
|-damage|p2a: Toxicroak|91/100|[from] item: Life Orb
|
|-weather|RainDance|[upkeep]
|-heal|p2a: Toxicroak|100/100|[from] ability: Dry Skin
|-heal|p1a: Jirachi|12/100|[from] item: Leftovers
|upkeep
|turn|42
|
|move|p2a: Toxicroak|Sucker Punch|p1a: Jirachi
|-damage|p1a: Jirachi|0 fnt
|-damage|p2a: Toxicroak|91/100|[from] item: Life Orb
|faint|p1a: Jirachi
|
|-weather|RainDance|[upkeep]
|-heal|p2a: Toxicroak|100/100|[from] ability: Dry Skin
|upkeep
|
|switch|p1a: Celebi|Celebi|88/100
|-damage|p1a: Celebi|75/100|[from] Stealth Rock
|turn|43
|
|switch|p2a: Ferrothorn|Ferrothorn, F|100/100
|move|p1a: Celebi|Psychic|p2a: Ferrothorn
|-resisted|p2a: Ferrothorn
|-damage|p2a: Ferrothorn|89/100
|
|-weather|RainDance|[upkeep]
|-heal|p1a: Celebi|81/100|[from] item: Leftovers
|-heal|p2a: Ferrothorn|95/100|[from] item: Leftovers
|upkeep
|turn|44
|
|move|p1a: Celebi|Perish Song|p1a: Celebi
|-start|p1a: Celebi|perish3|[silent]
|-start|p2a: Ferrothorn|perish3|[silent]
|-fieldactivate|move: Perish Song
|move|p2a: Ferrothorn|Gyro Ball|p1a: Celebi
|-damage|p1a: Celebi|42/100
|
|-weather|RainDance|[upkeep]
|-heal|p1a: Celebi|48/100|[from] item: Leftovers
|-heal|p2a: Ferrothorn|100/100|[from] item: Leftovers
|-start|p1a: Celebi|perish3
|-start|p2a: Ferrothorn|perish3
|upkeep
|turn|45
|
|switch|p1a: Vaporeon|Vaporeon, F|88/100
|-damage|p1a: Vaporeon|76/100|[from] Stealth Rock
|move|p2a: Ferrothorn|Gyro Ball|p1a: Vaporeon
|-resisted|p1a: Vaporeon
|-damage|p1a: Vaporeon|59/100
|
|-weather|RainDance|[upkeep]
|-heal|p1a: Vaporeon|65/100|[from] item: Leftovers
|-start|p2a: Ferrothorn|perish2
|upkeep
|turn|46
|
|move|p1a: Vaporeon|Acid Armor|p1a: Vaporeon
|-boost|p1a: Vaporeon|def|2
|move|p2a: Ferrothorn|Leech Seed|p1a: Vaporeon
|-start|p1a: Vaporeon|move: Leech Seed
|
|-weather|RainDance|[upkeep]
|-heal|p1a: Vaporeon|71/100|[from] item: Leftovers
|-damage|p1a: Vaporeon|59/100|[from] Leech Seed|[of] p2a: Ferrothorn
|-start|p2a: Ferrothorn|perish1
|upkeep
|turn|47
|
|switch|p1a: Celebi|Celebi|48/100
|-damage|p1a: Celebi|36/100|[from] Stealth Rock
|switch|p2a: Toxicroak|Toxicroak, F|100/100
|
|-weather|RainDance|[upkeep]
|-heal|p1a: Celebi|42/100|[from] item: Leftovers
|upkeep
|turn|48
|
|move|p2a: Toxicroak|Ice Punch|p1a: Celebi
|-supereffective|p1a: Celebi
|-damage|p1a: Celebi|0 fnt
|-damage|p2a: Toxicroak|91/100|[from] item: Life Orb
|faint|p1a: Celebi
|
|-weather|RainDance|[upkeep]
|-heal|p2a: Toxicroak|100/100|[from] ability: Dry Skin
|upkeep
|
|switch|p1a: Vaporeon|Vaporeon, F|59/100
|-damage|p1a: Vaporeon|46/100|[from] Stealth Rock
|turn|49
|
|move|p2a: Toxicroak|Drain Punch|p1a: Vaporeon
|-damage|p1a: Vaporeon|0 fnt
|-damage|p2a: Toxicroak|91/100|[from] item: Life Orb
|faint|p1a: Vaporeon
|
|-weather|RainDance|[upkeep]
|-heal|p2a: Toxicroak|100/100|[from] ability: Dry Skin
|upkeep
|-message|CroCoeur forfeited.
|
|win|werwer3
|l|☆CroCoeur
|raw|CroCoeur's rating: 1357 &rarr; <strong>1337</strong><br />(-20 for losing)
|raw|werwer3's rating: 1365 &rarr; <strong>1384</strong><br />(+19 for winning)
