|j|☆Kautilya07
|j|☆leleenabbo
|t:|1598861844
|player|p1|Kautilya07|li|1369
|player|p2|leleenabbo|ltsurge-gen2|1347
|teamsize|p1|6
|teamsize|p2|6
|gametype|singles
|gen|5
|tier|[Gen 5] OU
|rated|
|clearpoke
|poke|p1|Breloom, F|item
|poke|p1|Scizor, F|item
|poke|p1|Heatran, M|item
|poke|p1|Keldeo-Resolute|item
|poke|p1|Latios, M|item
|poke|p1|Salamence, M|item
|poke|p2|Latios, M|item
|poke|p2|Forretress, M|item
|poke|p2|Tyranitar, M|item
|poke|p2|Jellicent, M|item
|poke|p2|Mamoswine, F|item
|poke|p2|Scizor, M|item
|rule|Species Clause: Limit one of each Pokémon
|rule|OHKO Clause: OHKO moves are banned
|rule|Moody Clause: Moody is banned
|rule|Evasion Moves Clause: Evasion moves are banned
|rule|Endless Battle Clause: Forcing endless battles is banned
|rule|HP Percentage Mod: HP is shown in percentages
|rule|Evasion Abilities Clause: Evasion abilities are banned
|rule|Baton Pass Clause: Limit one Baton Passer, can't pass Spe and other stats simultaneously
|rule|Sleep Clause: Sleep-inducing moves are banned
|rule|Swagger Clause: Swagger is banned
|teampreview
|inactive|Battle timer is ON: inactive players will automatically lose when time's up. (requested by Kautilya07)
|j| indesertindarkness
|
|t:|1598861879
|start
|switch|p1a: Keldeo|Keldeo-Resolute|100/100
|switch|p2a: TRIANGOLO|Latios, M|100/100
|turn|1
|
|t:|1598861895
|switch|p1a: Scizor|Scizor, F|100/100
|move|p2a: TRIANGOLO|Dragon Pulse|p1a: Scizor
|-resisted|p1a: Scizor
|-damage|p1a: Scizor|74/100
|
|upkeep
|turn|2
|
|t:|1598861908
|switch|p2a: U JELLLY?|Jellicent, M|100/100
|move|p1a: Scizor|Bullet Punch|p2a: U JELLLY?
|-resisted|p2a: U JELLLY?
|-damage|p2a: U JELLLY?|82/100
|-damage|p1a: Scizor|64/100|[from] item: Life Orb
|
|-heal|p2a: U JELLLY?|88/100|[from] item: Leftovers
|upkeep
|turn|3
|
|t:|1598861921
|switch|p1a: Heatran|Heatran, M, shiny|100/100
|move|p2a: U JELLLY?|Scald|p1a: Heatran
|-supereffective|p1a: Heatran
|-damage|p1a: Heatran|72/100
|
|-heal|p1a: Heatran|78/100|[from] item: Leftovers
|-heal|p2a: U JELLLY?|95/100|[from] item: Leftovers
|upkeep
|turn|4
|
|t:|1598861930
|move|p1a: Heatran|Stealth Rock|p2a: U JELLLY?
|-sidestart|p2: leleenabbo|move: Stealth Rock
|move|p2a: U JELLLY?|Scald|p1a: Heatran
|-supereffective|p1a: Heatran
|-damage|p1a: Heatran|47/100
|
|-heal|p1a: Heatran|53/100|[from] item: Leftovers
|-heal|p2a: U JELLLY?|100/100|[from] item: Leftovers
|upkeep
|turn|5
|
|t:|1598861942
|move|p1a: Heatran|Protect|p1a: Heatran
|-singleturn|p1a: Heatran|Protect
|move|p2a: U JELLLY?|Scald|p1a: Heatran
|-activate|p1a: Heatran|move: Protect
|
|-heal|p1a: Heatran|59/100|[from] item: Leftovers
|upkeep
|turn|6
|
|t:|1598861951
|move|p2a: U JELLLY?|Scald|p1a: Heatran
|-supereffective|p1a: Heatran
|-damage|p1a: Heatran|29/100
|move|p1a: Heatran|Roar|p2a: U JELLLY?
|drag|p2a: MAMMO|Mamoswine, F|100/100
|-damage|p2a: MAMMO|88/100|[from] Stealth Rock
|
|-heal|p1a: Heatran|35/100|[from] item: Leftovers
|upkeep
|turn|7
|inactive|leleenabbo has 120 seconds left.
|inactive|leleenabbo has 90 seconds left.
|
|t:|1598862012
|switch|p2a: U JELLLY?|Jellicent, M|100/100
|-damage|p2a: U JELLLY?|88/100|[from] Stealth Rock
|move|p1a: Heatran|Protect||[still]
|-fail|p1a: Heatran
|
|-heal|p1a: Heatran|41/100|[from] item: Leftovers
|-heal|p2a: U JELLLY?|94/100|[from] item: Leftovers
|upkeep
|turn|8
|
|t:|1598862020
|move|p1a: Heatran|Protect|p1a: Heatran
|-singleturn|p1a: Heatran|Protect
|move|p2a: U JELLLY?|Scald|p1a: Heatran
|-activate|p1a: Heatran|move: Protect
|
|-heal|p1a: Heatran|48/100|[from] item: Leftovers
|-heal|p2a: U JELLLY?|100/100|[from] item: Leftovers
|upkeep
|turn|9
|
|t:|1598862043
|switch|p1a: Latios|Latios, M|100/100
|move|p2a: U JELLLY?|Scald|p1a: Latios
|-resisted|p1a: Latios
|-damage|p1a: Latios|89/100
|
|upkeep
|turn|10
|
|t:|1598862051
|switch|p2a: Taz|Tyranitar, M|100/100
|-damage|p2a: Taz|88/100|[from] Stealth Rock
|-weather|Sandstorm|[from] ability: Sand Stream|[of] p2a: Taz
|move|p1a: Latios|Trick|p2a: Taz
|-activate|p1a: Latios|move: Trick|[of] p2a: Taz
|-item|p2a: Taz|Choice Specs|[from] move: Trick
|-item|p1a: Latios|Choice Band|[from] move: Trick
|
|-weather|Sandstorm|[upkeep]
|-damage|p1a: Latios|83/100|[from] Sandstorm
|upkeep
|turn|11
|inactive|leleenabbo has 120 seconds left.
|c|☆leleenabbo|give it back dude wtf
|j| Nico11
|inactive|Kautilya07 has 120 seconds left.
|c|☆leleenabbo|i pursuit u stay in and give back
|
|t:|1598862081
|move|p1a: Latios|Draco Meteor|p2a: Taz
|-crit|p2a: Taz
|-damage|p2a: Taz|0 fnt
|-unboost|p1a: Latios|spa|2
|faint|p2a: Taz
|
|-weather|Sandstorm|[upkeep]
|-damage|p1a: Latios|77/100|[from] Sandstorm
|upkeep
|c|☆leleenabbo|LOL
|
|t:|1598862095
|switch|p2a: ROBOTTONE|Scizor, M, shiny|100/100
|-damage|p2a: ROBOTTONE|88/100|[from] Stealth Rock
|turn|12
|c|☆Kautilya07|oh god lol
|inactive|Kautilya07 has 120 seconds left.
|c|☆Kautilya07|i didn't expect it to be banded
|
|t:|1598862127
|-activate|p1a: Latios|move: Pursuit
|move|p2a: ROBOTTONE|Pursuit|p1a: Latios|[from]Pursuit
|-supereffective|p1a: Latios
|-damage|p1a: Latios|0 fnt
|-hint|A Pokemon can't switch between when it runs out of HP and when it faints
|faint|p1a: Latios
|
|-weather|Sandstorm|[upkeep]
|upkeep
|
|t:|1598862140
|switch|p1a: Heatran|Heatran, M, shiny|48/100
|turn|13
|inactive|leleenabbo has 90 seconds left.
|c|☆leleenabbo|dude after someone removes zor and tran scarf latios is on a streak
|
|t:|1598862176
|switch|p2a: U JELLLY?|Jellicent, M|100/100
|-damage|p2a: U JELLLY?|88/100|[from] Stealth Rock
|move|p1a: Heatran|Roar|p2a: U JELLLY?
|drag|p2a: PINBALL|Forretress, M|100/100
|-damage|p2a: PINBALL|88/100|[from] Stealth Rock
|
|-weather|Sandstorm|[upkeep]
|-heal|p1a: Heatran|54/100|[from] item: Leftovers
|-heal|p2a: PINBALL|94/100|[from] item: Leftovers
|upkeep
|turn|14
|
|t:|1598862188
|move|p1a: Heatran|Lava Plume|p2a: PINBALL
|-supereffective|p2a: PINBALL
|-damage|p2a: PINBALL|0 fnt
|faint|p2a: PINBALL
|
|-weather|Sandstorm|[upkeep]
|-heal|p1a: Heatran|60/100|[from] item: Leftovers
|upkeep
|
|t:|1598862190
|switch|p2a: U JELLLY?|Jellicent, M|88/100
|-damage|p2a: U JELLLY?|76/100|[from] Stealth Rock
|turn|15
|
|t:|1598862198
|move|p1a: Heatran|Protect|p1a: Heatran
|-singleturn|p1a: Heatran|Protect
|move|p2a: U JELLLY?|Scald|p1a: Heatran
|-activate|p1a: Heatran|move: Protect
|
|-weather|Sandstorm|[upkeep]
|-damage|p2a: U JELLLY?|69/100|[from] Sandstorm
|-heal|p1a: Heatran|66/100|[from] item: Leftovers
|-heal|p2a: U JELLLY?|76/100|[from] item: Leftovers
|upkeep
|turn|16
|inactive|Kautilya07 has 120 seconds left.
|
|t:|1598862209
|move|p2a: U JELLLY?|Scald|p1a: Heatran
|-supereffective|p1a: Heatran
|-damage|p1a: Heatran|38/100
|move|p1a: Heatran|Roar|p2a: U JELLLY?
|drag|p2a: MAMMO|Mamoswine, F|88/100
|-damage|p2a: MAMMO|76/100|[from] Stealth Rock
|
|-weather|Sandstorm|[upkeep]
|-heal|p1a: Heatran|45/100|[from] item: Leftovers
|upkeep
|turn|17
|inactive|Kautilya07 has 120 seconds left.
|
|t:|1598862219
|move|p1a: Heatran|Protect|p1a: Heatran
|-singleturn|p1a: Heatran|Protect
|move|p2a: MAMMO|Stealth Rock|p1a: Heatran
|-sidestart|p1: Kautilya07|move: Stealth Rock
|
|-weather|Sandstorm|[upkeep]
|-heal|p1a: Heatran|51/100|[from] item: Leftovers
|upkeep
|turn|18
|inactive|Kautilya07 has 120 seconds left.
|
|t:|1598862239
|switch|p1a: Breloom|Breloom, F, shiny|100/100
|-damage|p1a: Breloom|94/100|[from] Stealth Rock
|move|p2a: MAMMO|Earthquake|p1a: Breloom
|-resisted|p1a: Breloom
|-damage|p1a: Breloom|41/100
|-damage|p2a: MAMMO|66/100|[from] item: Life Orb
|
|-weather|Sandstorm|[upkeep]
|-damage|p1a: Breloom|35/100|[from] Sandstorm
|upkeep
|turn|19
|inactive|leleenabbo has 120 seconds left.
|
|t:|1598862251
|move|p2a: MAMMO|Ice Shard|p1a: Breloom
|-supereffective|p1a: Breloom
|-damage|p1a: Breloom|0 fnt
|-damage|p2a: MAMMO|56/100|[from] item: Life Orb
|faint|p1a: Breloom
|
|-weather|Sandstorm|[upkeep]
|upkeep
|
|t:|1598862276
|switch|p1a: Scizor|Scizor, F|64/100
|-damage|p1a: Scizor|51/100|[from] Stealth Rock
|turn|20
|
|t:|1598862281
|switch|p2a: ROBOTTONE|Scizor, M, shiny|88/100
|-damage|p2a: ROBOTTONE|76/100|[from] Stealth Rock
|move|p1a: Scizor|Bullet Punch|p2a: ROBOTTONE
|-resisted|p2a: ROBOTTONE
|-damage|p2a: ROBOTTONE|53/100
|-damage|p1a: Scizor|41/100|[from] item: Life Orb
|
|-weather|Sandstorm|[upkeep]
|upkeep
|turn|21
|
|t:|1598862295
|move|p1a: Scizor|Superpower|p2a: ROBOTTONE
|-damage|p2a: ROBOTTONE|0 fnt
|-unboost|p1a: Scizor|atk|1
|-unboost|p1a: Scizor|def|1
|-damage|p1a: Scizor|32/100|[from] item: Life Orb
|faint|p2a: ROBOTTONE
|
|-weather|Sandstorm|[upkeep]
|upkeep
|
|t:|1598862307
|switch|p2a: U JELLLY?|Jellicent, M|76/100
|-damage|p2a: U JELLLY?|63/100|[from] Stealth Rock
|turn|22
|c|☆leleenabbo|plus jelli walls everything dude!
|inactive|Kautilya07 has 90 seconds left.
|c|☆leleenabbo|pursuit zor and hp electric keldeo help
|c|☆leleenabbo|though with zor u gotta dodge wow
|
|t:|1598862363
|move|p2a: U JELLLY?|Recover|p2a: U JELLLY?
|-heal|p2a: U JELLLY?|100/100
|move|p1a: Scizor|U-turn|p2a: U JELLLY?
|-resisted|p2a: U JELLLY?
|-damage|p2a: U JELLLY?|86/100
|-damage|p1a: Scizor|22/100|[from] item: Life Orb
|inactive|Kautilya07 has 60 seconds left.
|
|t:|1598862375
|switch|p1a: Heatran|Heatran, M, shiny|51/100|[from]move: U-turn
|-damage|p1a: Heatran|38/100|[from] Stealth Rock
|
|-weather|Sandstorm|[upkeep]
|-damage|p2a: U JELLLY?|79/100|[from] Sandstorm
|-heal|p1a: Heatran|45/100|[from] item: Leftovers
|-heal|p2a: U JELLLY?|86/100|[from] item: Leftovers
|upkeep
|turn|23
|inactive|Kautilya07 has 60 seconds left.
|
|t:|1598862388
|move|p1a: Heatran|Protect|p1a: Heatran
|-singleturn|p1a: Heatran|Protect
|move|p2a: U JELLLY?|Scald|p1a: Heatran
|-activate|p1a: Heatran|move: Protect
|
|-weather|Sandstorm|[upkeep]
|-damage|p2a: U JELLLY?|79/100|[from] Sandstorm
|-heal|p1a: Heatran|51/100|[from] item: Leftovers
|-heal|p2a: U JELLLY?|86/100|[from] item: Leftovers
|upkeep
|turn|24
|inactive|Kautilya07 has 60 seconds left.
|
|t:|1598862399
|move|p1a: Heatran|Lava Plume|p2a: U JELLLY?
|-resisted|p2a: U JELLLY?
|-crit|p2a: U JELLLY?
|-damage|p2a: U JELLLY?|60/100
|move|p2a: U JELLLY?|Scald|p1a: Heatran
|-supereffective|p1a: Heatran
|-damage|p1a: Heatran|23/100
|
|-weather|Sandstorm|[upkeep]
|-damage|p2a: U JELLLY?|54/100|[from] Sandstorm
|-heal|p1a: Heatran|29/100|[from] item: Leftovers
|-heal|p2a: U JELLLY?|60/100|[from] item: Leftovers
|upkeep
|turn|25
|inactive|Kautilya07 has 60 seconds left.
|
|t:|1598862410
|move|p1a: Heatran|Protect|p1a: Heatran
|-singleturn|p1a: Heatran|Protect
|move|p2a: U JELLLY?|Recover|p2a: U JELLLY?
|-heal|p2a: U JELLLY?|100/100
|
|-weather|Sandstorm|[upkeep]
|-damage|p2a: U JELLLY?|94/100|[from] Sandstorm
|-heal|p1a: Heatran|35/100|[from] item: Leftovers
|-heal|p2a: U JELLLY?|100/100|[from] item: Leftovers
|upkeep
|turn|26
|inactive|Kautilya07 has 60 seconds left.
|
|t:|1598862421
|move|p2a: U JELLLY?|Scald|p1a: Heatran
|-supereffective|p1a: Heatran
|-damage|p1a: Heatran|4/100
|move|p1a: Heatran|Roar|p2a: U JELLLY?
|drag|p2a: MAMMO|Mamoswine, F|56/100
|-damage|p2a: MAMMO|44/100|[from] Stealth Rock
|
|-weather|Sandstorm|[upkeep]
|-heal|p1a: Heatran|10/100|[from] item: Leftovers
|upkeep
|turn|27
|inactive|Kautilya07 has 60 seconds left.
|
|t:|1598862432
|switch|p2a: U JELLLY?|Jellicent, M|100/100
|-damage|p2a: U JELLLY?|88/100|[from] Stealth Rock
|move|p1a: Heatran|Protect||[still]
|-fail|p1a: Heatran
|
|-weather|Sandstorm|[upkeep]
|-damage|p2a: U JELLLY?|82/100|[from] Sandstorm
|-heal|p1a: Heatran|16/100|[from] item: Leftovers
|-heal|p2a: U JELLLY?|88/100|[from] item: Leftovers
|upkeep
|turn|28
|inactive|Kautilya07 has 60 seconds left.
|
|t:|1598862444
|move|p2a: U JELLLY?|Scald|p1a: Heatran
|-supereffective|p1a: Heatran
|-damage|p1a: Heatran|0 fnt
|faint|p1a: Heatran
|
|-weather|Sandstorm|[upkeep]
|-damage|p2a: U JELLLY?|82/100|[from] Sandstorm
|-heal|p2a: U JELLLY?|88/100|[from] item: Leftovers
|upkeep
|inactive|Kautilya07 has 60 seconds left.
|
|t:|1598862456
|switch|p1a: Salamence|Salamence, M|100/100
|-damage|p1a: Salamence|76/100|[from] Stealth Rock
|turn|29
|inactive|Kautilya07 has 60 seconds left.
|
|t:|1598862474
|move|p1a: Salamence|Crunch|p2a: U JELLLY?
|-supereffective|p2a: U JELLLY?
|-damage|p2a: U JELLLY?|37/100
|move|p2a: U JELLLY?|Will-O-Wisp|p1a: Salamence
|-status|p1a: Salamence|brn
|
|-weather|Sandstorm|[upkeep]
|-damage|p1a: Salamence|70/100 brn|[from] Sandstorm
|-damage|p2a: U JELLLY?|31/100|[from] Sandstorm
|-heal|p2a: U JELLLY?|37/100|[from] item: Leftovers
|-damage|p1a: Salamence|57/100 brn|[from] brn
|upkeep
|turn|30
|inactive|Kautilya07 has 60 seconds left.
|
|t:|1598862484
|move|p1a: Salamence|Crunch|p2a: U JELLLY?
|-supereffective|p2a: U JELLLY?
|-damage|p2a: U JELLLY?|14/100
|move|p2a: U JELLLY?|Recover|p2a: U JELLLY?
|-heal|p2a: U JELLLY?|64/100
|
|-weather|Sandstorm|[upkeep]
|-damage|p1a: Salamence|51/100 brn|[from] Sandstorm
|-damage|p2a: U JELLLY?|58/100|[from] Sandstorm
|-heal|p2a: U JELLLY?|64/100|[from] item: Leftovers
|-damage|p1a: Salamence|39/100 brn|[from] brn
|upkeep
|turn|31
|inactive|Kautilya07 has 60 seconds left.
|
|t:|1598862495
|move|p1a: Salamence|Crunch|p2a: U JELLLY?
|-supereffective|p2a: U JELLLY?
|-crit|p2a: U JELLLY?
|-damage|p2a: U JELLLY?|17/100
|move|p2a: U JELLLY?|Recover|p2a: U JELLLY?
|-heal|p2a: U JELLLY?|67/100
|
|-weather|Sandstorm|[upkeep]
|-damage|p1a: Salamence|33/100 brn|[from] Sandstorm
|-damage|p2a: U JELLLY?|61/100|[from] Sandstorm
|-heal|p2a: U JELLLY?|67/100|[from] item: Leftovers
|-damage|p1a: Salamence|20/100 brn|[from] brn
|upkeep
|turn|32
|inactive|Kautilya07 has 60 seconds left.
|
|t:|1598862507
|move|p1a: Salamence|Crunch|p2a: U JELLLY?
|-supereffective|p2a: U JELLLY?
|-damage|p2a: U JELLLY?|42/100
|move|p2a: U JELLLY?|Recover|p2a: U JELLLY?
|-heal|p2a: U JELLLY?|92/100
|
|-weather|Sandstorm|[upkeep]
|-damage|p1a: Salamence|14/100 brn|[from] Sandstorm
|-damage|p2a: U JELLLY?|86/100|[from] Sandstorm
|-heal|p2a: U JELLLY?|92/100|[from] item: Leftovers
|-damage|p1a: Salamence|2/100 brn|[from] brn
|upkeep
|turn|33
|inactive|Kautilya07 has 60 seconds left.
|
|t:|1598862533
|move|p1a: Salamence|Crunch|p2a: U JELLLY?
|-supereffective|p2a: U JELLLY?
|-damage|p2a: U JELLLY?|67/100
|move|p2a: U JELLLY?|Recover|p2a: U JELLLY?
|-heal|p2a: U JELLLY?|100/100
|
|-weather|Sandstorm|[upkeep]
|-damage|p1a: Salamence|0 fnt|[from] Sandstorm
|-damage|p2a: U JELLLY?|94/100|[from] Sandstorm
|faint|p1a: Salamence
|-heal|p2a: U JELLLY?|100/100|[from] item: Leftovers
|upkeep
|inactive|Kautilya07 has 60 seconds left.
|
|t:|1598862548
|switch|p1a: Scizor|Scizor, F|22/100
|-damage|p1a: Scizor|9/100|[from] Stealth Rock
|turn|34
|inactive|Kautilya07 has 60 seconds left.
|
|t:|1598862562
|move|p1a: Scizor|Bullet Punch|p2a: U JELLLY?
|-resisted|p2a: U JELLLY?
|-damage|p2a: U JELLLY?|83/100
|-damage|p1a: Scizor|0 fnt|[from] item: Life Orb
|faint|p1a: Scizor
|move|p2a: U JELLLY?|Scald|p1: Scizor|[notarget]
|-fail|p2a: U JELLLY?
|
|-weather|Sandstorm|[upkeep]
|-damage|p2a: U JELLLY?|77/100|[from] Sandstorm
|-heal|p2a: U JELLLY?|83/100|[from] item: Leftovers
|upkeep
|-message|Kautilya07 forfeited.
|
|win|leleenabbo
|l|☆Kautilya07
|raw|Kautilya07's rating: 1369 &rarr; <strong>1348</strong><br />(-21 for losing)
|raw|leleenabbo's rating: 1347 &rarr; <strong>1369</strong><br />(+22 for winning)
|l| Nico11
