|j|☆cat at work
|j|☆AediionVGC
|t:|1741109350
|gametype|singles
|player|p1|cat at work|102|1320
|player|p2|AediionVGC|cameraman|1312
|teamsize|p1|6
|teamsize|p2|6
|gen|5
|tier|[Gen 5] OU
|rated|
|rule|Species Clause: Limit one of each Pokémon
|rule|OHKO Clause: OHKO moves are banned
|rule|Moody Clause: Moody is banned
|rule|Evasion Items Clause: Evasion items are banned
|rule|Evasion Moves Clause: Evasion moves are banned
|rule|Endless Battle Clause: Forcing endless battles is banned
|rule|HP Percentage Mod: HP is shown in percentages
|rule|Evasion Abilities Clause: Evasion abilities are banned
|rule|Sleep Moves Clause: Sleep-inducing moves are banned
|rule|Swagger Clause: Swagger is banned
|rule|Baton Pass Stat Clause: No Baton Passer may have a way to boost its stats
|clearpoke
|poke|p1|Landorus-Therian, M|item
|poke|p1|Jirachi|item
|poke|p1|Starmie|item
|poke|p1|Mamoswine, F|item
|poke|p1|Dragonite, M|item
|poke|p1|Metagross|item
|poke|p2|Reuniclus, M|item
|poke|p2|Alakazam, M|item
|poke|p2|Conkeldurr, M|item
|poke|p2|Latios, M|item
|poke|p2|Lucario, M|item
|poke|p2|Garchomp, M|item
|teampreview
|inactive|Battle timer is ON: inactive players will automatically lose when time's up. (requested by AediionVGC)
|c|☆cat at work|gl hf
|
|t:|1741109365
|start
|switch|p1a: Landorus|Landorus-Therian, M|100/100
|switch|p2a: Reuniclus|Reuniclus, M|100/100
|-ability|p1a: Landorus|Intimidate|boost
|-unboost|p2a: Reuniclus|atk|1
|turn|1
|
|t:|1741109371
|move|p1a: Landorus|Stealth Rock|p2a: Reuniclus
|-sidestart|p2: AediionVGC|move: Stealth Rock
|move|p2a: Reuniclus|Hidden Power|p1a: Landorus
|-supereffective|p1a: Landorus
|-enditem|p1a: Landorus|Focus Sash
|-damage|p1a: Landorus|1/100
|
|upkeep
|turn|2
|
|t:|1741109376
|move|p1a: Landorus|Explosion|p2a: Reuniclus
|-damage|p2a: Reuniclus|0 fnt
|faint|p1a: Landorus
|faint|p2a: Reuniclus
|
|upkeep
|
|t:|1741109385
|switch|p1a: Jirachi|Jirachi|100/100
|switch|p2a: Garchomp|Garchomp, M|100/100
|-damage|p2a: Garchomp|94/100|[from] Stealth Rock
|turn|3
|
|t:|1741109400
|switch|p1a: Starmie|Starmie|100/100
|-item|p1a: Starmie|Air Balloon
|move|p2a: Garchomp|Flamethrower|p1a: Starmie
|-resisted|p1a: Starmie
|-damage|p1a: Starmie|89/100
|-enditem|p1a: Starmie|Air Balloon
|
|upkeep
|turn|4
|
|t:|1741109409
|switch|p2a: Latios|Latios, M|100/100
|-damage|p2a: Latios|88/100|[from] Stealth Rock
|move|p1a: Starmie|Ice Beam|p2a: Latios
|-supereffective|p2a: Latios
|-damage|p2a: Latios|16/100
|
|upkeep
|turn|5
|
|t:|1741109416
|switch|p1a: Jirachi|Jirachi|100/100
|move|p2a: Latios|Draco Meteor|p1a: Jirachi
|-resisted|p1a: Jirachi
|-damage|p1a: Jirachi|64/100
|-unboost|p2a: Latios|spa|2
|
|upkeep
|turn|6
|
|t:|1741109420
|move|p2a: Latios|Draco Meteor|p1a: Jirachi|[miss]
|-miss|p2a: Latios|p1a: Jirachi
|move|p1a: Jirachi|Psyshock|p2a: Latios
|-resisted|p2a: Latios
|-damage|p2a: Latios|0 fnt
|faint|p2a: Latios
|-damage|p1a: Jirachi|54/100|[from] item: Life Orb
|
|upkeep
|
|t:|1741109424
|switch|p2a: Garchomp|Garchomp, M|94/100
|-damage|p2a: Garchomp|88/100|[from] Stealth Rock
|turn|7
|
|t:|1741109431
|move|p2a: Garchomp|Earthquake|p1a: Jirachi
|-supereffective|p1a: Jirachi
|-damage|p1a: Jirachi|0 fnt
|faint|p1a: Jirachi
|
|upkeep
|
|t:|1741109449
|switch|p1a: Mamoswine|Mamoswine, F|100/100
|turn|8
|inactive|AediionVGC has 120 seconds left.
|inactive|AediionVGC has 90 seconds left.
|
|t:|1741109511
|switch|p2a: Conkeldurr|Conkeldurr, M|100/100
|-damage|p2a: Conkeldurr|94/100|[from] Stealth Rock
|move|p1a: Mamoswine|Substitute|p1a: Mamoswine
|-start|p1a: Mamoswine|Substitute
|-damage|p1a: Mamoswine|75/100
|
|-status|p2a: Conkeldurr|brn|[from] item: Flame Orb
|upkeep
|turn|9
|
|t:|1741109519
|move|p1a: Mamoswine|Earthquake|p2a: Conkeldurr
|-damage|p2a: Conkeldurr|55/100 brn
|move|p2a: Conkeldurr|Drain Punch|p1a: Mamoswine
|-supereffective|p1a: Mamoswine
|-end|p1a: Mamoswine|Substitute
|-heal|p2a: Conkeldurr|67/100 brn|[from] drain|[of] p1a: Mamoswine
|
|-damage|p2a: Conkeldurr|55/100 brn|[from] brn
|upkeep
|turn|10
|
|t:|1741109528
|switch|p1a: Dragonite|Dragonite, M|100/100
|move|p2a: Conkeldurr|Facade|p1a: Dragonite
|-damage|p1a: Dragonite|60/100
|
|-damage|p2a: Conkeldurr|42/100 brn|[from] brn
|upkeep
|turn|11
|
|t:|1741109534
|move|p1a: Dragonite|Outrage|p2a: Conkeldurr
|-damage|p2a: Conkeldurr|0 fnt
|faint|p2a: Conkeldurr
|
|upkeep
|
|t:|1741109537
|switch|p2a: Lucario|Lucario, M|100/100
|-damage|p2a: Lucario|98/100|[from] Stealth Rock
|turn|12
|inactive|AediionVGC has 120 seconds left.
|
|t:|1741109553
|move|p2a: Lucario|Nasty Plot|p2a: Lucario
|-boost|p2a: Lucario|spa|2
|move|p1a: Dragonite|Outrage|p2a: Lucario|[from] lockedmove
|-resisted|p2a: Lucario
|-damage|p2a: Lucario|30/100
|
|upkeep
|turn|13
|
|t:|1741109557
|move|p2a: Lucario|Flash Cannon|p1a: Dragonite
|-damage|p1a: Dragonite|0 fnt
|faint|p1a: Dragonite
|
|upkeep
|
|t:|1741109561
|switch|p1a: Starmie|Starmie|89/100
|turn|14
|
|t:|1741109564
|move|p2a: Lucario|Extreme Speed|p1a: Starmie
|-damage|p1a: Starmie|58/100
|move|p1a: Starmie|Hydro Pump|p2a: Lucario
|-damage|p2a: Lucario|0 fnt
|faint|p2a: Lucario
|
|upkeep
|inactive|AediionVGC has 120 seconds left.
|
|t:|1741109616
|switch|p2a: Alakazam|Alakazam, M|100/100
|turn|15
|
|t:|1741109629
|move|p2a: Alakazam|Shadow Ball|p1a: Starmie
|-supereffective|p1a: Starmie
|-damage|p1a: Starmie|0 fnt
|faint|p1a: Starmie
|
|upkeep
|
|t:|1741109637
|switch|p1a: Metagross|Metagross|100/100
|turn|16
|
|t:|1741109645
|switch|p2a: Garchomp|Garchomp, M|88/100
|-damage|p2a: Garchomp|82/100|[from] Stealth Rock
|move|p1a: Metagross|Meteor Mash|p2a: Garchomp
|-damage|p2a: Garchomp|13/100
|-damage|p1a: Metagross|88/100|[from] ability: Rough Skin|[of] p2a: Garchomp
|-damage|p1a: Metagross|78/100|[from] item: Life Orb
|
|upkeep
|turn|17
|
|t:|1741109652
|switch|p1a: Mamoswine|Mamoswine, F|75/100
|move|p2a: Garchomp|Earthquake|p1a: Mamoswine
|-damage|p1a: Mamoswine|17/100
|-enditem|p1a: Mamoswine|Salac Berry|[eat]
|-boost|p1a: Mamoswine|spe|1|[from] item: Salac Berry
|
|upkeep
|turn|18
|
|t:|1741109656
|move|p1a: Mamoswine|Ice Shard|p2a: Garchomp
|-supereffective|p2a: Garchomp
|-damage|p2a: Garchomp|0 fnt
|faint|p2a: Garchomp
|
|upkeep
|
|t:|1741109659
|switch|p2a: Alakazam|Alakazam, M|100/100
|turn|19
|
|t:|1741109664
|move|p1a: Mamoswine|Earthquake|p2a: Alakazam
|-enditem|p2a: Alakazam|Focus Sash
|-damage|p2a: Alakazam|1/100
|move|p2a: Alakazam|Drain Punch|p1a: Mamoswine
|-supereffective|p1a: Mamoswine
|-damage|p1a: Mamoswine|0 fnt
|-heal|p2a: Alakazam|13/100|[from] drain|[of] p1a: Mamoswine
|faint|p1a: Mamoswine
|
|upkeep
|
|t:|1741109667
|switch|p1a: Metagross|Metagross|78/100
|turn|20
|
|t:|1741109670
|move|p2a: Alakazam|Shadow Ball|p1a: Metagross
|-damage|p1a: Metagross|42/100
|move|p1a: Metagross|Earthquake|p2a: Alakazam
|-damage|p2a: Alakazam|0 fnt
|faint|p2a: Alakazam
|-damage|p1a: Metagross|32/100|[from] item: Life Orb
|
|win|cat at work
|raw|cat at work's rating: 1320 &rarr; <strong>1340</strong><br />(+20 for winning)
|raw|AediionVGC's rating: 1312 &rarr; <strong>1292</strong><br />(-20 for losing)
|l|☆AediionVGC
|player|p2|
|c|☆cat at work|gg
