|j|☆99 Red drifloon
|j|☆hooplahoop
|player|p1|99 Red drifloon|101
|player|p2|hooplahoop|16
|teamsize|p1|6
|teamsize|p2|6
|gametype|singles
|gen|5
|tier|[Gen 5] OU
|rated|
|rule|Sleep Clause Mod: Limit one foe put to sleep
|rule|Species Clause: Limit one of each Pokémon
|rule|OHKO Clause: OHKO moves are banned
|rule|Moody Clause: Moody is banned
|rule|Evasion Moves Clause: Evasion moves are banned
|rule|Endless Battle Clause: Forcing endless battles is banned
|rule|HP Percentage Mod: HP is shown in percentages
|rule|Evasion Abilities Clause: Evasion abilities are banned
|rule|Baton Pass Clause: Limit one Baton Passer, can't pass Spe and other stats simultaneously
|rule|Swagger Clause: Swagger is banned
|clearpoke
|poke|p1|Tyranitar, M|item
|poke|p1|Magnezone|item
|poke|p1|Terrakion|item
|poke|p1|Latios, M|item
|poke|p1|Scizor, M|item
|poke|p1|Landorus-Therian, M|item
|poke|p2|Ferrothorn, F|item
|poke|p2|Rotom-Wash|item
|poke|p2|Gliscor, F|item
|poke|p2|Bronzong|item
|poke|p2|Latios, M|item
|poke|p2|Alakazam, M|item
|teampreview
|
|start
|switch|p1a: Pat Riely|Tyranitar, M|100/100
|switch|p2a: Gliscor|Gliscor, F|100/100
|-weather|Sandstorm|[from] ability: Sand Stream|[of] p1a: Pat Riely
|turn|1
|
|move|p2a: Gliscor|Earthquake|p1a: Pat Riely
|-supereffective|p1a: Pat Riely
|-damage|p1a: Pat Riely|45/100
|move|p1a: Pat Riely|Ice Beam|p2a: Gliscor
|-supereffective|p2a: Gliscor
|-damage|p2a: Gliscor|0 fnt
|faint|p2a: Gliscor
|
|-weather|Sandstorm|[upkeep]
|-heal|p1a: Pat Riely|52/100|[from] item: Leftovers
|upkeep
|
|switch|p2a: Bronzong|Bronzong|100/100
|turn|2
|
|move|p1a: Pat Riely|Stealth Rock|p2a: Bronzong
|-sidestart|p2: hooplahoop|move: Stealth Rock
|move|p2a: Bronzong|Earthquake|p1a: Pat Riely
|-supereffective|p1a: Pat Riely
|-damage|p1a: Pat Riely|17/100
|
|-weather|Sandstorm|[upkeep]
|-heal|p1a: Pat Riely|23/100|[from] item: Leftovers
|upkeep
|turn|3
|
|switch|p1a: Bron Bron|Landorus-Therian, M|100/100
|-ability|p1a: Bron Bron|Intimidate|boost
|-unboost|p2a: Bronzong|atk|1
|move|p2a: Bronzong|Stealth Rock|p1a: Bron Bron
|-sidestart|p1: 99 Red drifloon|move: Stealth Rock
|
|-weather|Sandstorm|[upkeep]
|upkeep
|turn|4
|
|move|p1a: Bron Bron|U-turn|p2a: Bronzong
|-damage|p2a: Bronzong|74/100
|
|switch|p1a: Miller|Scizor, M, shiny|100/100
|-damage|p1a: Miller|88/100|[from] Stealth Rock
|move|p2a: Bronzong|Hidden Power|p1a: Miller
|-resisted|p1a: Miller
|-damage|p1a: Miller|80/100
|
|-weather|Sandstorm|[upkeep]
|-heal|p2a: Bronzong|81/100|[from] item: Leftovers
|upkeep
|turn|5
|
|move|p1a: Miller|U-turn|p2a: Bronzong
|-damage|p2a: Bronzong|34/100
|
|switch|p1a: Bron Bron|Landorus-Therian, M|100/100
|-damage|p1a: Bron Bron|88/100|[from] Stealth Rock
|-ability|p1a: Bron Bron|Intimidate|boost
|-unboost|p2a: Bronzong|atk|1
|move|p2a: Bronzong|Earthquake|p1a: Bron Bron
|-immune|p1a: Bron Bron
|
|-weather|Sandstorm|[upkeep]
|-heal|p2a: Bronzong|40/100|[from] item: Leftovers
|upkeep
|turn|6
|
|move|p1a: Bron Bron|U-turn|p2a: Bronzong
|-damage|p2a: Bronzong|16/100
|
|switch|p1a: Bosh|Latios, M, shiny|100/100
|-damage|p1a: Bosh|88/100|[from] Stealth Rock
|move|p2a: Bronzong|Earthquake|p1a: Bosh
|-immune|p1a: Bosh|[from] ability: Levitate
|
|-weather|Sandstorm|[upkeep]
|-damage|p1a: Bosh|82/100|[from] Sandstorm
|-heal|p2a: Bronzong|22/100|[from] item: Leftovers
|upkeep
|turn|7
|
|move|p1a: Bosh|Draco Meteor|p2a: Bronzong
|-resisted|p2a: Bronzong
|-damage|p2a: Bronzong|0 fnt
|-unboost|p1a: Bosh|spa|2
|faint|p2a: Bronzong
|
|-weather|Sandstorm|[upkeep]
|-damage|p1a: Bosh|76/100|[from] Sandstorm
|upkeep
|
|switch|p2a: Ferrothorn|Ferrothorn, F|100/100
|-damage|p2a: Ferrothorn|94/100|[from] Stealth Rock
|turn|8
|
|switch|p1a: Ray Allen|Magnezone|100/100
|-damage|p1a: Ray Allen|94/100|[from] Stealth Rock
|move|p2a: Ferrothorn|Spikes|p1a: Ray Allen
|-sidestart|p1: 99 Red drifloon|Spikes
|
|-weather|Sandstorm|[upkeep]
|-heal|p1a: Ray Allen|100/100|[from] item: Leftovers
|-heal|p2a: Ferrothorn|100/100|[from] item: Leftovers
|upkeep
|turn|9
|
|move|p1a: Ray Allen|Substitute|p1a: Ray Allen
|-start|p1a: Ray Allen|Substitute
|-damage|p1a: Ray Allen|76/100
|move|p2a: Ferrothorn|Leech Seed|p1a: Ray Allen|[miss]
|-miss|p2a: Ferrothorn|p1a: Ray Allen
|
|-weather|Sandstorm|[upkeep]
|-heal|p1a: Ray Allen|82/100|[from] item: Leftovers
|upkeep
|turn|10
|
|move|p1a: Ray Allen|Charge Beam|p2a: Ferrothorn
|-resisted|p2a: Ferrothorn
|-damage|p2a: Ferrothorn|91/100
|-boost|p1a: Ray Allen|spa|1
|move|p2a: Ferrothorn|Spikes|p1a: Ray Allen
|-sidestart|p1: 99 Red drifloon|Spikes
|
|-weather|Sandstorm|[upkeep]
|-heal|p1a: Ray Allen|88/100|[from] item: Leftovers
|-heal|p2a: Ferrothorn|97/100|[from] item: Leftovers
|upkeep
|turn|11
|
|move|p1a: Ray Allen|Hidden Power|p2a: Ferrothorn
|-supereffective|p2a: Ferrothorn
|-damage|p2a: Ferrothorn|2/100
|move|p2a: Ferrothorn|Spikes|p1a: Ray Allen
|-sidestart|p1: 99 Red drifloon|Spikes
|
|-weather|Sandstorm|[upkeep]
|-heal|p1a: Ray Allen|94/100|[from] item: Leftovers
|-heal|p2a: Ferrothorn|8/100|[from] item: Leftovers
|upkeep
|turn|12
|
|move|p1a: Ray Allen|Charge Beam|p2a: Ferrothorn
|-resisted|p2a: Ferrothorn
|-damage|p2a: Ferrothorn|0 fnt
|faint|p2a: Ferrothorn
|
|-weather|Sandstorm|[upkeep]
|-heal|p1a: Ray Allen|99/100|[from] item: Leftovers
|upkeep
|
|switch|p2a: Latios|Latios, M|100/100
|-damage|p2a: Latios|88/100|[from] Stealth Rock
|turn|13
|
|move|p2a: Latios|Surf|p1a: Ray Allen
|-end|p1a: Ray Allen|Substitute
|move|p1a: Ray Allen|Flash Cannon|p2a: Latios
|-damage|p2a: Latios|22/100
|
|-weather|Sandstorm|[upkeep]
|-damage|p2a: Latios|16/100|[from] Sandstorm
|-heal|p1a: Ray Allen|100/100|[from] item: Leftovers
|upkeep
|turn|14
|
|move|p2a: Latios|Surf|p1a: Ray Allen
|-crit|p1a: Ray Allen
|-damage|p1a: Ray Allen|0 fnt
|faint|p1a: Ray Allen
|
|-weather|Sandstorm|[upkeep]
|-damage|p2a: Latios|10/100|[from] Sandstorm
|upkeep
|
|switch|p1a: D.Wade|Terrakion|100/100
|-damage|p1a: D.Wade|94/100|[from] Stealth Rock
|-damage|p1a: D.Wade|70/100|[from] Spikes
|turn|15
|
|switch|p2a: Rotom|Rotom-Wash|100/100
|-damage|p2a: Rotom|88/100|[from] Stealth Rock
|move|p1a: D.Wade|X-Scissor|p2a: Rotom
|-damage|p2a: Rotom|61/100
|
|-weather|Sandstorm|[upkeep]
|-damage|p2a: Rotom|55/100|[from] Sandstorm
|-heal|p2a: Rotom|61/100|[from] item: Leftovers
|upkeep
|turn|16
|
|switch|p1a: Pat Riely|Tyranitar, M|23/100
|-damage|p1a: Pat Riely|11/100|[from] Stealth Rock
|-damage|p1a: Pat Riely|0 fnt|[from] Spikes
|faint|p1a: Pat Riely
|move|p2a: Rotom|Pain Split|p1: Pat Riely|[notarget]
|-fail|p2a: Rotom
|
|-weather|Sandstorm|[upkeep]
|-damage|p2a: Rotom|55/100|[from] Sandstorm
|-heal|p2a: Rotom|61/100|[from] item: Leftovers
|upkeep
|
|switch|p1a: Bosh|Latios, M, shiny|76/100
|-damage|p1a: Bosh|64/100|[from] Stealth Rock
|turn|17
|
|switch|p2a: Latios|Latios, M|10/100
|-damage|p2a: Latios|0 fnt|[from] Stealth Rock
|faint|p2a: Latios
|move|p1a: Bosh|Energy Ball|p2: Latios|[notarget]
|-fail|p1a: Bosh
|
|-weather|Sandstorm|[upkeep]
|-damage|p1a: Bosh|58/100|[from] Sandstorm
|upkeep
|
|switch|p2a: Alakazam|Alakazam, M|100/100
|turn|18
|
|move|p2a: Alakazam|Shadow Ball|p1a: Bosh
|-supereffective|p1a: Bosh
|-damage|p1a: Bosh|0 fnt
|faint|p1a: Bosh
|
|-weather|Sandstorm|[upkeep]
|upkeep
|
|switch|p1a: Miller|Scizor, M, shiny|80/100
|-damage|p1a: Miller|55/100|[from] Spikes
|-damage|p1a: Miller|43/100|[from] Stealth Rock
|turn|19
|
|switch|p2a: Rotom|Rotom-Wash|61/100
|-damage|p2a: Rotom|49/100|[from] Stealth Rock
|move|p1a: Miller|Bullet Punch|p2a: Rotom
|-resisted|p2a: Rotom
|-damage|p2a: Rotom|37/100
|
|-weather|Sandstorm|[upkeep]
|-damage|p2a: Rotom|31/100|[from] Sandstorm
|-heal|p2a: Rotom|37/100|[from] item: Leftovers
|upkeep
|turn|20
|
|switch|p1a: Bron Bron|Landorus-Therian, M|88/100
|-damage|p1a: Bron Bron|76/100|[from] Stealth Rock
|-ability|p1a: Bron Bron|Intimidate|boost
|-unboost|p2a: Rotom|atk|1
|move|p2a: Rotom|Hydro Pump|p1a: Bron Bron|[miss]
|-miss|p2a: Rotom|p1a: Bron Bron
|
|-weather|Sandstorm|[upkeep]
|-damage|p2a: Rotom|31/100|[from] Sandstorm
|-heal|p2a: Rotom|37/100|[from] item: Leftovers
|upkeep
|turn|21
|
|move|p2a: Rotom|Hydro Pump|p1a: Bron Bron
|-supereffective|p1a: Bron Bron
|-damage|p1a: Bron Bron|0 fnt
|faint|p1a: Bron Bron
|
|-weather|Sandstorm|[upkeep]
|-damage|p2a: Rotom|31/100|[from] Sandstorm
|-heal|p2a: Rotom|37/100|[from] item: Leftovers
|upkeep
|
|switch|p1a: D.Wade|Terrakion|70/100
|-damage|p1a: D.Wade|45/100|[from] Spikes
|-damage|p1a: D.Wade|39/100|[from] Stealth Rock
|turn|22
|
|move|p1a: D.Wade|Close Combat|p2a: Rotom
|-damage|p2a: Rotom|0 fnt
|-unboost|p1a: D.Wade|def|1
|-unboost|p1a: D.Wade|spd|1
|faint|p2a: Rotom
|
|-weather|Sandstorm|[upkeep]
|upkeep
|
|switch|p2a: Alakazam|Alakazam, M|100/100
|turn|23
|
|move|p1a: D.Wade|Close Combat|p2a: Alakazam
|-resisted|p2a: Alakazam
|-damage|p2a: Alakazam|25/100
|-unboost|p1a: D.Wade|def|1
|-unboost|p1a: D.Wade|spd|1
|move|p2a: Alakazam|Psychic|p1a: D.Wade
|-supereffective|p1a: D.Wade
|-damage|p1a: D.Wade|0 fnt
|faint|p1a: D.Wade
|
|-weather|Sandstorm|[upkeep]
|upkeep
|
|switch|p1a: Miller|Scizor, M, shiny|43/100
|-damage|p1a: Miller|31/100|[from] Stealth Rock
|-damage|p1a: Miller|6/100|[from] Spikes
|turn|24
|
|move|p1a: Miller|Bullet Punch|p2a: Alakazam
|-damage|p2a: Alakazam|0 fnt
|faint|p2a: Alakazam
|
|win|99 Red drifloon
|l|☆hooplahoop
|raw|99 Red drifloon's rating: 1406 &rarr; <strong>1424</strong><br />(+18 for winning)
|raw|hooplahoop's rating: 1377 &rarr; <strong>1359</strong><br />(-18 for losing)
