|j|BLT4 Rematch
|j|blt4 lucario
|player|p1|BLT4 Rematch|170
|player|p2|blt4 lucario|1
|gametype|singles
|gen|5
|tier|[Gen 5] OU
|rated
|seed|
|rule|Evasion Abilities Clause: Evasion abilities are banned
|rule|Baton Pass Clause: Limit one Baton Passer, can't pass Spe and other stats simultaneously
|rule|Swagger Clause: Swagger is banned
|clearpoke
|poke|p1|Politoed, F|item
|poke|p1|Skarmory, F|item
|poke|p1|Ferrothorn, F|item
|poke|p1|Mew|item
|poke|p1|Tentacruel, F|item
|poke|p1|Chansey, F|item
|poke|p2|Tyranitar, F|item
|poke|p2|Lucario, F|item
|poke|p2|Latios, M|item
|poke|p2|Ferrothorn, M|item
|poke|p2|Gliscor, F|item
|poke|p2|Mew|item
|rule|Sleep Clause Mod: Limit one foe put to sleep
|rule|Species Clause: Limit one of each Pokémon
|rule|OHKO Clause: OHKO moves are banned
|rule|Moody Clause: Moody is banned
|rule|Evasion Moves Clause: Evasion moves are banned
|rule|Endless Battle Clause: Forcing endless battles is banned
|rule|HP Percentage Mod: HP is shown in percentages
|teampreview
|choice||
|
|start
|switch|p1a: Mew|Mew|100/100
|switch|p2a: Scorpion|Gliscor, F|100/100
|turn|1
|choice||
|
|switch|p2a: Embryo|Mew|100/100
|move|p1a: Mew|Will-O-Wisp|p2a: Embryo
|-status|p2a: Embryo|brn
|-activate|p2a: Embryo|ability: Synchronize
|-status|p1a: Mew|brn
|-activate|p1a: Mew|ability: Synchronize
|-fail|p2a: Embryo|brn
|
|-damage|p2a: Embryo|88/100 brn|[from] brn
|-damage|p1a: Mew|88/100 brn|[from] brn
|turn|2
|choice||
|
|switch|p2a: Scorpion|Gliscor, F|100/100
|switch|p1a: Politoed|Politoed, F|100/100
|-weather|RainDance|[from] ability: Drizzle|[of] p1a: Politoed
|
|-weather|RainDance|[upkeep]
|-status|p2a: Scorpion|tox|[from] item: Toxic Orb
|turn|3
|choice||
|
|switch|p2a: Plant|Ferrothorn, M|100/100
|move|p1a: Politoed|Scald|p2a: Plant
|-resisted|p2a: Plant
|-damage|p2a: Plant|86/100
|
|-weather|RainDance|[upkeep]
|-heal|p2a: Plant|92/100|[from] item: Leftovers
|turn|4
|choice||
|
|switch|p1a: Ferrothorn|Ferrothorn, F|100/100
|switch|p2a: Tyrant|Tyranitar, F|100/100
|-weather|Sandstorm|[from] ability: Sand Stream|[of] p2a: Tyrant
|
|-weather|Sandstorm|[upkeep]
|turn|5
|choice||
|
|switch|p1a: Politoed|Politoed, F|100/100
|-weather|RainDance|[from] ability: Drizzle|[of] p1a: Politoed
|move|p2a: Tyrant|Stealth Rock|p1a: Politoed
|-sidestart|p1: BLT4 Rematch|move: Stealth Rock
|
|-weather|RainDance|[upkeep]
|turn|6
|choice||
|
|switch|p2a: Plant|Ferrothorn, M|92/100
|move|p1a: Politoed|Scald|p2a: Plant
|-resisted|p2a: Plant
|-damage|p2a: Plant|80/100
|
|-weather|RainDance|[upkeep]
|-heal|p2a: Plant|86/100|[from] item: Leftovers
|turn|7
|choice||
|
|switch|p1a: Ferrothorn|Ferrothorn, F|100/100
|-damage|p1a: Ferrothorn|94/100|[from] Stealth Rock
|switch|p2a: Eon|Latios, M|100/100
|
|-weather|RainDance|[upkeep]
|-heal|p1a: Ferrothorn|100/100|[from] item: Leftovers
|turn|8
|choice||
|
|move|p2a: Eon|Trick|p1a: Ferrothorn
|-activate|p2a: Eon|move: Trick|[of] p1a: Ferrothorn
|-item|p1a: Ferrothorn|Choice Scarf|[from] move: Trick
|-item|p2a: Eon|Leftovers|[from] move: Trick
|move|p1a: Ferrothorn|Stealth Rock|p2a: Eon
|-sidestart|p2: blt4 lucario|move: Stealth Rock
|
|-weather|RainDance|[upkeep]
|turn|9
|choice||
|
|switch|p2a: Scorpion|Gliscor, F|100/100 tox
|-damage|p2a: Scorpion|88/100 tox|[from] Stealth Rock
|switch|p1a: Chansey|Chansey, F|100/100
|-damage|p1a: Chansey|88/100|[from] Stealth Rock
|
|-weather|RainDance|[upkeep]
|-heal|p2a: Scorpion|100/100 tox|[from] ability: Poison Heal
|turn|10
|choice||
|
|switch|p1a: Skarmory|Skarmory, F|100/100
|-damage|p1a: Skarmory|88/100|[from] Stealth Rock
|move|p2a: Scorpion|Taunt|p1a: Skarmory
|-start|p1a: Skarmory|move: Taunt
|
|-weather|RainDance|[upkeep]
|turn|11
|choice||
|
|switch|p1a: Politoed|Politoed, F|100/100
|-damage|p1a: Politoed|88/100|[from] Stealth Rock
|move|p2a: Scorpion|Substitute|p2a: Scorpion
|-start|p2a: Scorpion|Substitute
|-damage|p2a: Scorpion|75/100 tox
|
|-weather|RainDance|[upkeep]
|-heal|p1a: Politoed|94/100|[from] item: Leftovers
|-heal|p2a: Scorpion|88/100 tox|[from] ability: Poison Heal
|turn|12
|choice||
|
|move|p2a: Scorpion|Earthquake|p1a: Politoed
|-damage|p1a: Politoed|71/100
|move|p1a: Politoed|Perish Song|p1a: Politoed
|-start|p1a: Politoed|perish3|[silent]
|-start|p2a: Scorpion|perish3|[silent]
|-fieldactivate|move: Perish Song
|
|-start|p2a: Scorpion|perish3
|-start|p1a: Politoed|perish3
|-weather|RainDance|[upkeep]
|-heal|p1a: Politoed|77/100|[from] item: Leftovers
|-heal|p2a: Scorpion|100/100 tox|[from] ability: Poison Heal
|turn|13
|choice||
|
|move|p1a: Politoed|Protect|p1a: Politoed
|-singleturn|p1a: Politoed|Protect
|move|p2a: Scorpion|Earthquake|p1a: Politoed
|-activate|p1a: Politoed|Protect
|
|-start|p2a: Scorpion|perish2
|-start|p1a: Politoed|perish2
|-weather|RainDance|[upkeep]
|-heal|p1a: Politoed|83/100|[from] item: Leftovers
|turn|14
|choice||
|
|switch|p2a: Eon|Latios, M|100/100
|-damage|p2a: Eon|88/100|[from] Stealth Rock
|switch|p1a: Tentacruel|Tentacruel, F|100/100
|-damage|p1a: Tentacruel|88/100|[from] Stealth Rock
|
|-weather|RainDance|[upkeep]
|-heal|p1a: Tentacruel|94/100|[from] ability: Rain Dish
|-heal|p2a: Eon|94/100|[from] item: Leftovers
|-heal|p1a: Tentacruel|99/100|[from] item: Black Sludge
|turn|15
|choice||
|
|move|p2a: Eon|Psyshock|p1a: Tentacruel
|-supereffective|p1a: Tentacruel
|-damage|p1a: Tentacruel|29/100
|move|p1a: Tentacruel|Rapid Spin|p2a: Eon
|-damage|p2a: Eon|90/100
|-sideend|p1: BLT4 Rematch|Stealth Rock|[from] move: Rapid Spin|[of] p1a: Tentacruel
|
|-weather|RainDance|[upkeep]
|-heal|p1a: Tentacruel|35/100|[from] ability: Rain Dish
|-heal|p2a: Eon|96/100|[from] item: Leftovers
|-heal|p1a: Tentacruel|41/100|[from] item: Black Sludge
|turn|16
|choice||
|
|switch|p2a: Tyrant|Tyranitar, F|100/100
|-damage|p2a: Tyrant|88/100|[from] Stealth Rock
|-weather|Sandstorm|[from] ability: Sand Stream|[of] p2a: Tyrant
|move|p1a: Tentacruel|Protect|p1a: Tentacruel
|-fail|p1a: Tentacruel
|
|-weather|Sandstorm|[upkeep]
|-damage|p1a: Tentacruel|35/100|[from] sandstorm
|-heal|p1a: Tentacruel|41/100|[from] item: Black Sludge
|-heal|p2a: Tyrant|94/100|[from] item: Leftovers
|turn|17
|choice||
|
|switch|p1a: Politoed|Politoed, F|83/100
|-weather|RainDance|[from] ability: Drizzle|[of] p1a: Politoed
|move|p2a: Tyrant|Stealth Rock|p1a: Politoed
|-sidestart|p1: BLT4 Rematch|move: Stealth Rock
|
|-weather|RainDance|[upkeep]
|-heal|p1a: Politoed|90/100|[from] item: Leftovers
|-heal|p2a: Tyrant|100/100|[from] item: Leftovers
|turn|18
|choice||
|
|switch|p2a: Plant|Ferrothorn, M|86/100
|-damage|p2a: Plant|80/100|[from] Stealth Rock
|move|p1a: Politoed|Scald|p2a: Plant
|-resisted|p2a: Plant
|-damage|p2a: Plant|67/100
|-status|p2a: Plant|brn
|
|-weather|RainDance|[upkeep]
|-heal|p1a: Politoed|96/100|[from] item: Leftovers
|-heal|p2a: Plant|73/100 brn|[from] item: Leftovers
|-damage|p2a: Plant|61/100 brn|[from] brn
|turn|19
|choice||
|
|switch|p1a: Chansey|Chansey, F|88/100
|-damage|p1a: Chansey|76/100|[from] Stealth Rock
|move|p2a: Plant|Leech Seed|p1a: Chansey
|-start|p1a: Chansey|move: Leech Seed
|
|-weather|RainDance|[upkeep]
|-heal|p2a: Plant|67/100 brn|[from] item: Leftovers
|-damage|p1a: Chansey|63/100|[from] Leech Seed|[of] p2a: Plant
|-heal|p2a: Plant|92/100 brn|[silent]
|-damage|p2a: Plant|80/100 brn|[from] brn
|turn|20
|choice||
|
|switch|p2a: Aura|Lucario, F|100/100
|-damage|p2a: Aura|98/100|[from] Stealth Rock
|move|p1a: Chansey|Heal Bell|p1a: Chansey
|-cureteam|p1a: Chansey|[from] move: Heal Bell
|-curestatus|p1: Mew|brn
|
|-weather|RainDance|[upkeep]
|-damage|p1a: Chansey|51/100|[from] Leech Seed|[of] p2a: Aura
|-heal|p2a: Aura|100/100|[silent]
|turn|21
|choice||
|
|switch|p1a: Mew|Mew|88/100
|-damage|p1a: Mew|76/100|[from] Stealth Rock
|move|p2a: Aura|Close Combat|p1a: Mew
|-resisted|p1a: Mew
|-damage|p1a: Mew|51/100
|-unboost|p2a: Aura|def|1
|-unboost|p2a: Aura|spd|1
|-damage|p2a: Aura|91/100|[from] item: Life Orb
|
|-weather|RainDance|[upkeep]
|-heal|p1a: Mew|57/100|[from] item: Leftovers
|turn|22
|choice||
|
|switch|p2a: Scorpion|Gliscor, F|100/100 tox
|-damage|p2a: Scorpion|88/100 tox|[from] Stealth Rock
|move|p1a: Mew|Roost|p1a: Mew
|-heal|p1a: Mew|100/100
|
|-weather|RainDance|[upkeep]
|-heal|p2a: Scorpion|100/100 tox|[from] ability: Poison Heal
|turn|23
|choice||
|
|switch|p1a: Skarmory|Skarmory, F|88/100
|-damage|p1a: Skarmory|76/100|[from] Stealth Rock
|switch|p2a: Tyrant|Tyranitar, F|100/100
|-damage|p2a: Tyrant|88/100|[from] Stealth Rock
|-weather|Sandstorm|[from] ability: Sand Stream|[of] p2a: Tyrant
|
|-weather|Sandstorm|[upkeep]
|-heal|p2a: Tyrant|94/100|[from] item: Leftovers
|turn|24
|choice||
|
|switch|p1a: Politoed|Politoed, F|96/100
|-damage|p1a: Politoed|83/100|[from] Stealth Rock
|-weather|RainDance|[from] ability: Drizzle|[of] p1a: Politoed
|move|p2a: Tyrant|Roar|p1a: Politoed
|drag|p1a: Chansey|Chansey, F|51/100
|-damage|p1a: Chansey|39/100|[from] Stealth Rock
|
|-weather|RainDance|[upkeep]
|-heal|p2a: Tyrant|100/100|[from] item: Leftovers
|turn|25
|choice||
|
|switch|p2a: Aura|Lucario, F|91/100
|-damage|p2a: Aura|88/100|[from] Stealth Rock
|move|p1a: Chansey|Soft-Boiled|p1a: Chansey
|-heal|p1a: Chansey|89/100
|
|-weather|RainDance|[upkeep]
|turn|26
|choice||
|
|switch|p1a: Mew|Mew|100/100
|-damage|p1a: Mew|88/100|[from] Stealth Rock
|move|p2a: Aura|Swords Dance|p2a: Aura
|-boost|p2a: Aura|atk|2
|
|-weather|RainDance|[upkeep]
|-heal|p1a: Mew|94/100|[from] item: Leftovers
|turn|27
|choice||
|
|move|p2a: Aura|Crunch|p1a: Mew
|-supereffective|p1a: Mew
|-damage|p1a: Mew|7/100
|-damage|p2a: Aura|78/100|[from] item: Life Orb
|move|p1a: Mew|Will-O-Wisp|p2a: Aura
|-status|p2a: Aura|brn
|
|-weather|RainDance|[upkeep]
|-heal|p1a: Mew|14/100|[from] item: Leftovers
|-damage|p2a: Aura|65/100 brn|[from] brn
|turn|28
|choice||
|
|switch|p1a: Skarmory|Skarmory, F|76/100
|-damage|p1a: Skarmory|64/100|[from] Stealth Rock
|move|p2a: Aura|Close Combat|p1a: Skarmory
|-damage|p1a: Skarmory|21/100
|-unboost|p2a: Aura|def|1
|-unboost|p2a: Aura|spd|1
|-damage|p2a: Aura|55/100 brn|[from] item: Life Orb
|
|-weather|RainDance|[upkeep]
|-damage|p2a: Aura|43/100 brn|[from] brn
|turn|29
|choice||
|
|move|p2a: Aura|Close Combat|p1a: Skarmory
|-damage|p1a: Skarmory|0 fnt
|-unboost|p2a: Aura|def|1
|-unboost|p2a: Aura|spd|1
|-damage|p2a: Aura|33/100 brn|[from] item: Life Orb
|faint|p1a: Skarmory
|
|-weather|RainDance|[upkeep]
|-damage|p2a: Aura|20/100 brn|[from] brn
|choice||
|
|switch|p1a: Tentacruel|Tentacruel, F|41/100
|-damage|p1a: Tentacruel|29/100|[from] Stealth Rock
|turn|30
|choice||
|
|move|p1a: Tentacruel|Protect|p1a: Tentacruel
|-singleturn|p1a: Tentacruel|Protect
|move|p2a: Aura|Swords Dance|p2a: Aura
|-boost|p2a: Aura|atk|2
|
|-weather|RainDance|[upkeep]
|-heal|p1a: Tentacruel|35/100|[from] ability: Rain Dish
|-heal|p1a: Tentacruel|41/100|[from] item: Black Sludge
|-damage|p2a: Aura|8/100 brn|[from] brn
|turn|31
|choice||
|
|move|p1a: Tentacruel|Protect|p1a: Tentacruel
|-singleturn|p1a: Tentacruel|Protect
|move|p2a: Aura|Close Combat|p1a: Tentacruel
|-activate|p1a: Tentacruel|Protect
|
|-weather|RainDance|[upkeep]
|-heal|p1a: Tentacruel|47/100|[from] ability: Rain Dish
|-heal|p1a: Tentacruel|53/100|[from] item: Black Sludge
|-damage|p2a: Aura|0 fnt|[from] brn
|faint|p2a: Aura
|choice||
|
|switch|p2a: Eon|Latios, M|96/100
|-damage|p2a: Eon|84/100|[from] Stealth Rock
|turn|32
|choice||
|
|switch|p1a: Ferrothorn|Ferrothorn, F|100/100
|-damage|p1a: Ferrothorn|94/100|[from] Stealth Rock
|move|p2a: Eon|Psyshock|p1a: Ferrothorn
|-resisted|p1a: Ferrothorn
|-damage|p1a: Ferrothorn|81/100
|
|-weather|RainDance|[upkeep]
|-heal|p2a: Eon|90/100|[from] item: Leftovers
|turn|33
|choice||
|
|switch|p2a: Plant|Ferrothorn, M|80/100 brn
|-damage|p2a: Plant|74/100 brn|[from] Stealth Rock
|move|p1a: Ferrothorn|Leech Seed|p2a: Plant
|-immune|p2a: Plant|[msg]
|
|-weather|RainDance|[upkeep]
|-heal|p2a: Plant|80/100 brn|[from] item: Leftovers
|-damage|p2a: Plant|67/100 brn|[from] brn
|turn|34
|choice||
|
|switch|p2a: Scorpion|Gliscor, F|100/100 tox
|-damage|p2a: Scorpion|88/100 tox|[from] Stealth Rock
|switch|p1a: Tentacruel|Tentacruel, F|53/100
|-damage|p1a: Tentacruel|41/100|[from] Stealth Rock
|
|-weather|RainDance|[upkeep]
|-heal|p1a: Tentacruel|47/100|[from] ability: Rain Dish
|-heal|p1a: Tentacruel|53/100|[from] item: Black Sludge
|-heal|p2a: Scorpion|100/100 tox|[from] ability: Poison Heal
|turn|35
|j|TaceBreeze
|choice||
|
|move|p1a: Tentacruel|Protect|p1a: Tentacruel
|-singleturn|p1a: Tentacruel|Protect
|move|p2a: Scorpion|Earthquake|p1a: Tentacruel
|-activate|p1a: Tentacruel|Protect
|
|-weather|RainDance|[upkeep]
|-heal|p1a: Tentacruel|59/100|[from] ability: Rain Dish
|-heal|p1a: Tentacruel|65/100|[from] item: Black Sludge
|turn|36
|choice||
|
|move|p2a: Scorpion|Earthquake|p1a: Tentacruel
|-supereffective|p1a: Tentacruel
|-damage|p1a: Tentacruel|7/100
|move|p1a: Tentacruel|Scald|p2a: Scorpion
|-supereffective|p2a: Scorpion
|-damage|p2a: Scorpion|8/100 tox
|
|-weather|RainDance|[upkeep]
|-heal|p1a: Tentacruel|13/100|[from] ability: Rain Dish
|-heal|p1a: Tentacruel|19/100|[from] item: Black Sludge
|-heal|p2a: Scorpion|21/100 tox|[from] ability: Poison Heal
|turn|37
|choice||
|
|move|p1a: Tentacruel|Protect|p1a: Tentacruel
|-singleturn|p1a: Tentacruel|Protect
|move|p2a: Scorpion|Earthquake|p1a: Tentacruel
|-activate|p1a: Tentacruel|Protect
|
|-weather|RainDance|[upkeep]
|-heal|p1a: Tentacruel|25/100|[from] ability: Rain Dish
|-heal|p1a: Tentacruel|31/100|[from] item: Black Sludge
|-heal|p2a: Scorpion|33/100 tox|[from] ability: Poison Heal
|turn|38
|j|Viktri
|choice||
|
|move|p2a: Scorpion|Earthquake|p1a: Tentacruel
|-supereffective|p1a: Tentacruel
|-damage|p1a: Tentacruel|0 fnt
|faint|p1a: Tentacruel
|
|-weather|RainDance|[upkeep]
|-heal|p2a: Scorpion|46/100 tox|[from] ability: Poison Heal
|choice||
|
|switch|p1a: Mew|Mew|14/100
|-damage|p1a: Mew|1/100|[from] Stealth Rock
|turn|39
|choice||
|
|move|p1a: Mew|Roost|p1a: Mew
|-heal|p1a: Mew|51/100
|move|p2a: Scorpion|Taunt|p1a: Mew
|-start|p1a: Mew|move: Taunt
|
|-weather|RainDance|[upkeep]
|-heal|p1a: Mew|57/100|[from] item: Leftovers
|-heal|p2a: Scorpion|58/100 tox|[from] ability: Poison Heal
|turn|40
|l|Viktri
|choice||
|
|switch|p2a: Tyrant|Tyranitar, F|100/100
|-damage|p2a: Tyrant|88/100|[from] Stealth Rock
|-weather|Sandstorm|[from] ability: Sand Stream|[of] p2a: Tyrant
|move|p1a: Mew|Psychic|p2a: Tyrant
|-immune|p2a: Tyrant|[msg]
|
|-weather|Sandstorm|[upkeep]
|-damage|p1a: Mew|51/100|[from] sandstorm
|-heal|p1a: Mew|57/100|[from] item: Leftovers
|-heal|p2a: Tyrant|94/100|[from] item: Leftovers
|turn|41
|choice||
|
|switch|p1a: Ferrothorn|Ferrothorn, F|81/100
|-damage|p1a: Ferrothorn|75/100|[from] Stealth Rock
|move|p2a: Tyrant|Crunch|p1a: Ferrothorn
|-resisted|p1a: Ferrothorn
|-damage|p1a: Ferrothorn|63/100
|-damage|p2a: Tyrant|82/100|[from] ability: Iron Barbs|[of] p1a: Ferrothorn
|-unboost|p1a: Ferrothorn|def|1
|
|-weather|Sandstorm|[upkeep]
|-heal|p2a: Tyrant|88/100|[from] item: Leftovers
|turn|42
|choice||
|
|switch|p2a: Plant|Ferrothorn, M|67/100 brn
|-damage|p2a: Plant|61/100 brn|[from] Stealth Rock
|move|p1a: Ferrothorn|Leech Seed|p2a: Plant
|-immune|p2a: Plant|[msg]
|
|-weather|Sandstorm|[upkeep]
|-heal|p2a: Plant|67/100 brn|[from] item: Leftovers
|-damage|p2a: Plant|55/100 brn|[from] brn
|turn|43
|choice||
|
|switch|p2a: Eon|Latios, M|90/100
|-damage|p2a: Eon|78/100|[from] Stealth Rock
|switch|p1a: Mew|Mew|57/100
|-damage|p1a: Mew|45/100|[from] Stealth Rock
|
|-weather|Sandstorm|[upkeep]
|-damage|p2a: Eon|72/100|[from] sandstorm
|-damage|p1a: Mew|39/100|[from] sandstorm
|-heal|p2a: Eon|78/100|[from] item: Leftovers
|-heal|p1a: Mew|45/100|[from] item: Leftovers
|turn|44
|choice||
|
|switch|p1a: Chansey|Chansey, F|89/100
|-damage|p1a: Chansey|76/100|[from] Stealth Rock
|move|p2a: Eon|Draco Meteor|p1a: Chansey
|-damage|p1a: Chansey|52/100
|-unboost|p2a: Eon|spa|2
|
|-weather|Sandstorm|[upkeep]
|-damage|p2a: Eon|72/100|[from] sandstorm
|-damage|p1a: Chansey|46/100|[from] sandstorm
|-heal|p2a: Eon|78/100|[from] item: Leftovers
|turn|45
|choice||
|
|switch|p2a: Scorpion|Gliscor, F|58/100 tox
|-damage|p2a: Scorpion|46/100 tox|[from] Stealth Rock
|move|p1a: Chansey|Soft-Boiled|p1a: Chansey
|-heal|p1a: Chansey|96/100
|
|-weather|Sandstorm|[upkeep]
|-damage|p1a: Chansey|90/100|[from] sandstorm
|-heal|p2a: Scorpion|58/100 tox|[from] ability: Poison Heal
|turn|46
|choice||
|
|move|p2a: Scorpion|Taunt|p1a: Chansey
|-start|p1a: Chansey|move: Taunt
|cant|p1a: Chansey|move: Taunt|Wish
|
|-weather|Sandstorm|[upkeep]
|-damage|p1a: Chansey|84/100|[from] sandstorm
|-heal|p2a: Scorpion|71/100 tox|[from] ability: Poison Heal
|turn|47
|choice||
|
|switch|p1a: Politoed|Politoed, F|83/100
|-damage|p1a: Politoed|71/100|[from] Stealth Rock
|-weather|RainDance|[from] ability: Drizzle|[of] p1a: Politoed
|move|p2a: Scorpion|Earthquake|p1a: Politoed
|-crit|p1a: Politoed
|-damage|p1a: Politoed|21/100
|
|-weather|RainDance|[upkeep]
|-heal|p1a: Politoed|28/100|[from] item: Leftovers
|-heal|p2a: Scorpion|83/100 tox|[from] ability: Poison Heal
|turn|48
|choice||
|
|switch|p2a: Tyrant|Tyranitar, F|88/100
|-damage|p2a: Tyrant|76/100|[from] Stealth Rock
|-weather|Sandstorm|[from] ability: Sand Stream|[of] p2a: Tyrant
|move|p1a: Politoed|Scald|p2a: Tyrant
|-supereffective|p2a: Tyrant
|-damage|p2a: Tyrant|56/100
|
|-weather|Sandstorm|[upkeep]
|-damage|p1a: Politoed|21/100|[from] sandstorm
|-heal|p1a: Politoed|28/100|[from] item: Leftovers
|-heal|p2a: Tyrant|62/100|[from] item: Leftovers
|turn|49
|choice||
|
|move|p1a: Politoed|Scald|p2a: Tyrant
|-supereffective|p2a: Tyrant
|-damage|p2a: Tyrant|42/100
|move|p2a: Tyrant|Stone Edge|p1a: Politoed
|-damage|p1a: Politoed|0 fnt
|faint|p1a: Politoed
|
|-weather|Sandstorm|[upkeep]
|-heal|p2a: Tyrant|48/100|[from] item: Leftovers
|choice||
|
|switch|p1a: Ferrothorn|Ferrothorn, F|63/100
|-damage|p1a: Ferrothorn|56/100|[from] Stealth Rock
|turn|50
|choice||
|
|switch|p2a: Scorpion|Gliscor, F|83/100 tox
|-damage|p2a: Scorpion|71/100 tox|[from] Stealth Rock
|switch|p1a: Mew|Mew|45/100
|-damage|p1a: Mew|33/100|[from] Stealth Rock
|
|-weather|Sandstorm|[upkeep]
|-damage|p1a: Mew|26/100|[from] sandstorm
|-heal|p1a: Mew|33/100|[from] item: Leftovers
|-heal|p2a: Scorpion|83/100 tox|[from] ability: Poison Heal
|turn|51
|l|TaceBreeze
|choice||
|
|move|p1a: Mew|Roost|p1a: Mew
|-heal|p1a: Mew|83/100
|move|p2a: Scorpion|Earthquake|p1a: Mew
|-damage|p1a: Mew|59/100
|
|-weather|Sandstorm|[upkeep]
|-damage|p1a: Mew|53/100|[from] sandstorm
|-heal|p1a: Mew|59/100|[from] item: Leftovers
|-heal|p2a: Scorpion|96/100 tox|[from] ability: Poison Heal
|turn|52
|choice||
|
|move|p1a: Mew|Taunt|p2a: Scorpion
|-start|p2a: Scorpion|move: Taunt
|cant|p2a: Scorpion|move: Taunt|Taunt
|
|-weather|Sandstorm|[upkeep]
|-damage|p1a: Mew|53/100|[from] sandstorm
|-heal|p1a: Mew|59/100|[from] item: Leftovers
|-heal|p2a: Scorpion|100/100 tox|[from] ability: Poison Heal
|turn|53
|j|PUSSYDESTROYERP
|j|te0808
|choice||
|
|move|p1a: Mew|Roost|p1a: Mew
|-heal|p1a: Mew|100/100
|move|p2a: Scorpion|Ice Fang|p1a: Mew
|-damage|p1a: Mew|90/100
|
|-weather|Sandstorm|[upkeep]
|-damage|p1a: Mew|84/100|[from] sandstorm
|-heal|p1a: Mew|90/100|[from] item: Leftovers
|turn|54
|l|PUSSYDESTROYERP
|choice||
|
|move|p1a: Mew|Will-O-Wisp|p2a: Scorpion
|-fail|p2a: Scorpion
|move|p2a: Scorpion|Earthquake|p1a: Mew
|-damage|p1a: Mew|66/100
|
|-weather|Sandstorm|[upkeep]
|-damage|p1a: Mew|60/100|[from] sandstorm
|-heal|p1a: Mew|66/100|[from] item: Leftovers
|-end|p2a: Scorpion|move: Taunt
|turn|55
|choice||
|
|move|p1a: Mew|Taunt|p2a: Scorpion
|-start|p2a: Scorpion|move: Taunt
|move|p2a: Scorpion|Earthquake|p1a: Mew
|-damage|p1a: Mew|45/100
|
|-weather|Sandstorm|[upkeep]
|-damage|p1a: Mew|39/100|[from] sandstorm
|-heal|p1a: Mew|45/100|[from] item: Leftovers
|turn|56
|l|te0808
|choice||
|
|move|p1a: Mew|Roost|p1a: Mew
|-heal|p1a: Mew|95/100
|move|p2a: Scorpion|Earthquake|p1a: Mew
|-damage|p1a: Mew|71/100
|
|-weather|Sandstorm|[upkeep]
|-damage|p1a: Mew|65/100|[from] sandstorm
|-heal|p1a: Mew|71/100|[from] item: Leftovers
|turn|57
|choice||
|
|move|p1a: Mew|Psychic|p2a: Scorpion
|-damage|p2a: Scorpion|61/100 tox
|move|p2a: Scorpion|Ice Fang|p1a: Mew
|-damage|p1a: Mew|61/100
|
|-weather|Sandstorm|[upkeep]
|-damage|p1a: Mew|55/100|[from] sandstorm
|-heal|p1a: Mew|61/100|[from] item: Leftovers
|-heal|p2a: Scorpion|74/100 tox|[from] ability: Poison Heal
|-end|p2a: Scorpion|move: Taunt
|turn|58
|choice||
|
|move|p1a: Mew|Taunt|p2a: Scorpion
|-start|p2a: Scorpion|move: Taunt
|move|p2a: Scorpion|Ice Fang|p1a: Mew
|-damage|p1a: Mew|51/100
|
|-weather|Sandstorm|[upkeep]
|-damage|p1a: Mew|45/100|[from] sandstorm
|-heal|p1a: Mew|51/100|[from] item: Leftovers
|-heal|p2a: Scorpion|86/100 tox|[from] ability: Poison Heal
|turn|59
|choice||
|
|move|p1a: Mew|Roost|p1a: Mew
|-heal|p1a: Mew|100/100
|move|p2a: Scorpion|Ice Fang|p1a: Mew
|-damage|p1a: Mew|91/100
|
|-weather|Sandstorm|[upkeep]
|-damage|p1a: Mew|85/100|[from] sandstorm
|-heal|p1a: Mew|91/100|[from] item: Leftovers
|-heal|p2a: Scorpion|99/100 tox|[from] ability: Poison Heal
|turn|60
|choice||
|
|move|p1a: Mew|Psychic|p2a: Scorpion
|-damage|p2a: Scorpion|62/100 tox
|move|p2a: Scorpion|Ice Fang|p1a: Mew
|-damage|p1a: Mew|82/100
|
|-weather|Sandstorm|[upkeep]
|-damage|p1a: Mew|75/100|[from] sandstorm
|-heal|p1a: Mew|82/100|[from] item: Leftovers
|-heal|p2a: Scorpion|74/100 tox|[from] ability: Poison Heal
|-end|p2a: Scorpion|move: Taunt
|turn|61
|choice||
|
|move|p1a: Mew|Taunt|p2a: Scorpion
|-start|p2a: Scorpion|move: Taunt
|move|p2a: Scorpion|Ice Fang|p1a: Mew
|-damage|p1a: Mew|72/100
|
|-weather|Sandstorm|[upkeep]
|-damage|p1a: Mew|66/100|[from] sandstorm
|-heal|p1a: Mew|72/100|[from] item: Leftovers
|-heal|p2a: Scorpion|87/100 tox|[from] ability: Poison Heal
|turn|62
|choice||
|
|move|p1a: Mew|Psychic|p2a: Scorpion
|-damage|p2a: Scorpion|48/100 tox
|move|p2a: Scorpion|Ice Fang|p1a: Mew
|-damage|p1a: Mew|62/100
|
|-weather|Sandstorm|[upkeep]
|-damage|p1a: Mew|56/100|[from] sandstorm
|-heal|p1a: Mew|62/100|[from] item: Leftovers
|-heal|p2a: Scorpion|61/100 tox|[from] ability: Poison Heal
|turn|63
|choice||
|
|switch|p2a: Tyrant|Tyranitar, F|48/100
|-damage|p2a: Tyrant|36/100|[from] Stealth Rock
|move|p1a: Mew|Psychic|p2a: Tyrant
|-immune|p2a: Tyrant|[msg]
|
|-weather|Sandstorm|[upkeep]
|-damage|p1a: Mew|56/100|[from] sandstorm
|-heal|p1a: Mew|62/100|[from] item: Leftovers
|-heal|p2a: Tyrant|42/100|[from] item: Leftovers
|turn|64
|choice||
|
|move|p1a: Mew|Will-O-Wisp|p2a: Tyrant
|-status|p2a: Tyrant|brn
|move|p2a: Tyrant|Roar|p1a: Mew
|drag|p1a: Ferrothorn|Ferrothorn, F|56/100
|-damage|p1a: Ferrothorn|50/100|[from] Stealth Rock
|
|-weather|Sandstorm|[upkeep]
|-heal|p2a: Tyrant|48/100 brn|[from] item: Leftovers
|-damage|p2a: Tyrant|36/100 brn|[from] brn
|turn|65
|choice||
|
|move|p2a: Tyrant|Crunch|p1a: Ferrothorn
|-resisted|p1a: Ferrothorn
|-damage|p1a: Ferrothorn|44/100
|-damage|p2a: Tyrant|24/100 brn|[from] ability: Iron Barbs|[of] p1a: Ferrothorn
|-unboost|p1a: Ferrothorn|def|1
|move|p1a: Ferrothorn|Leech Seed|p2a: Tyrant
|-start|p2a: Tyrant|move: Leech Seed
|
|-weather|Sandstorm|[upkeep]
|-heal|p2a: Tyrant|30/100 brn|[from] item: Leftovers
|-damage|p2a: Tyrant|17/100 brn|[from] Leech Seed|[of] p1a: Ferrothorn
|-heal|p1a: Ferrothorn|58/100|[silent]
|-damage|p2a: Tyrant|5/100 brn|[from] brn
|turn|66
|choice||
|
|move|p2a: Tyrant|Stone Edge|p1a: Ferrothorn
|-resisted|p1a: Ferrothorn
|-damage|p1a: Ferrothorn|47/100
|move|p1a: Ferrothorn|Leech Seed|p2a: Tyrant
|-fail|p2a: Tyrant
|
|-weather|Sandstorm|[upkeep]
|-heal|p2a: Tyrant|11/100 brn|[from] item: Leftovers
|-damage|p2a: Tyrant|0 fnt|[from] Leech Seed|[of] p1a: Ferrothorn
|-heal|p1a: Ferrothorn|59/100|[silent]
|faint|p2a: Tyrant
|choice||
|
|switch|p2a: Embryo|Mew|88/100 brn
|-damage|p2a: Embryo|76/100 brn|[from] Stealth Rock
|turn|67
|choice||
|
|switch|p1a: Chansey|Chansey, F|84/100
|-damage|p1a: Chansey|72/100|[from] Stealth Rock
|move|p2a: Embryo|Fire Blast|p1a: Chansey
|-damage|p1a: Chansey|61/100
|
|-weather|Sandstorm|[upkeep]
|-damage|p2a: Embryo|70/100 brn|[from] sandstorm
|-damage|p1a: Chansey|55/100|[from] sandstorm
|-heal|p2a: Embryo|76/100 brn|[from] item: Leftovers
|-damage|p2a: Embryo|64/100 brn|[from] brn
|turn|68
|choice||
|
|switch|p2a: Eon|Latios, M|78/100
|-damage|p2a: Eon|65/100|[from] Stealth Rock
|move|p1a: Chansey|Soft-Boiled|p1a: Chansey
|-heal|p1a: Chansey|100/100
|
|-weather|Sandstorm|[upkeep]
|-damage|p2a: Eon|59/100|[from] sandstorm
|-damage|p1a: Chansey|94/100|[from] sandstorm
|-heal|p2a: Eon|65/100|[from] item: Leftovers
|turn|69
|choice||
|
|move|p2a: Eon|Trick|p1a: Chansey
|-activate|p2a: Eon|move: Trick|[of] p1a: Chansey
|-item|p1a: Chansey|Leftovers|[from] move: Trick
|-item|p2a: Eon|Eviolite|[from] move: Trick
|move|p1a: Chansey|Wish|p1a: Chansey
|
|-weather|Sandstorm|[upkeep]
|-damage|p2a: Eon|59/100|[from] sandstorm
|-damage|p1a: Chansey|88/100|[from] sandstorm
|-heal|p1a: Chansey|94/100|[from] item: Leftovers
|turn|70
|choice||
|
|move|p2a: Eon|Draco Meteor|p1a: Chansey|[miss]
|-miss|p2a: Eon|p1a: Chansey
|move|p1a: Chansey|Seismic Toss|p2a: Eon
|-damage|p2a: Eon|26/100
|
|-weather|Sandstorm|[upkeep]
|-damage|p2a: Eon|20/100|[from] sandstorm
|-damage|p1a: Chansey|88/100|[from] sandstorm
|-heal|p1a: Chansey|100/100|[from] move: Wish|[wisher] Chansey
|turn|71
|choice||
|
|switch|p2a: Scorpion|Gliscor, F|61/100 tox
|-damage|p2a: Scorpion|48/100 tox|[from] Stealth Rock
|move|p1a: Chansey|Soft-Boiled|p1a: Chansey
|-fail|p1a: Chansey
|
|-weather|Sandstorm|[upkeep]
|-damage|p1a: Chansey|94/100|[from] sandstorm
|-heal|p1a: Chansey|100/100|[from] item: Leftovers
|-heal|p2a: Scorpion|61/100 tox|[from] ability: Poison Heal
|turn|72
|choice||
|
|switch|p1a: Ferrothorn|Ferrothorn, F|59/100
|-damage|p1a: Ferrothorn|52/100|[from] Stealth Rock
|move|p2a: Scorpion|Earthquake|p1a: Ferrothorn
|-damage|p1a: Ferrothorn|32/100
|
|-weather|Sandstorm|[upkeep]
|-heal|p2a: Scorpion|73/100 tox|[from] ability: Poison Heal
|turn|73
|choice||
|
|move|p2a: Scorpion|Taunt|p1a: Ferrothorn
|-start|p1a: Ferrothorn|move: Taunt
|move|p1a: Ferrothorn|Gyro Ball|p2a: Scorpion
|-damage|p2a: Scorpion|53/100 tox
|
|-weather|Sandstorm|[upkeep]
|-heal|p2a: Scorpion|66/100 tox|[from] ability: Poison Heal
|turn|74
|choice||
|
|switch|p2a: Plant|Ferrothorn, M|55/100 brn
|-damage|p2a: Plant|49/100 brn|[from] Stealth Rock
|switch|p1a: Mew|Mew|62/100
|-damage|p1a: Mew|50/100|[from] Stealth Rock
|
|-weather|Sandstorm|[upkeep]
|-damage|p1a: Mew|44/100|[from] sandstorm
|-heal|p1a: Mew|50/100|[from] item: Leftovers
|-heal|p2a: Plant|55/100 brn|[from] item: Leftovers
|-damage|p2a: Plant|43/100 brn|[from] brn
|turn|75
|choice||
|
|move|p1a: Mew|Roost|p1a: Mew
|-heal|p1a: Mew|99/100
|move|p2a: Plant|Leech Seed|p1a: Mew|[miss]
|-miss|p2a: Plant|p1a: Mew
|
|-weather|Sandstorm|[upkeep]
|-damage|p1a: Mew|94/100|[from] sandstorm
|-heal|p1a: Mew|99/100|[from] item: Leftovers
|-heal|p2a: Plant|49/100 brn|[from] item: Leftovers
|-damage|p2a: Plant|37/100 brn|[from] brn
|turn|76
|choice||
|
|move|p1a: Mew|Taunt|p2a: Plant
|-start|p2a: Plant|move: Taunt
|move|p2a: Plant|Power Whip|p1a: Mew
|-damage|p1a: Mew|87/100
|
|-weather|Sandstorm|[upkeep]
|-damage|p1a: Mew|80/100|[from] sandstorm
|-heal|p1a: Mew|87/100|[from] item: Leftovers
|-heal|p2a: Plant|43/100 brn|[from] item: Leftovers
|-damage|p2a: Plant|30/100 brn|[from] brn
|turn|77
|choice||
|
|switch|p1a: Ferrothorn|Ferrothorn, F|32/100
|-damage|p1a: Ferrothorn|26/100|[from] Stealth Rock
|move|p2a: Plant|Power Whip|p1a: Ferrothorn|[miss]
|-miss|p2a: Plant|p1a: Ferrothorn
|
|-weather|Sandstorm|[upkeep]
|-heal|p2a: Plant|36/100 brn|[from] item: Leftovers
|-damage|p2a: Plant|24/100 brn|[from] brn
|turn|78
|choice||
|
|move|p2a: Plant|Power Whip|p1a: Ferrothorn|[miss]
|-miss|p2a: Plant|p1a: Ferrothorn
|move|p1a: Ferrothorn|Leech Seed|p2a: Plant
|-immune|p2a: Plant|[msg]
|
|-weather|Sandstorm|[upkeep]
|-heal|p2a: Plant|30/100 brn|[from] item: Leftovers
|-damage|p2a: Plant|18/100 brn|[from] brn
|-end|p2a: Plant|move: Taunt
|turn|79
|j|TaceBreeze
|choice||
|
|move|p2a: Plant|Spikes|p1a: Ferrothorn
|-sidestart|p1: BLT4 Rematch|Spikes
|move|p1a: Ferrothorn|Leech Seed|p2a: Plant
|-immune|p2a: Plant|[msg]
|
|-weather|Sandstorm|[upkeep]
|-heal|p2a: Plant|24/100 brn|[from] item: Leftovers
|-damage|p2a: Plant|12/100 brn|[from] brn
|turn|80
|choice||
|
|switch|p1a: Mew|Mew|87/100
|-damage|p1a: Mew|74/100|[from] Spikes
|-damage|p1a: Mew|62/100|[from] Stealth Rock
|move|p2a: Plant|Spikes|p1a: Mew
|-sidestart|p1: BLT4 Rematch|Spikes
|
|-weather|Sandstorm|[upkeep]
|-damage|p1a: Mew|56/100|[from] sandstorm
|-heal|p1a: Mew|62/100|[from] item: Leftovers
|-heal|p2a: Plant|18/100 brn|[from] item: Leftovers
|-damage|p2a: Plant|5/100 brn|[from] brn
|turn|81
|l|TaceBreeze
|choice||
|
|move|p1a: Mew|Taunt|p2a: Plant
|-start|p2a: Plant|move: Taunt
|cant|p2a: Plant|move: Taunt|Leech Seed
|
|-weather|Sandstorm|[upkeep]
|-damage|p1a: Mew|56/100|[from] sandstorm
|-heal|p1a: Mew|62/100|[from] item: Leftovers
|-heal|p2a: Plant|11/100 brn|[from] item: Leftovers
|-damage|p2a: Plant|0 fnt|[from] brn
|faint|p2a: Plant
|choice||
|
|switch|p2a: Eon|Latios, M|20/100
|-damage|p2a: Eon|8/100|[from] Stealth Rock
|turn|82
|j|Viktri
|choice||
|
|move|p2a: Eon|Psyshock|p1a: Mew
|-resisted|p1a: Mew
|-damage|p1a: Mew|49/100
|move|p1a: Mew|Roost|p1a: Mew
|-heal|p1a: Mew|99/100
|
|-weather|Sandstorm|[upkeep]
|-damage|p2a: Eon|2/100|[from] sandstorm
|-damage|p1a: Mew|92/100|[from] sandstorm
|-heal|p1a: Mew|99/100|[from] item: Leftovers
|turn|83
|choice||
|
|switch|p1a: Chansey|Chansey, F|100/100
|-damage|p1a: Chansey|84/100|[from] Spikes
|-damage|p1a: Chansey|71/100|[from] Stealth Rock
|move|p2a: Eon|Trick|p1a: Chansey
|-activate|p2a: Eon|move: Trick|[of] p1a: Chansey
|-item|p1a: Chansey|Eviolite|[from] move: Trick
|-item|p2a: Eon|Leftovers|[from] move: Trick
|
|-weather|Sandstorm|[upkeep]
|-damage|p2a: Eon|0 fnt|[from] sandstorm
|-damage|p1a: Chansey|65/100|[from] sandstorm
|faint|p2a: Eon
|choice||
|
|switch|p2a: Scorpion|Gliscor, F|66/100 tox
|-damage|p2a: Scorpion|53/100 tox|[from] Stealth Rock
|turn|84
|choice||
|
|move|p2a: Scorpion|Taunt|p1a: Chansey
|-start|p1a: Chansey|move: Taunt
|move|p1a: Chansey|Seismic Toss|p2a: Scorpion
|-damage|p2a: Scorpion|25/100 tox
|
|-weather|Sandstorm|[upkeep]
|-damage|p1a: Chansey|59/100|[from] sandstorm
|-heal|p2a: Scorpion|37/100 tox|[from] ability: Poison Heal
|turn|85
|l|Viktri
|choice||
|
|move|p2a: Scorpion|Earthquake|p1a: Chansey
|-damage|p1a: Chansey|38/100
|move|p1a: Chansey|Seismic Toss|p2a: Scorpion
|-damage|p2a: Scorpion|9/100 tox
|
|-weather|Sandstorm|[upkeep]
|-damage|p1a: Chansey|32/100|[from] sandstorm
|-heal|p2a: Scorpion|22/100 tox|[from] ability: Poison Heal
|turn|86
|choice||
|
|move|p2a: Scorpion|Earthquake|p1a: Chansey
|-damage|p1a: Chansey|12/100
|move|p1a: Chansey|Seismic Toss|p2a: Scorpion
|-damage|p2a: Scorpion|0 fnt
|faint|p2a: Scorpion
|
|-weather|Sandstorm|[upkeep]
|-damage|p1a: Chansey|6/100|[from] sandstorm
|-end|p1a: Chansey|move: Taunt
|choice||
|
|switch|p2a: Embryo|Mew|64/100 brn
|-damage|p2a: Embryo|51/100 brn|[from] Stealth Rock
|turn|87
|choice||
|
|move|p2a: Embryo|Nasty Plot|p2a: Embryo
|-boost|p2a: Embryo|spa|2
|move|p1a: Chansey|Seismic Toss|p2a: Embryo
|-damage|p2a: Embryo|22/100 brn
|
|-weather|Sandstorm|[upkeep]
|-damage|p2a: Embryo|16/100 brn|[from] sandstorm
|-damage|p1a: Chansey|0 fnt|[from] sandstorm
|-heal|p2a: Embryo|22/100 brn|[from] item: Leftovers
|-damage|p2a: Embryo|10/100 brn|[from] brn
|faint|p1a: Chansey
|choice||
|
|switch|p1a: Ferrothorn|Ferrothorn, F|26/100
|-damage|p1a: Ferrothorn|9/100|[from] Spikes
|-damage|p1a: Ferrothorn|3/100|[from] Stealth Rock
|turn|88
|choice||
|
|move|p2a: Embryo|Fire Blast|p1a: Ferrothorn|[miss]
|-miss|p2a: Embryo|p1a: Ferrothorn
|move|p1a: Ferrothorn|Gyro Ball|p2a: Embryo
|-damage|p2a: Embryo|0 fnt
|faint|p2a: Embryo
|
|win|BLT4 Rematch
|player|p1
|player|p2
|l|blt4 lucario
|raw|BLT4 Rematch's rating: 1365 &rarr; <strong>1385</strong><br />(+20 for winning)
|raw|blt4 lucario's rating: 1371 &rarr; <strong>1350</strong><br />(-21 for losing)