|j|☆fearlessfowl
|j|☆govegetoa
|t:|1724106379
|gametype|singles
|player|p1|fearlessfowl|akari|1259
|player|p2|govegetoa|teamrocket|1426
|teamsize|p1|6
|teamsize|p2|6
|gen|5
|tier|[Gen 5] OU
|rated|
|rule|Species Clause: Limit one of each Pokémon
|rule|OHKO Clause: OHKO moves are banned
|rule|Moody Clause: Moody is banned
|rule|Evasion Items Clause: Evasion items are banned
|rule|Evasion Moves Clause: Evasion moves are banned
|rule|Endless Battle Clause: Forcing endless battles is banned
|rule|HP Percentage Mod: HP is shown in percentages
|rule|Evasion Abilities Clause: Evasion abilities are banned
|rule|Sleep Moves Clause: Sleep-inducing moves are banned
|rule|Swagger Clause: Swagger is banned
|rule|Baton Pass Stat Clause: No Baton Passer may have a way to boost its stats
|clearpoke
|poke|p1|Ninetales, M|item
|poke|p1|Heatran, M|item
|poke|p1|Xatu, M|item
|poke|p1|Latios, M|item
|poke|p1|Darmanitan, M|item
|poke|p1|Victini|item
|poke|p2|Garchomp, F|item
|poke|p2|Magnezone|item
|poke|p2|Kyurem-Black|item
|poke|p2|Latios, M|item
|poke|p2|Jirachi|item
|poke|p2|Terrakion|item
|teampreview
|
|t:|1724106410
|start
|switch|p1a: Ninetales|Ninetales, M|100/100
|switch|p2a: Terrakion|Terrakion, shiny|100/100
|-weather|SunnyDay|[from] ability: Drought|[of] p1a: Ninetales
|turn|1
|
|t:|1724106420
|move|p1a: Ninetales|Protect|p1a: Ninetales
|-singleturn|p1a: Ninetales|Protect
|move|p2a: Terrakion|Close Combat|p1a: Ninetales
|-activate|p1a: Ninetales|move: Protect
|
|-weather|SunnyDay|[upkeep]
|upkeep
|turn|2
|
|t:|1724106431
|switch|p1a: Xatu|Xatu, M|100/100
|move|p2a: Terrakion|Close Combat|p1a: Xatu
|-resisted|p1a: Xatu
|-damage|p1a: Xatu|79/100
|-unboost|p2a: Terrakion|def|1
|-unboost|p2a: Terrakion|spd|1
|-damage|p2a: Terrakion|84/100|[from] item: Rocky Helmet|[of] p1a: Xatu
|
|-weather|SunnyDay|[upkeep]
|upkeep
|turn|3
|inactive|Battle timer is ON: inactive players will automatically lose when time's up. (requested by govegetoa)
|
|t:|1724106458
|switch|p2a: Jirachi|Jirachi|100/100
|move|p1a: Xatu|U-turn|p2a: Jirachi
|-damage|p2a: Jirachi|92/100
|
|t:|1724106465
|switch|p1a: Victini|Victini|100/100|[from] U-turn
|
|-weather|SunnyDay|[upkeep]
|-heal|p2a: Jirachi|98/100|[from] item: Leftovers
|upkeep
|turn|4
|
|t:|1724106476
|switch|p2a: Garchomp|Garchomp, F|100/100
|move|p1a: Victini|V-create|p2a: Garchomp
|-resisted|p2a: Garchomp
|-damage|p2a: Garchomp|6/100
|-unboost|p1a: Victini|spe|1
|-unboost|p1a: Victini|def|1
|-unboost|p1a: Victini|spd|1
|-damage|p1a: Victini|88/100|[from] ability: Rough Skin|[of] p2a: Garchomp
|
|-weather|SunnyDay|[upkeep]
|upkeep
|turn|5
|
|t:|1724106488
|switch|p1a: Xatu|Xatu, M|79/100
|move|p2a: Garchomp|Outrage|p1a: Xatu
|-damage|p1a: Xatu|25/100
|-damage|p2a: Garchomp|0 fnt|[from] item: Rocky Helmet|[of] p1a: Xatu
|faint|p2a: Garchomp
|
|-weather|SunnyDay|[upkeep]
|upkeep
|inactive|govegetoa has 120 seconds left.
|
|t:|1724106516
|switch|p2a: Jirachi|Jirachi|98/100
|turn|6
|
|t:|1724106521
|move|p1a: Xatu|Roost|p1a: Xatu
|-heal|p1a: Xatu|75/100
|-singleturn|p1a: Xatu|move: Roost
|move|p2a: Jirachi|U-turn|p1a: Xatu
|-supereffective|p1a: Xatu
|-damage|p1a: Xatu|45/100
|-damage|p2a: Jirachi|82/100|[from] item: Rocky Helmet|[of] p1a: Xatu
|
|t:|1724106532
|switch|p2a: Kyurem|Kyurem-Black|100/100|[from] U-turn
|-ability|p2a: Kyurem|Teravolt
|
|-weather|SunnyDay|[upkeep]
|upkeep
|turn|7
|
|t:|1724106554
|switch|p1a: Ninetales|Ninetales, M|100/100
|move|p2a: Kyurem|Fusion Bolt|p1a: Ninetales
|-damage|p1a: Ninetales|13/100
|
|-weather|SunnyDay|[upkeep]
|-heal|p1a: Ninetales|19/100|[from] item: Leftovers
|upkeep
|turn|8
|
|t:|1724106562
|move|p1a: Ninetales|Will-O-Wisp|p2a: Kyurem
|-status|p2a: Kyurem|brn
|move|p2a: Kyurem|Fusion Bolt|p1a: Ninetales
|-damage|p1a: Ninetales|0 fnt
|faint|p1a: Ninetales
|
|-weather|SunnyDay|[upkeep]
|-damage|p2a: Kyurem|88/100 brn|[from] brn
|upkeep
|
|t:|1724106568
|switch|p1a: Victini|Victini|88/100
|turn|9
|
|t:|1724106573
|move|p1a: Victini|V-create|p2a: Kyurem
|-damage|p2a: Kyurem|0 fnt
|-unboost|p1a: Victini|spe|1
|-unboost|p1a: Victini|def|1
|-unboost|p1a: Victini|spd|1
|faint|p2a: Kyurem
|
|-weather|SunnyDay|[upkeep]
|upkeep
|
|t:|1724106588
|switch|p2a: Latios|Latios, M, shiny|100/100
|turn|10
|
|t:|1724106593
|switch|p1a: Heatran|Heatran, M|100/100
|move|p2a: Latios|Draco Meteor|p1a: Heatran
|-resisted|p1a: Heatran
|-damage|p1a: Heatran|64/100
|-unboost|p2a: Latios|spa|2
|
|-weather|SunnyDay|[upkeep]
|upkeep
|turn|11
|
|t:|1724106604
|switch|p2a: Magnezone|Magnezone, shiny|100/100
|-item|p2a: Magnezone|Air Balloon
|move|p1a: Heatran|Fire Blast|p2a: Magnezone
|-supereffective|p2a: Magnezone
|-damage|p2a: Magnezone|0 fnt
|-enditem|p2a: Magnezone|Air Balloon
|faint|p2a: Magnezone
|
|-weather|SunnyDay|[upkeep]
|upkeep
|c|☆govegetoa|yeah that was very dumb of me lol
|c|☆govegetoa|gg
|inactive|govegetoa has 120 seconds left.
|-message|govegetoa forfeited.
|
|win|fearlessfowl
|raw|fearlessfowl's rating: 1259 &rarr; <strong>1295</strong><br />(+36 for winning)
|raw|govegetoa's rating: 1426 &rarr; <strong>1397</strong><br />(-29 for losing)
|c|☆fearlessfowl|gg
|c|☆fearlessfowl|i think ur mu
|l|☆govegetoa
|player|p2|
|c|☆fearlessfowl|was rough
