|j|☆Whyger72
|j|☆BWC Mario2
|t:|1714322609
|gametype|singles
|player|p1|Whyger72|red|1333
|player|p2|BWC Mario2|unknown|1298
|teamsize|p1|6
|teamsize|p2|6
|gen|5
|tier|[Gen 5] OU
|rated|
|rule|Species Clause: Limit one of each Pokémon
|rule|OHKO Clause: OHKO moves are banned
|rule|Moody Clause: Moody is banned
|rule|Evasion Items Clause: Evasion items are banned
|rule|Evasion Moves Clause: Evasion moves are banned
|rule|Endless Battle Clause: Forcing endless battles is banned
|rule|HP Percentage Mod: HP is shown in percentages
|rule|Evasion Abilities Clause: Evasion abilities are banned
|rule|Sleep Moves Clause: Sleep-inducing moves are banned
|rule|Swagger Clause: Swagger is banned
|rule|Baton Pass Stat Clause: No Baton Passer may have a way to boost its stats
|clearpoke
|poke|p1|Salamence, M|item
|poke|p1|Volcarona, M|item
|poke|p1|Forretress, M|item
|poke|p1|Scizor, M|item
|poke|p1|Cloyster, F|item
|poke|p1|Latios, M|item
|poke|p2|Tyranitar, M|item
|poke|p2|Rotom-Wash|item
|poke|p2|Landorus-Therian, M|item
|poke|p2|Terrakion|item
|poke|p2|Excadrill, F|item
|poke|p2|Celebi|item
|teampreview
|inactive|Battle timer is ON: inactive players will automatically lose when time's up. (requested by BWC Mario2)
|
|t:|1714322636
|start
|switch|p1a: Cloyster|Cloyster, F|100/100
|switch|p2a: Rotom|Rotom-Wash|100/100
|turn|1
|
|t:|1714322641
|move|p1a: Cloyster|Rock Blast|p2a: Rotom
|-damage|p2a: Rotom|95/100
|-damage|p2a: Rotom|89/100
|-damage|p2a: Rotom|83/100
|-damage|p2a: Rotom|77/100
|-damage|p2a: Rotom|71/100
|-hitcount|p2a: Rotom|5
|move|p2a: Rotom|Volt Switch|p1a: Cloyster
|-supereffective|p1a: Cloyster
|-enditem|p1a: Cloyster|Focus Sash
|-damage|p1a: Cloyster|1/100
|
|t:|1714322645
|switch|p2a: Tyranitar|Tyranitar, M|100/100|[from] Volt Switch
|-weather|Sandstorm|[from] ability: Sand Stream|[of] p2a: Tyranitar
|
|-weather|Sandstorm|[upkeep]
|-damage|p1a: Cloyster|0 fnt|[from] Sandstorm
|faint|p1a: Cloyster
|upkeep
|
|t:|1714322667
|switch|p1a: Scizor|Scizor, M|100/100
|turn|2
|
|t:|1714322687
|move|p1a: Scizor|Swords Dance|p1a: Scizor
|-boost|p1a: Scizor|atk|2
|move|p2a: Tyranitar|Thunder Wave|p1a: Scizor
|-status|p1a: Scizor|par
|
|-weather|Sandstorm|[upkeep]
|upkeep
|turn|3
|
|t:|1714322698
|switch|p2a: Landorus|Landorus-Therian, M|100/100
|-ability|p2a: Landorus|Intimidate|boost
|-unboost|p1a: Scizor|atk|1
|move|p1a: Scizor|X-Scissor|p2a: Landorus
|-resisted|p2a: Landorus
|-damage|p2a: Landorus|68/100
|
|-weather|Sandstorm|[upkeep]
|-heal|p2a: Landorus|74/100|[from] item: Leftovers
|upkeep
|turn|4
|
|t:|1714322709
|move|p2a: Landorus|Earthquake|p1a: Scizor
|-crit|p1a: Scizor
|-damage|p1a: Scizor|3/100 par
|cant|p1a: Scizor|par
|
|-weather|Sandstorm|[upkeep]
|-heal|p2a: Landorus|80/100|[from] item: Leftovers
|-heal|p1a: Scizor|9/100 par|[from] item: Leftovers
|upkeep
|turn|5
|
|t:|1714322716
|switch|p1a: Latios|Latios, M|100/100
|move|p2a: Landorus|Stealth Rock|p1a: Latios
|-sidestart|p1: Whyger72|move: Stealth Rock
|
|-weather|Sandstorm|[upkeep]
|-damage|p1a: Latios|95/100|[from] Sandstorm
|-heal|p2a: Landorus|86/100|[from] item: Leftovers
|upkeep
|turn|6
|
|t:|1714322738
|switch|p2a: Celebi|Celebi|100/100
|move|p1a: Latios|Draco Meteor|p2a: Celebi
|-damage|p2a: Celebi|56/100
|-unboost|p1a: Latios|spa|2
|
|-weather|Sandstorm|[upkeep]
|-damage|p1a: Latios|89/100|[from] Sandstorm
|-damage|p2a: Celebi|50/100|[from] Sandstorm
|-heal|p2a: Celebi|56/100|[from] item: Leftovers
|upkeep
|turn|7
|
|t:|1714322754
|switch|p1a: Forretress|Forretress, M|100/100
|-damage|p1a: Forretress|88/100|[from] Stealth Rock
|move|p2a: Celebi|Substitute|p2a: Celebi
|-start|p2a: Celebi|Substitute
|-damage|p2a: Celebi|31/100
|
|-weather|Sandstorm|[upkeep]
|-damage|p2a: Celebi|25/100|[from] Sandstorm
|-heal|p2a: Celebi|31/100|[from] item: Leftovers
|upkeep
|turn|8
|
|t:|1714322766
|move|p2a: Celebi|Baton Pass|p2a: Celebi
|
|t:|1714322770
|switch|p2a: Landorus|Landorus-Therian, M|86/100|[from] Baton Pass
|-ability|p2a: Landorus|Intimidate|boost
|-unboost|p1a: Forretress|atk|1
|move|p1a: Forretress|Rapid Spin|p2a: Landorus
|-activate|p2a: Landorus|Substitute|[damage]
|-sideend|p1: Whyger72|Stealth Rock|[from] move: Rapid Spin|[of] p1a: Forretress
|
|-weather|Sandstorm|[upkeep]
|-heal|p2a: Landorus|92/100|[from] item: Leftovers
|upkeep
|turn|9
|
|t:|1714322794
|move|p2a: Landorus|Stealth Rock|p1a: Forretress
|-sidestart|p1: Whyger72|move: Stealth Rock
|move|p1a: Forretress|Stealth Rock|p2a: Landorus
|-sidestart|p2: BWC Mario2|move: Stealth Rock
|
|-weather|Sandstorm|[upkeep]
|-heal|p2a: Landorus|98/100|[from] item: Leftovers
|upkeep
|turn|10
|
|t:|1714322799
|move|p2a: Landorus|Earthquake|p1a: Forretress
|-damage|p1a: Forretress|61/100
|-enditem|p1a: Forretress|Red Card|[of] p2a: Landorus
|drag|p2a: Excadrill|Excadrill, F|100/100
|-damage|p2a: Excadrill|97/100|[from] Stealth Rock
|move|p1a: Forretress|Rapid Spin|p2a: Excadrill
|-resisted|p2a: Excadrill
|-damage|p2a: Excadrill|96/100
|-sideend|p1: Whyger72|Stealth Rock|[from] move: Rapid Spin|[of] p1a: Forretress
|
|-weather|Sandstorm|[upkeep]
|-heal|p2a: Excadrill|100/100|[from] item: Leftovers
|upkeep
|turn|11
|
|t:|1714322823
|switch|p1a: Salamence|Salamence, M|100/100
|move|p2a: Excadrill|Earthquake|p1a: Salamence
|-immune|p1a: Salamence
|
|-weather|Sandstorm|[upkeep]
|-damage|p1a: Salamence|94/100|[from] Sandstorm
|upkeep
|turn|12
|
|t:|1714322835
|move|p1a: Salamence|Dragon Dance|p1a: Salamence
|-boost|p1a: Salamence|atk|1
|-boost|p1a: Salamence|spe|1
|move|p2a: Excadrill|Iron Head|p1a: Salamence
|-damage|p1a: Salamence|33/100
|
|-weather|Sandstorm|[upkeep]
|-damage|p1a: Salamence|27/100|[from] Sandstorm
|upkeep
|turn|13
|
|t:|1714322846
|switch|p2a: Landorus|Landorus-Therian, M|98/100
|-damage|p2a: Landorus|86/100|[from] Stealth Rock
|-ability|p2a: Landorus|Intimidate|boost
|-unboost|p1a: Salamence|atk|1
|move|p1a: Salamence|Earthquake|p2a: Landorus
|-immune|p2a: Landorus
|
|-weather|Sandstorm|[upkeep]
|-damage|p1a: Salamence|21/100|[from] Sandstorm
|-heal|p2a: Landorus|92/100|[from] item: Leftovers
|upkeep
|turn|14
|
|t:|1714322861
|move|p1a: Salamence|Outrage|p2a: Landorus
|-damage|p2a: Landorus|30/100
|move|p2a: Landorus|Hidden Power|p1a: Salamence
|-supereffective|p1a: Salamence
|-damage|p1a: Salamence|0 fnt
|faint|p1a: Salamence
|
|-weather|Sandstorm|[upkeep]
|-heal|p2a: Landorus|36/100|[from] item: Leftovers
|upkeep
|inactive|Whyger72 has 120 seconds left.
|
|t:|1714322902
|switch|p1a: Latios|Latios, M|89/100
|turn|15
|
|t:|1714322930
|switch|p2a: Rotom|Rotom-Wash|71/100
|-damage|p2a: Rotom|58/100|[from] Stealth Rock
|move|p1a: Latios|Dragon Pulse|p2a: Rotom
|-damage|p2a: Rotom|8/100
|
|-weather|Sandstorm|[upkeep]
|-damage|p1a: Latios|83/100|[from] Sandstorm
|-damage|p2a: Rotom|2/100|[from] Sandstorm
|-heal|p2a: Rotom|8/100|[from] item: Leftovers
|upkeep
|turn|16
|inactive|Whyger72 has 120 seconds left.
|
|t:|1714322960
|switch|p1a: Scizor|Scizor, M|9/100 par
|move|p2a: Rotom|Pain Split|p1a: Scizor
|-sethp|p1a: Scizor|9/100 par|[from] move: Pain Split|[silent]
|-sethp|p2a: Rotom|8/100|[from] move: Pain Split
|
|-weather|Sandstorm|[upkeep]
|-damage|p2a: Rotom|2/100|[from] Sandstorm
|-heal|p2a: Rotom|8/100|[from] item: Leftovers
|-heal|p1a: Scizor|15/100 par|[from] item: Leftovers
|upkeep
|turn|17
|
|t:|1714322974
|switch|p2a: Landorus|Landorus-Therian, M|36/100
|-damage|p2a: Landorus|24/100|[from] Stealth Rock
|-ability|p2a: Landorus|Intimidate|boost
|-unboost|p1a: Scizor|atk|1
|move|p1a: Scizor|Bullet Punch|p2a: Landorus
|-damage|p2a: Landorus|0 fnt
|faint|p2a: Landorus
|
|-weather|Sandstorm|[upkeep]
|-heal|p1a: Scizor|21/100 par|[from] item: Leftovers
|upkeep
|inactive|BWC Mario2 has 120 seconds left.
|
|t:|1714323011
|switch|p2a: Excadrill|Excadrill, F|100/100
|-damage|p2a: Excadrill|97/100|[from] Stealth Rock
|turn|18
|
|t:|1714323020
|move|p1a: Scizor|Bullet Punch|p2a: Excadrill
|-resisted|p2a: Excadrill
|-damage|p2a: Excadrill|82/100
|move|p2a: Excadrill|Iron Head|p1a: Scizor
|-resisted|p1a: Scizor
|-damage|p1a: Scizor|0 fnt
|faint|p1a: Scizor
|
|-weather|Sandstorm|[upkeep]
|-heal|p2a: Excadrill|89/100|[from] item: Leftovers
|upkeep
|inactive|Whyger72 has 90 seconds left.
|
|t:|1714323049
|switch|p1a: Volcarona|Volcarona, M|100/100
|turn|19
|
|t:|1714323054
|move|p1a: Volcarona|Fiery Dance|p2a: Excadrill
|-supereffective|p2a: Excadrill
|-damage|p2a: Excadrill|4/100
|move|p2a: Excadrill|Earthquake|p1a: Volcarona
|-damage|p1a: Volcarona|5/100
|
|-weather|Sandstorm|[upkeep]
|-damage|p1a: Volcarona|0 fnt|[from] Sandstorm
|faint|p1a: Volcarona
|-heal|p2a: Excadrill|10/100|[from] item: Leftovers
|upkeep
|inactive|Whyger72 has 90 seconds left.
|
|t:|1714323067
|switch|p1a: Latios|Latios, M|83/100
|turn|20
|inactive|Whyger72 has 90 seconds left.
|
|t:|1714323102
|move|p1a: Latios|Surf|p2a: Excadrill
|-supereffective|p2a: Excadrill
|-damage|p2a: Excadrill|0 fnt
|faint|p2a: Excadrill
|
|-weather|Sandstorm|[upkeep]
|-damage|p1a: Latios|77/100|[from] Sandstorm
|upkeep
|
|t:|1714323112
|switch|p2a: Tyranitar|Tyranitar, M|100/100
|-damage|p2a: Tyranitar|88/100|[from] Stealth Rock
|turn|21
|
|t:|1714323121
|move|p1a: Latios|Surf|p2a: Tyranitar
|-supereffective|p2a: Tyranitar
|-damage|p2a: Tyranitar|59/100
|move|p2a: Tyranitar|Crunch|p1a: Latios
|-supereffective|p1a: Latios
|-damage|p1a: Latios|0 fnt
|faint|p1a: Latios
|
|-weather|Sandstorm|[upkeep]
|upkeep
|
|t:|1714323131
|switch|p1a: Forretress|Forretress, M|61/100
|turn|22
|
|t:|1714323137
|move|p2a: Tyranitar|Thunder Wave|p1a: Forretress
|-status|p1a: Forretress|par
|move|p1a: Forretress|Counter||[still]
|-fail|p1a: Forretress
|
|-weather|Sandstorm|[upkeep]
|upkeep
|turn|23
|
|t:|1714323146
|move|p2a: Tyranitar|Superpower|p1a: Forretress
|-damage|p1a: Forretress|38/100 par
|-unboost|p2a: Tyranitar|atk|1
|-unboost|p2a: Tyranitar|def|1
|move|p1a: Forretress|Spikes|p2a: Tyranitar
|-sidestart|p2: BWC Mario2|Spikes
|
|-weather|Sandstorm|[upkeep]
|upkeep
|turn|24
|
|t:|1714323154
|move|p2a: Tyranitar|Superpower|p1a: Forretress
|-crit|p1a: Forretress
|-damage|p1a: Forretress|0 fnt
|-unboost|p2a: Tyranitar|atk|1
|-unboost|p2a: Tyranitar|def|1
|faint|p1a: Forretress
|
|win|BWC Mario2
|raw|Whyger72's rating: 1333 &rarr; <strong>1311</strong><br />(-22 for losing)
|raw|BWC Mario2's rating: 1298 &rarr; <strong>1326</strong><br />(+28 for winning)
