|uhtml|medal-msg|<div class="broadcast-blue">Curious what those medals under the avatar are? PS now has Ladder Seasons! For more information, check out the <a href="https://www.smogon.com/forums/threads/3740067/">thread on Smogon.</a></div>
|uhtml|medal-msg|<div class="broadcast-blue">Curious what those medals under the avatar are? PS now has Ladder Seasons! For more information, check out the <a href="https://www.smogon.com/forums/threads/3740067/">thread on Smogon.</a></div>
|j|☆VaiSerFeliz
|j|☆Jellium
|t:|1712976232
|gametype|singles
|player|p1|VaiSerFeliz|169|1337
|player|p2|Jellium|scientist-gen4|1282
|teamsize|p1|6
|teamsize|p2|6
|gen|5
|tier|[Gen 5] OU
|rated|
|rule|Species Clause: Limit one of each Pokémon
|rule|OHKO Clause: OHKO moves are banned
|rule|Moody Clause: Moody is banned
|rule|Evasion Items Clause: Evasion items are banned
|rule|Evasion Moves Clause: Evasion moves are banned
|rule|Endless Battle Clause: Forcing endless battles is banned
|rule|HP Percentage Mod: HP is shown in percentages
|rule|Evasion Abilities Clause: Evasion abilities are banned
|rule|Sleep Moves Clause: Sleep-inducing moves are banned
|rule|Swagger Clause: Swagger is banned
|rule|Baton Pass Stat Clause: No Baton Passer may have a way to boost its stats
|clearpoke
|poke|p1|Garchomp, M|item
|poke|p1|Volcarona, F|item
|poke|p1|Dragonite, M|item
|poke|p1|Breloom, F|item
|poke|p1|Starmie|item
|poke|p1|Scizor, F|item
|poke|p2|Garchomp, M|item
|poke|p2|Volcarona, M|item
|poke|p2|Dragonite, M|item
|poke|p2|Breloom, M|item
|poke|p2|Starmie|item
|poke|p2|Scizor, F|item
|teampreview
|c|☆VaiSerFeliz|oh hey mirror
|
|t:|1712976247
|start
|switch|p1a: Volcarona|Volcarona, F|100/100
|switch|p2a: Garchomp|Garchomp, M|100/100
|turn|1
|c|☆Jellium|howdy
|
|t:|1712976267
|move|p2a: Garchomp|Swords Dance|p2a: Garchomp
|-boost|p2a: Garchomp|atk|2
|move|p1a: Volcarona|Psychic|p2a: Garchomp
|-damage|p2a: Garchomp|65/100
|-unboost|p2a: Garchomp|spd|1
|
|upkeep
|turn|2
|
|t:|1712976287
|move|p2a: Garchomp|Outrage|p1a: Volcarona
|-damage|p1a: Volcarona|0 fnt
|faint|p1a: Volcarona
|
|upkeep
|
|t:|1712976300
|switch|p1a: Starmie|Starmie|100/100
|-item|p1a: Starmie|Air Balloon
|turn|3
|
|t:|1712976304
|move|p1a: Starmie|Ice Beam|p2a: Garchomp
|-supereffective|p2a: Garchomp
|-damage|p2a: Garchomp|0 fnt
|faint|p2a: Garchomp
|
|upkeep
|
|t:|1712976317
|switch|p2a: Scizor|Scizor, F|100/100
|turn|4
|
|t:|1712976321
|move|p1a: Starmie|Hydro Pump|p2a: Scizor|[miss]
|-miss|p1a: Starmie|p2a: Scizor
|move|p2a: Scizor|Pursuit|p1a: Starmie
|-supereffective|p1a: Starmie
|-damage|p1a: Starmie|3/100
|-enditem|p1a: Starmie|Air Balloon
|-damage|p2a: Scizor|91/100|[from] item: Life Orb
|
|upkeep
|turn|5
|
|t:|1712976327
|move|p2a: Scizor|Bullet Punch|p1a: Starmie
|-resisted|p1a: Starmie
|-damage|p1a: Starmie|0 fnt
|faint|p1a: Starmie
|-damage|p2a: Scizor|81/100|[from] item: Life Orb
|
|upkeep
|
|t:|1712976336
|switch|p1a: Garchomp|Garchomp, M|100/100
|turn|6
|
|t:|1712976341
|move|p2a: Scizor|Bullet Punch|p1a: Garchomp
|-damage|p1a: Garchomp|52/100
|-damage|p2a: Scizor|68/100|[from] ability: Rough Skin|[of] p1a: Garchomp
|-damage|p2a: Scizor|58/100|[from] item: Life Orb
|move|p1a: Garchomp|Earthquake|p2a: Scizor
|-damage|p2a: Scizor|0 fnt
|faint|p2a: Scizor
|
|upkeep
|
|t:|1712976351
|switch|p2a: Starmie|Starmie|100/100
|-item|p2a: Starmie|Air Balloon
|turn|7
|
|t:|1712976364
|move|p2a: Starmie|Hydro Pump|p1a: Garchomp
|-damage|p1a: Garchomp|0 fnt
|faint|p1a: Garchomp
|
|upkeep
|
|t:|1712976368
|switch|p1a: Scizor|Scizor, F|100/100
|turn|8
|
|t:|1712976373
|move|p2a: Starmie|Hydro Pump|p1a: Scizor
|-damage|p1a: Scizor|30/100
|move|p1a: Scizor|Pursuit|p2a: Starmie
|-supereffective|p2a: Starmie
|-damage|p2a: Starmie|10/100
|-enditem|p2a: Starmie|Air Balloon
|-damage|p1a: Scizor|20/100|[from] item: Life Orb
|
|upkeep
|turn|9
|
|t:|1712976390
|move|p1a: Scizor|Bullet Punch|p2a: Starmie
|-resisted|p2a: Starmie
|-damage|p2a: Starmie|0 fnt
|faint|p2a: Starmie
|-damage|p1a: Scizor|10/100|[from] item: Life Orb
|
|upkeep
|
|t:|1712976401
|switch|p2a: Dragonite|Dragonite, M|100/100
|turn|10
|
|t:|1712976412
|move|p1a: Scizor|Bullet Punch|p2a: Dragonite
|-damage|p2a: Dragonite|75/100
|-damage|p1a: Scizor|0 fnt|[from] item: Life Orb
|faint|p1a: Scizor
|move|p2a: Dragonite|Dragon Dance|p2a: Dragonite
|-boost|p2a: Dragonite|atk|1
|-boost|p2a: Dragonite|spe|1
|
|upkeep
|
|t:|1712976421
|switch|p1a: Dragonite|Dragonite, M|100/100
|turn|11
|
|t:|1712976424
|move|p2a: Dragonite|Outrage|p1a: Dragonite
|-supereffective|p1a: Dragonite
|-damage|p1a: Dragonite|0 fnt
|faint|p1a: Dragonite
|
|upkeep
|-message|VaiSerFeliz forfeited.
|
|win|Jellium
|raw|VaiSerFeliz's rating: 1337 &rarr; <strong>1314</strong><br />(-23 for losing)
|raw|Jellium's rating: 1282 &rarr; <strong>1311</strong><br />(+29 for winning)
|l|☆VaiSerFeliz
|player|p1|
