|j|☆daddy_days2
|j|☆xpeps_10
|t:|1741949171
|gametype|singles
|player|p1|daddy_days2|benga|1365
|player|p2|xpeps_10|gentleman-gen4|1346
|teamsize|p1|6
|teamsize|p2|6
|gen|5
|tier|[Gen 5] OU
|rated|
|rule|Species Clause: Limit one of each Pokémon
|rule|OHKO Clause: OHKO moves are banned
|rule|Moody Clause: Moody is banned
|rule|Evasion Items Clause: Evasion items are banned
|rule|Evasion Moves Clause: Evasion moves are banned
|rule|Endless Battle Clause: Forcing endless battles is banned
|rule|HP Percentage Mod: HP is shown in percentages
|rule|Evasion Abilities Clause: Evasion abilities are banned
|rule|Sleep Moves Clause: Sleep-inducing moves are banned
|rule|Swagger Clause: Swagger is banned
|rule|Baton Pass Stat Clause: No Baton Passer may have a way to boost its stats
|clearpoke
|poke|p1|Kyurem-Black|item
|poke|p1|Garchomp, M|item
|poke|p1|Conkeldurr, F|item
|poke|p1|Starmie|item
|poke|p1|Bisharp, M|item
|poke|p1|Scyther, M|item
|poke|p2|Politoed, M|item
|poke|p2|Thundurus-Therian, M|item
|poke|p2|Tentacruel, M|item
|poke|p2|Ferrothorn, F|item
|poke|p2|Starmie|item
|poke|p2|Kingdra, F|item
|teampreview
|inactive|Battle timer is ON: inactive players will automatically lose when time's up. (requested by xpeps_10)
|
|t:|1741949205
|start
|switch|p1a: Insane Dwayne|Kyurem-Black|100/100
|switch|p2a: Ferrothorn|Ferrothorn, F|100/100
|-ability|p1a: Insane Dwayne|Teravolt
|turn|1
|
|t:|1741949213
|move|p1a: Insane Dwayne|Freeze Shock||[still]
|-prepare|p1a: Insane Dwayne|Freeze Shock
|move|p2a: Ferrothorn|Thunder Wave|p1a: Insane Dwayne
|-status|p1a: Insane Dwayne|par
|
|upkeep
|turn|2
|
|t:|1741949222
|switch|p2a: Politoed|Politoed, M|100/100
|-weather|RainDance|[from] ability: Drizzle|[of] p2a: Politoed
|move|p1a: Insane Dwayne|Freeze Shock|p2a: Politoed|[from] lockedmove
|-resisted|p2a: Politoed
|-damage|p2a: Politoed|47/100
|-status|p2a: Politoed|par
|-enditem|p2a: Politoed|Eject Button
|
|t:|1741949232
|switch|p2a: Ferrothorn|Ferrothorn, F|100/100
|
|-weather|RainDance|[upkeep]
|upkeep
|turn|3
|
|t:|1741949239
|switch|p1a: Shrekster|Conkeldurr, F|100/100
|move|p2a: Ferrothorn|Stealth Rock|p1a: Shrekster
|-sidestart|p1: daddy_days2|move: Stealth Rock
|
|-weather|RainDance|[upkeep]
|upkeep
|turn|4
|
|t:|1741949246
|switch|p2a: Tentacruel|Tentacruel, M|100/100
|move|p1a: Shrekster|Drain Punch|p2a: Tentacruel
|-resisted|p2a: Tentacruel
|-damage|p2a: Tentacruel|70/100
|
|-weather|RainDance|[upkeep]
|-heal|p2a: Tentacruel|76/100|[from] ability: Rain Dish
|-heal|p2a: Tentacruel|82/100|[from] item: Black Sludge
|upkeep
|turn|5
|
|t:|1741949259
|switch|p1a: Insane Dwayne|Kyurem-Black|100/100 par
|-damage|p1a: Insane Dwayne|76/100 par|[from] Stealth Rock
|-ability|p1a: Insane Dwayne|Teravolt
|move|p2a: Tentacruel|Protect||[still]
|-fail|p2a: Tentacruel
|
|-weather|RainDance|[upkeep]
|-heal|p2a: Tentacruel|88/100|[from] ability: Rain Dish
|-heal|p2a: Tentacruel|94/100|[from] item: Black Sludge
|upkeep
|turn|6
|
|t:|1741949271
|switch|p2a: Politoed|Politoed, M|47/100 par
|cant|p1a: Insane Dwayne|par
|
|-weather|RainDance|[upkeep]
|upkeep
|turn|7
|
|t:|1741949278
|move|p1a: Insane Dwayne|Outrage|p2a: Politoed
|-damage|p2a: Politoed|0 fnt
|faint|p2a: Politoed
|
|-weather|RainDance|[upkeep]
|upkeep
|
|t:|1741949285
|switch|p2a: Ferrothorn|Ferrothorn, F|100/100
|turn|8
|
|t:|1741949290
|move|p2a: Ferrothorn|Knock Off|p1a: Insane Dwayne
|-damage|p1a: Insane Dwayne|72/100 par
|-enditem|p1a: Insane Dwayne|Choice Band|[from] move: Knock Off|[of] p2a: Ferrothorn
|cant|p1a: Insane Dwayne|par
|
|-weather|RainDance|[upkeep]
|upkeep
|turn|9
|
|t:|1741949299
|move|p2a: Ferrothorn|Spikes|p1a: Insane Dwayne
|-sidestart|p1: daddy_days2|Spikes
|move|p1a: Insane Dwayne|Freeze Shock||[still]
|-prepare|p1a: Insane Dwayne|Freeze Shock
|
|-weather|RainDance|[upkeep]
|upkeep
|turn|10
|
|t:|1741949307
|move|p2a: Ferrothorn|Spikes|p1a: Insane Dwayne
|-sidestart|p1: daddy_days2|Spikes
|move|p1a: Insane Dwayne|Freeze Shock|p2a: Ferrothorn|[from] lockedmove
|-damage|p2a: Ferrothorn|26/100
|
|-weather|RainDance|[upkeep]
|-heal|p2a: Ferrothorn|33/100|[from] item: Leftovers
|upkeep
|turn|11
|
|t:|1741949318
|move|p2a: Ferrothorn|Spikes|p1a: Insane Dwayne
|-sidestart|p1: daddy_days2|Spikes
|cant|p1a: Insane Dwayne|par
|
|-weather|RainDance|[upkeep]
|-heal|p2a: Ferrothorn|39/100|[from] item: Leftovers
|upkeep
|turn|12
|
|t:|1741949327
|switch|p2a: Kingdra|Kingdra, F|100/100
|move|p1a: Insane Dwayne|Outrage|p2a: Kingdra
|-supereffective|p2a: Kingdra
|-damage|p2a: Kingdra|0 fnt
|faint|p2a: Kingdra
|
|-weather|RainDance|[upkeep]
|upkeep
|
|t:|1741949339
|switch|p2a: Ferrothorn|Ferrothorn, F|39/100
|turn|13
|
|t:|1741949345
|move|p2a: Ferrothorn|Knock Off|p1a: Insane Dwayne
|-damage|p1a: Insane Dwayne|68/100 par
|move|p1a: Insane Dwayne|Outrage|p2a: Ferrothorn|[from] lockedmove
|-resisted|p2a: Ferrothorn
|-damage|p2a: Ferrothorn|6/100
|-damage|p1a: Insane Dwayne|55/100 par|[from] ability: Iron Barbs|[of] p2a: Ferrothorn
|-start|p1a: Insane Dwayne|confusion|[fatigue]
|
|-weather|RainDance|[upkeep]
|-heal|p2a: Ferrothorn|13/100|[from] item: Leftovers
|upkeep
|turn|14
|
|t:|1741949356
|move|p2a: Ferrothorn|Knock Off|p1a: Insane Dwayne
|-damage|p1a: Insane Dwayne|52/100 par
|-activate|p1a: Insane Dwayne|confusion
|move|p1a: Insane Dwayne|Outrage|p2a: Ferrothorn
|-resisted|p2a: Ferrothorn
|-damage|p2a: Ferrothorn|0 fnt
|-damage|p1a: Insane Dwayne|39/100 par|[from] ability: Iron Barbs|[of] p2a: Ferrothorn
|faint|p2a: Ferrothorn
|
|-weather|RainDance|[upkeep]
|upkeep
|
|t:|1741949367
|switch|p2a: Thundurus|Thundurus-Therian, M|100/100
|turn|15
|
|t:|1741949371
|move|p2a: Thundurus|Agility|p2a: Thundurus
|-boost|p2a: Thundurus|spe|2
|-activate|p1a: Insane Dwayne|confusion
|-damage|p1a: Insane Dwayne|23/100 par|[from] confusion
|
|-weather|RainDance|[upkeep]
|upkeep
|turn|16
|
|t:|1741949379
|move|p2a: Thundurus|Focus Blast|p1a: Insane Dwayne
|-supereffective|p1a: Insane Dwayne
|-damage|p1a: Insane Dwayne|0 fnt
|faint|p1a: Insane Dwayne
|
|-weather|RainDance|[upkeep]
|upkeep
|inactive|daddy_days2 has 120 seconds left.
|
|t:|1741949412
|switch|p1a: Adolf|Bisharp, M|100/100
|-damage|p1a: Adolf|94/100|[from] Stealth Rock
|-item|p1a: Adolf|Air Balloon
|turn|17
|
|t:|1741949420
|move|p1a: Adolf|Sucker Punch|p2a: Thundurus
|-damage|p2a: Thundurus|36/100
|-enditem|p2a: Thundurus|Sitrus Berry|[eat]
|-heal|p2a: Thundurus|61/100|[from] item: Sitrus Berry
|move|p2a: Thundurus|Thunder|p1a: Adolf
|-damage|p1a: Adolf|1/100
|-enditem|p1a: Adolf|Air Balloon
|
|-weather|RainDance|[upkeep]
|upkeep
|turn|18
|
|t:|1741949433
|switch|p2a: Tentacruel|Tentacruel, M|94/100
|move|p1a: Adolf|Sucker Punch||[still]
|-fail|p1a: Adolf
|
|-weather|RainDance|[upkeep]
|-heal|p2a: Tentacruel|99/100|[from] ability: Rain Dish
|-heal|p2a: Tentacruel|100/100|[from] item: Black Sludge
|upkeep
|turn|19
|
|t:|1741949445
|move|p2a: Tentacruel|Rapid Spin|p1a: Adolf
|-resisted|p1a: Adolf
|-damage|p1a: Adolf|0 fnt
|faint|p1a: Adolf
|
|-weather|RainDance|[upkeep]
|upkeep
|
|t:|1741949452
|switch|p1a: Starlight|Starmie|100/100
|-damage|p1a: Starlight|88/100|[from] Stealth Rock
|-damage|p1a: Starlight|63/100|[from] Spikes
|turn|20
|
|t:|1741949458
|move|p1a: Starlight|Rapid Spin|p2a: Tentacruel
|-damage|p2a: Tentacruel|97/100
|-sideend|p1: daddy_days2|Spikes|[from] move: Rapid Spin|[of] p1a: Starlight
|-sideend|p1: daddy_days2|Stealth Rock|[from] move: Rapid Spin|[of] p1a: Starlight
|move|p2a: Tentacruel|Scald|p1a: Starlight
|-resisted|p1a: Starlight
|-damage|p1a: Starlight|41/100
|
|-weather|RainDance|[upkeep]
|-heal|p2a: Tentacruel|100/100|[from] ability: Rain Dish
|-heal|p1a: Starlight|47/100|[from] item: Leftovers
|upkeep
|turn|21
|
|t:|1741949472
|move|p1a: Starlight|Thunder Wave|p2a: Tentacruel
|-status|p2a: Tentacruel|par
|move|p2a: Tentacruel|Scald|p1a: Starlight
|-resisted|p1a: Starlight
|-damage|p1a: Starlight|25/100
|-status|p1a: Starlight|brn
|
|-weather|RainDance|[upkeep]
|-heal|p1a: Starlight|31/100 brn|[from] item: Leftovers
|-damage|p1a: Starlight|19/100 brn|[from] brn
|upkeep
|turn|22
|
|t:|1741949484
|-curestatus|p1a: Starlight|brn|[from] ability: Natural Cure
|switch|p1a: Painkiller|Garchomp, M|100/100
|move|p2a: Tentacruel|Scald|p1a: Painkiller
|-damage|p1a: Painkiller|70/100
|
|-weather|RainDance|[upkeep]
|upkeep
|turn|23
|
|t:|1741949494
|move|p1a: Painkiller|Stealth Rock|p2a: Tentacruel
|-sidestart|p2: xpeps_10|move: Stealth Rock
|move|p2a: Tentacruel|Scald|p1a: Painkiller
|-damage|p1a: Painkiller|41/100
|
|-weather|RainDance|[upkeep]
|upkeep
|turn|24
|
|t:|1741949503
|move|p1a: Painkiller|Earthquake|p2a: Tentacruel
|-supereffective|p2a: Tentacruel
|-crit|p2a: Tentacruel
|-damage|p2a: Tentacruel|0 fnt
|faint|p2a: Tentacruel
|
|-weather|RainDance|[upkeep]
|upkeep
|
|t:|1741949506
|switch|p2a: Starmie|Starmie|100/100
|-damage|p2a: Starmie|88/100|[from] Stealth Rock
|-item|p2a: Starmie|Air Balloon
|turn|25
|
|t:|1741949515
|move|p2a: Starmie|Ice Beam|p1a: Painkiller
|-supereffective|p1a: Painkiller
|-damage|p1a: Painkiller|0 fnt
|faint|p1a: Painkiller
|
|-weather|RainDance|[upkeep]
|upkeep
|
|t:|1741949522
|switch|p1a: Blade|Scyther, M|100/100
|turn|26
|
|t:|1741949526
|move|p1a: Blade|U-turn|p2a: Starmie
|-supereffective|p2a: Starmie
|-damage|p2a: Starmie|0 fnt
|-enditem|p2a: Starmie|Air Balloon
|faint|p2a: Starmie
|
|t:|1741949533
|switch|p1a: Shrekster|Conkeldurr, F|100/100|[from] U-turn
|
|-weather|RainDance|[upkeep]
|upkeep
|
|t:|1741949536
|switch|p2a: Thundurus|Thundurus-Therian, M|61/100
|-damage|p2a: Thundurus|36/100|[from] Stealth Rock
|turn|27
|
|t:|1741949542
|move|p1a: Shrekster|Mach Punch|p2a: Thundurus
|-resisted|p2a: Thundurus
|-damage|p2a: Thundurus|16/100
|move|p2a: Thundurus|Thunder|p1a: Shrekster
|-damage|p1a: Shrekster|9/100
|-status|p1a: Shrekster|par
|
|-weather|RainDance|[upkeep]
|-heal|p1a: Shrekster|15/100 par|[from] item: Leftovers
|upkeep
|turn|28
|
|t:|1741949553
|move|p1a: Shrekster|Mach Punch|p2a: Thundurus
|-resisted|p2a: Thundurus
|-damage|p2a: Thundurus|0 fnt
|faint|p2a: Thundurus
|
|win|daddy_days2
|raw|daddy_days2's rating: 1365 &rarr; <strong>1384</strong><br />(+19 for winning)
|raw|xpeps_10's rating: 1346 &rarr; <strong>1327</strong><br />(-19 for losing)
|l|☆xpeps_10
|player|p2|
