|uhtml|medal-msg|<div class="broadcast-blue">Curious what those medals under the avatar are? PS now has Ladder Seasons! For more information, check out the <a href="https://www.smogon.com/forums/threads/3740067/">thread on Smogon.</a></div>
|uhtml|medal-msg|<div class="broadcast-blue">Curious what those medals under the avatar are? PS now has Ladder Seasons! For more information, check out the <a href="https://www.smogon.com/forums/threads/3740067/">thread on Smogon.</a></div>
|j|☆radaty
|j|☆chomp29
|t:|1712237185
|gametype|singles
|player|p1|radaty|265|1459
|player|p2|chomp29|lucas|1658
|teamsize|p1|6
|teamsize|p2|6
|gen|5
|tier|[Gen 5] OU
|rated|
|rule|Species Clause: Limit one of each Pokémon
|rule|OHKO Clause: OHKO moves are banned
|rule|Moody Clause: Moody is banned
|rule|Evasion Items Clause: Evasion items are banned
|rule|Evasion Moves Clause: Evasion moves are banned
|rule|Endless Battle Clause: Forcing endless battles is banned
|rule|HP Percentage Mod: HP is shown in percentages
|rule|Evasion Abilities Clause: Evasion abilities are banned
|rule|Sleep Moves Clause: Sleep-inducing moves are banned
|rule|Swagger Clause: Swagger is banned
|rule|Baton Pass Stat Clause: No Baton Passer may have a way to boost its stats
|clearpoke
|poke|p1|Chansey, F|item
|poke|p1|Xatu, F|item
|poke|p1|Sableye, M|item
|poke|p1|Quagsire, M|item
|poke|p1|Tentacruel, F|item
|poke|p1|Jirachi|item
|poke|p2|Jirachi|item
|poke|p2|Garchomp, F|item
|poke|p2|Aerodactyl, M|item
|poke|p2|Dragonite, M|item
|poke|p2|Scizor, M|item
|poke|p2|Starmie|item
|teampreview
|inactive|Battle timer is ON: inactive players will automatically lose when time's up. (requested by radaty)
|inactive|chomp29 has 120 seconds left.
|
|t:|1712237227
|start
|switch|p1a: Sableye|Sableye, M|100/100
|switch|p2a: Starmie|Starmie|100/100
|-item|p2a: Starmie|Air Balloon
|turn|1
|
|t:|1712237231
|switch|p1a: Chansey|Chansey, F|100/100
|move|p2a: Starmie|Hydro Pump|p1a: Chansey|[miss]
|-miss|p2a: Starmie|p1a: Chansey
|
|upkeep
|turn|2
|
|t:|1712237240
|switch|p2a: Garchomp|Garchomp, F|100/100
|move|p1a: Chansey|Stealth Rock|p2a: Garchomp
|-sidestart|p2: chomp29|move: Stealth Rock
|
|upkeep
|turn|3
|
|t:|1712237242
|move|p2a: Garchomp|Swords Dance|p2a: Garchomp
|-boost|p2a: Garchomp|atk|2
|move|p1a: Chansey|Toxic|p2a: Garchomp
|-status|p2a: Garchomp|tox
|
|-damage|p2a: Garchomp|94/100 tox|[from] psn
|upkeep
|turn|4
|
|t:|1712237254
|switch|p1a: Quagsire|Quagsire, M|100/100
|move|p2a: Garchomp|Swords Dance|p2a: Garchomp
|-boost|p2a: Garchomp|atk|2
|
|-damage|p2a: Garchomp|82/100 tox|[from] psn
|upkeep
|turn|5
|inactive|chomp29 has 120 seconds left.
|
|t:|1712237299
|switch|p2a: Aerodactyl|Aerodactyl, M|100/100
|-damage|p2a: Aerodactyl|76/100|[from] Stealth Rock
|move|p1a: Quagsire|Recover||[still]
|-fail|p1a: Quagsire|heal
|
|upkeep
|turn|6
|
|t:|1712237304
|switch|p1a: Xatu|Xatu, F|100/100
|move|p2a: Aerodactyl|Double-Edge|p1a: Xatu
|-damage|p1a: Xatu|69/100
|
|-heal|p1a: Xatu|75/100|[from] item: Leftovers
|upkeep
|turn|7
|
|t:|1712237311
|switch|p2a: Jirachi|Jirachi|100/100
|-damage|p2a: Jirachi|94/100|[from] Stealth Rock
|switch|p1a: Sableye|Sableye, M|100/100
|
|-heal|p2a: Jirachi|100/100|[from] item: Leftovers
|upkeep
|turn|8
|
|t:|1712237313
|move|p1a: Sableye|Will-O-Wisp|p2a: Jirachi|[miss]
|-miss|p1a: Sableye|p2a: Jirachi
|move|p2a: Jirachi|Thunder|p1a: Sableye
|-damage|p1a: Sableye|61/100
|-status|p1a: Sableye|par
|
|-heal|p1a: Sableye|67/100 par|[from] item: Leftovers
|upkeep
|turn|9
|
|t:|1712237318
|switch|p2a: Garchomp|Garchomp, F|82/100 tox
|-damage|p2a: Garchomp|76/100 tox|[from] Stealth Rock
|move|p1a: Sableye|Will-O-Wisp||[still]
|-fail|p1a: Sableye
|
|-heal|p1a: Sableye|72/100 par|[from] item: Leftovers
|-damage|p2a: Garchomp|70/100 tox|[from] psn
|upkeep
|turn|10
|
|t:|1712237321
|move|p1a: Sableye|Taunt|p2a: Garchomp
|-start|p2a: Garchomp|move: Taunt
|move|p2a: Garchomp|Outrage|p1a: Sableye
|-damage|p1a: Sableye|11/100 par
|
|-heal|p1a: Sableye|17/100 par|[from] item: Leftovers
|-damage|p2a: Garchomp|57/100 tox|[from] psn
|upkeep
|turn|11
|
|t:|1712237326
|move|p1a: Sableye|Recover|p1a: Sableye
|-heal|p1a: Sableye|67/100 par
|move|p2a: Garchomp|Outrage|p1a: Sableye|[from]lockedmove
|-damage|p1a: Sableye|7/100 par
|
|-heal|p1a: Sableye|13/100 par|[from] item: Leftovers
|-damage|p2a: Garchomp|39/100 tox|[from] psn
|upkeep
|turn|12
|
|t:|1712237328
|move|p1a: Sableye|Recover|p1a: Sableye
|-heal|p1a: Sableye|64/100 par
|move|p2a: Garchomp|Outrage|p1a: Sableye|[from]lockedmove
|-damage|p1a: Sableye|0 fnt
|faint|p1a: Sableye
|-start|p2a: Garchomp|confusion|[fatigue]
|
|-damage|p2a: Garchomp|14/100 tox|[from] psn
|-end|p2a: Garchomp|move: Taunt
|upkeep
|
|t:|1712237333
|switch|p1a: Jirachi|Jirachi|100/100
|turn|13
|
|t:|1712237337
|move|p1a: Jirachi|Protect|p1a: Jirachi
|-singleturn|p1a: Jirachi|Protect
|-activate|p2a: Garchomp|confusion
|move|p2a: Garchomp|Earthquake|p1a: Jirachi
|-activate|p1a: Jirachi|move: Protect
|
|-damage|p2a: Garchomp|0 fnt|[from] psn
|faint|p2a: Garchomp
|upkeep
|j| Silexius
|c| Silexius|Chomp?
|c| Silexius|that u?
|c|☆radaty|No
|inactive|chomp29 has 120 seconds left.
|
|t:|1712237373
|switch|p2a: Aerodactyl|Aerodactyl, M|76/100
|-damage|p2a: Aerodactyl|51/100|[from] Stealth Rock
|turn|14
|inactive|chomp29 has 120 seconds left.
|c|☆radaty|Oh the other guy
|inactive|chomp29 has 90 seconds left.
|
|t:|1712237416
|switch|p2a: Starmie|Starmie|100/100
|-damage|p2a: Starmie|88/100|[from] Stealth Rock
|-item|p2a: Starmie|Air Balloon
|switch|p1a: Xatu|Xatu, F|75/100
|
|-heal|p1a: Xatu|81/100|[from] item: Leftovers
|upkeep
|turn|15
|c| Silexius|ye
|
|t:|1712237425
|move|p2a: Starmie|Thunder|p1a: Xatu
|-supereffective|p1a: Xatu
|-crit|p1a: Xatu
|-damage|p1a: Xatu|0 fnt
|faint|p1a: Xatu
|
|upkeep
|
|t:|1712237428
|switch|p1a: Jirachi|Jirachi|100/100
|turn|16
|
|t:|1712237437
|switch|p1a: Chansey|Chansey, F|100/100
|move|p2a: Starmie|Rapid Spin|p1a: Chansey
|-damage|p1a: Chansey|98/100
|-sideend|p2: chomp29|Stealth Rock|[from] move: Rapid Spin|[of] p2a: Starmie
|
|upkeep
|turn|17
|
|t:|1712237440
|switch|p2a: Aerodactyl|Aerodactyl, M|51/100
|move|p1a: Chansey|Stealth Rock|p2a: Aerodactyl
|-sidestart|p2: chomp29|move: Stealth Rock
|
|upkeep
|turn|18
|
|t:|1712237443
|move|p2a: Aerodactyl|Stealth Rock|p1a: Chansey
|-sidestart|p1: radaty|move: Stealth Rock
|move|p1a: Chansey|Seismic Toss|p2a: Aerodactyl
|-damage|p2a: Aerodactyl|17/100
|
|upkeep
|turn|19
|
|t:|1712237447
|move|p2a: Aerodactyl|Double-Edge|p1a: Chansey
|-damage|p1a: Chansey|71/100
|move|p1a: Chansey|Seismic Toss|p2a: Aerodactyl
|-damage|p2a: Aerodactyl|0 fnt
|faint|p2a: Aerodactyl
|
|upkeep
|
|t:|1712237464
|switch|p2a: Jirachi|Jirachi|100/100
|-damage|p2a: Jirachi|94/100|[from] Stealth Rock
|turn|20
|
|t:|1712237468
|move|p2a: Jirachi|Fire Punch|p1a: Chansey
|-damage|p1a: Chansey|56/100
|move|p1a: Chansey|Soft-Boiled|p1a: Chansey
|-heal|p1a: Chansey|100/100
|
|-heal|p2a: Jirachi|100/100|[from] item: Leftovers
|upkeep
|turn|21
|
|t:|1712237476
|move|p2a: Jirachi|Fire Punch|p1a: Chansey
|-crit|p1a: Chansey
|-damage|p1a: Chansey|69/100
|move|p1a: Chansey|Seismic Toss|p2a: Jirachi
|-damage|p2a: Jirachi|72/100
|
|-heal|p2a: Jirachi|78/100|[from] item: Leftovers
|upkeep
|turn|22
|
|t:|1712237478
|move|p2a: Jirachi|Iron Head|p1a: Chansey
|-damage|p1a: Chansey|46/100
|cant|p1a: Chansey|flinch
|
|-heal|p2a: Jirachi|85/100|[from] item: Leftovers
|upkeep
|turn|23
|
|t:|1712237480
|switch|p1a: Tentacruel|Tentacruel, F|100/100
|-damage|p1a: Tentacruel|88/100|[from] Stealth Rock
|move|p2a: Jirachi|Iron Head|p1a: Tentacruel
|-resisted|p1a: Tentacruel
|-damage|p1a: Tentacruel|68/100
|
|-heal|p2a: Jirachi|91/100|[from] item: Leftovers
|-heal|p1a: Tentacruel|74/100|[from] item: Black Sludge
|upkeep
|turn|24
|
|t:|1712237483
|move|p1a: Tentacruel|Protect|p1a: Tentacruel
|-singleturn|p1a: Tentacruel|Protect
|move|p2a: Jirachi|Thunder|p1a: Tentacruel
|-activate|p1a: Tentacruel|move: Protect
|
|-heal|p2a: Jirachi|97/100|[from] item: Leftovers
|-heal|p1a: Tentacruel|81/100|[from] item: Black Sludge
|upkeep
|turn|25
|
|t:|1712237485
|move|p2a: Jirachi|Thunder|p1a: Tentacruel
|-supereffective|p1a: Tentacruel
|-damage|p1a: Tentacruel|47/100
|-status|p1a: Tentacruel|par
|move|p1a: Tentacruel|Rapid Spin|p2a: Jirachi
|-resisted|p2a: Jirachi
|-damage|p2a: Jirachi|96/100
|-sideend|p1: radaty|Stealth Rock|[from] move: Rapid Spin|[of] p1a: Tentacruel
|
|-heal|p2a: Jirachi|100/100|[from] item: Leftovers
|-heal|p1a: Tentacruel|53/100 par|[from] item: Black Sludge
|upkeep
|turn|26
|
|t:|1712237493
|cant|p1a: Tentacruel|par
|move|p2a: Jirachi|Iron Head|p1a: Tentacruel
|-resisted|p1a: Tentacruel
|-damage|p1a: Tentacruel|31/100 par
|
|-heal|p1a: Tentacruel|38/100 par|[from] item: Black Sludge
|upkeep
|turn|27
|
|t:|1712237503
|cant|p1a: Tentacruel|par
|move|p2a: Jirachi|Thunder|p1a: Tentacruel
|-supereffective|p1a: Tentacruel
|-crit|p1a: Tentacruel
|-damage|p1a: Tentacruel|0 fnt
|faint|p1a: Tentacruel
|
|upkeep
|
|t:|1712237506
|switch|p1a: Quagsire|Quagsire, M|100/100
|turn|28
|
|t:|1712237515
|move|p2a: Jirachi|Fire Punch|p1a: Quagsire
|-resisted|p1a: Quagsire
|-damage|p1a: Quagsire|93/100
|move|p1a: Quagsire|Earthquake|p2a: Jirachi
|-supereffective|p2a: Jirachi
|-damage|p2a: Jirachi|39/100
|
|-heal|p2a: Jirachi|46/100|[from] item: Leftovers
|-heal|p1a: Quagsire|99/100|[from] item: Leftovers
|upkeep
|turn|29
|
|t:|1712237522
|move|p2a: Jirachi|Iron Head|p1a: Quagsire
|-resisted|p1a: Quagsire
|-damage|p1a: Quagsire|87/100
|cant|p1a: Quagsire|flinch
|
|-heal|p2a: Jirachi|52/100|[from] item: Leftovers
|-heal|p1a: Quagsire|93/100|[from] item: Leftovers
|upkeep
|turn|30
|
|t:|1712237524
|move|p2a: Jirachi|Iron Head|p1a: Quagsire
|-resisted|p1a: Quagsire
|-damage|p1a: Quagsire|82/100
|cant|p1a: Quagsire|flinch
|
|-heal|p2a: Jirachi|58/100|[from] item: Leftovers
|-heal|p1a: Quagsire|88/100|[from] item: Leftovers
|upkeep
|turn|31
|
|t:|1712237530
|move|p2a: Jirachi|Iron Head|p1a: Quagsire
|-resisted|p1a: Quagsire
|-damage|p1a: Quagsire|76/100
|cant|p1a: Quagsire|flinch
|
|-heal|p2a: Jirachi|64/100|[from] item: Leftovers
|-heal|p1a: Quagsire|82/100|[from] item: Leftovers
|upkeep
|turn|32
|
|t:|1712237543
|move|p2a: Jirachi|Fire Punch|p1a: Quagsire
|-resisted|p1a: Quagsire
|-damage|p1a: Quagsire|74/100
|move|p1a: Quagsire|Scald|p2a: Jirachi
|-damage|p2a: Jirachi|44/100
|-status|p2a: Jirachi|brn
|
|-heal|p2a: Jirachi|51/100 brn|[from] item: Leftovers
|-heal|p1a: Quagsire|80/100|[from] item: Leftovers
|-damage|p2a: Jirachi|38/100 brn|[from] brn
|upkeep
|turn|33
|
|t:|1712237547
|move|p2a: Jirachi|Fire Punch|p1a: Quagsire
|-resisted|p1a: Quagsire
|-damage|p1a: Quagsire|76/100
|-status|p1a: Quagsire|brn
|move|p1a: Quagsire|Recover|p1a: Quagsire
|-heal|p1a: Quagsire|100/100 brn
|
|-heal|p2a: Jirachi|44/100 brn|[from] item: Leftovers
|-damage|p2a: Jirachi|32/100 brn|[from] brn
|-damage|p1a: Quagsire|88/100 brn|[from] brn
|upkeep
|turn|34
|
|t:|1712237555
|switch|p1a: Chansey|Chansey, F|46/100
|move|p2a: Jirachi|Iron Head|p1a: Chansey
|-damage|p1a: Chansey|33/100
|
|-heal|p2a: Jirachi|38/100 brn|[from] item: Leftovers
|-damage|p2a: Jirachi|26/100 brn|[from] brn
|upkeep
|turn|35
|
|t:|1712237557
|move|p2a: Jirachi|Iron Head|p1a: Chansey
|-damage|p1a: Chansey|22/100
|cant|p1a: Chansey|flinch
|
|-heal|p2a: Jirachi|32/100 brn|[from] item: Leftovers
|-damage|p2a: Jirachi|19/100 brn|[from] brn
|upkeep
|turn|36
|
|t:|1712237559
|move|p2a: Jirachi|Iron Head|p1a: Chansey
|-damage|p1a: Chansey|9/100
|move|p1a: Chansey|Soft-Boiled|p1a: Chansey
|-heal|p1a: Chansey|59/100
|
|-heal|p2a: Jirachi|26/100 brn|[from] item: Leftovers
|-damage|p2a: Jirachi|13/100 brn|[from] brn
|upkeep
|turn|37
|
|t:|1712237562
|move|p2a: Jirachi|Iron Head|p1a: Chansey
|-damage|p1a: Chansey|46/100
|move|p1a: Chansey|Soft-Boiled|p1a: Chansey
|-heal|p1a: Chansey|96/100
|
|-heal|p2a: Jirachi|19/100 brn|[from] item: Leftovers
|-damage|p2a: Jirachi|7/100 brn|[from] brn
|upkeep
|turn|38
|
|t:|1712237565
|move|p2a: Jirachi|Iron Head|p1a: Chansey
|-damage|p1a: Chansey|85/100
|move|p1a: Chansey|Seismic Toss|p2a: Jirachi
|-damage|p2a: Jirachi|0 fnt
|faint|p2a: Jirachi
|
|upkeep
|
|t:|1712237570
|switch|p2a: Scizor|Scizor, M|100/100
|-damage|p2a: Scizor|88/100|[from] Stealth Rock
|turn|39
|
|t:|1712237574
|move|p2a: Scizor|Swords Dance|p2a: Scizor
|-boost|p2a: Scizor|atk|2
|move|p1a: Chansey|Seismic Toss|p2a: Scizor
|-damage|p2a: Scizor|58/100
|
|upkeep
|turn|40
|
|t:|1712237581
|move|p2a: Scizor|Quick Attack|p1a: Chansey
|-damage|p1a: Chansey|46/100
|-damage|p2a: Scizor|48/100|[from] item: Life Orb
|move|p1a: Chansey|Seismic Toss|p2a: Scizor
|-damage|p2a: Scizor|18/100
|
|upkeep
|turn|41
|
|t:|1712237585
|move|p2a: Scizor|Bullet Punch|p1a: Chansey
|-damage|p1a: Chansey|0 fnt
|faint|p1a: Chansey
|-damage|p2a: Scizor|8/100|[from] item: Life Orb
|
|upkeep
|
|t:|1712237588
|switch|p1a: Jirachi|Jirachi|100/100
|turn|42
|
|t:|1712237596
|move|p1a: Jirachi|Wish|p1a: Jirachi
|move|p2a: Scizor|Superpower|p1a: Jirachi
|-damage|p1a: Jirachi|0 fnt
|-unboost|p2a: Scizor|atk|1
|-unboost|p2a: Scizor|def|1
|faint|p1a: Jirachi
|-damage|p2a: Scizor|0 fnt|[from] item: Life Orb
|faint|p2a: Scizor
|
|upkeep
|
|t:|1712237603
|switch|p1a: Quagsire|Quagsire, M|88/100 brn
|switch|p2a: Starmie|Starmie|88/100
|-damage|p2a: Starmie|76/100|[from] Stealth Rock
|-item|p2a: Starmie|Air Balloon
|turn|43
|
|t:|1712237608
|move|p2a: Starmie|Hydro Pump|p1a: Quagsire
|-damage|p1a: Quagsire|25/100 brn
|move|p1a: Quagsire|Scald|p2a: Starmie
|-resisted|p2a: Starmie
|-damage|p2a: Starmie|62/100
|-enditem|p2a: Starmie|Air Balloon
|
|-heal|p1a: Quagsire|76/100 brn|[from] move: Wish|[wisher] Jirachi
|-heal|p1a: Quagsire|82/100 brn|[from] item: Leftovers
|-damage|p1a: Quagsire|69/100 brn|[from] brn
|upkeep
|turn|44
|
|t:|1712237612
|move|p2a: Starmie|Hydro Pump|p1a: Quagsire
|-damage|p1a: Quagsire|6/100 brn
|move|p1a: Quagsire|Recover|p1a: Quagsire
|-heal|p1a: Quagsire|56/100 brn
|
|-heal|p1a: Quagsire|62/100 brn|[from] item: Leftovers
|-damage|p1a: Quagsire|50/100 brn|[from] brn
|upkeep
|turn|45
|
|t:|1712237617
|move|p2a: Starmie|Hydro Pump|p1a: Quagsire
|-damage|p1a: Quagsire|0 fnt
|faint|p1a: Quagsire
|
|win|chomp29
|raw|radaty's rating: 1459 &rarr; <strong>1449</strong><br />(-10 for losing)
|raw|chomp29's rating: 1658 &rarr; <strong>1668</strong><br />(+10 for winning)
|l|☆radaty
|player|p1|
