|j|☆Plavns
|j|☆JesusKun69
|t:|1739065428
|gametype|singles
|player|p1|Plavns|169|1420
|player|p2|JesusKun69|evelyn|1414
|teamsize|p1|6
|teamsize|p2|6
|gen|5
|tier|[Gen 5] OU
|rated|
|rule|Species Clause: Limit one of each Pokémon
|rule|OHKO Clause: OHKO moves are banned
|rule|Moody Clause: Moody is banned
|rule|Evasion Items Clause: Evasion items are banned
|rule|Evasion Moves Clause: Evasion moves are banned
|rule|Endless Battle Clause: Forcing endless battles is banned
|rule|HP Percentage Mod: HP is shown in percentages
|rule|Evasion Abilities Clause: Evasion abilities are banned
|rule|Sleep Moves Clause: Sleep-inducing moves are banned
|rule|Swagger Clause: Swagger is banned
|rule|Baton Pass Stat Clause: No Baton Passer may have a way to boost its stats
|clearpoke
|poke|p1|Politoed, F|item
|poke|p1|Kyurem-Black|item
|poke|p1|Keldeo|item
|poke|p1|Ferrothorn, M|item
|poke|p1|Tentacruel, F|item
|poke|p1|Tornadus, M|item
|poke|p2|Yanmega, M|item
|poke|p2|Volcarona, F|item
|poke|p2|Terrakion|item
|poke|p2|Keldeo-Resolute|item
|poke|p2|Scizor, F|item
|poke|p2|Donphan, F|item
|teampreview
|inactive|Battle timer is ON: inactive players will automatically lose when time's up. (requested by Plavns)
|
|t:|1739065447
|start
|switch|p1a: Politoed|Politoed, F|100/100
|switch|p2a: bug hater|Terrakion|100/100
|-weather|RainDance|[from] ability: Drizzle|[of] p1a: Politoed
|turn|1
|
|t:|1739065453
|move|p2a: bug hater|Stealth Rock|p1a: Politoed
|-sidestart|p1: Plavns|move: Stealth Rock
|move|p1a: Politoed|Scald|p2a: bug hater
|-supereffective|p2a: bug hater
|-crit|p2a: bug hater
|-enditem|p2a: bug hater|Focus Sash
|-damage|p2a: bug hater|1/100
|
|-weather|RainDance|[upkeep]
|upkeep
|turn|2
|
|t:|1739065462
|move|p2a: bug hater|Close Combat|p1a: Politoed
|-damage|p1a: Politoed|43/100
|-unboost|p2a: bug hater|def|1
|-unboost|p2a: bug hater|spd|1
|move|p1a: Politoed|Scald|p2a: bug hater
|-supereffective|p2a: bug hater
|-damage|p2a: bug hater|0 fnt
|faint|p2a: bug hater
|
|-weather|RainDance|[upkeep]
|upkeep
|
|t:|1739065470
|switch|p2a: bug 1|Yanmega, M|100/100
|turn|3
|
|t:|1739065473
|switch|p1a: Tentacruel|Tentacruel, F|100/100
|-damage|p1a: Tentacruel|88/100|[from] Stealth Rock
|move|p2a: bug 1|Bug Buzz|p1a: Tentacruel
|-resisted|p1a: Tentacruel
|-damage|p1a: Tentacruel|26/100
|
|-weather|RainDance|[upkeep]
|-heal|p1a: Tentacruel|32/100|[from] ability: Rain Dish
|-heal|p1a: Tentacruel|38/100|[from] item: Black Sludge
|upkeep
|turn|4
|
|t:|1739065480
|move|p1a: Tentacruel|Protect|p1a: Tentacruel
|-singleturn|p1a: Tentacruel|Protect
|move|p2a: bug 1|Bug Buzz|p1a: Tentacruel
|-activate|p1a: Tentacruel|move: Protect
|
|-weather|RainDance|[upkeep]
|-heal|p1a: Tentacruel|44/100|[from] ability: Rain Dish
|-heal|p1a: Tentacruel|50/100|[from] item: Black Sludge
|upkeep
|turn|5
|
|t:|1739065483
|switch|p1a: Ferrothorn|Ferrothorn, M|100/100
|-damage|p1a: Ferrothorn|94/100|[from] Stealth Rock
|move|p2a: bug 1|Bug Buzz|p1a: Ferrothorn
|-damage|p1a: Ferrothorn|44/100
|
|-weather|RainDance|[upkeep]
|-heal|p1a: Ferrothorn|50/100|[from] item: Leftovers
|upkeep
|turn|6
|
|t:|1739065494
|move|p2a: bug 1|Bug Buzz|p1a: Ferrothorn
|-damage|p1a: Ferrothorn|6/100
|move|p1a: Ferrothorn|Stealth Rock|p2a: bug 1
|-sidestart|p2: JesusKun69|move: Stealth Rock
|
|-weather|RainDance|[upkeep]
|-heal|p1a: Ferrothorn|13/100|[from] item: Leftovers
|upkeep
|turn|7
|
|t:|1739065503
|move|p2a: bug 1|Bug Buzz|p1a: Ferrothorn
|-damage|p1a: Ferrothorn|0 fnt
|faint|p1a: Ferrothorn
|
|-weather|RainDance|[upkeep]
|upkeep
|
|t:|1739065508
|switch|p1a: Tornadus|Tornadus, M|100/100
|-damage|p1a: Tornadus|76/100|[from] Stealth Rock
|turn|8
|
|t:|1739065518
|move|p1a: Tornadus|Hurricane|p2a: bug 1
|-supereffective|p2a: bug 1
|-damage|p2a: bug 1|0 fnt
|faint|p2a: bug 1
|
|-weather|RainDance|[upkeep]
|upkeep
|
|t:|1739065521
|switch|p2a: bug 3|Scizor, F|100/100
|-damage|p2a: bug 3|88/100|[from] Stealth Rock
|turn|9
|
|t:|1739065528
|move|p1a: Tornadus|Hurricane|p2a: bug 3
|-damage|p2a: bug 3|0 fnt
|faint|p2a: bug 3
|
|-weather|RainDance|[upkeep]
|upkeep
|
|t:|1739065534
|switch|p2a: wife beater|Donphan, F|100/100
|-damage|p2a: wife beater|94/100|[from] Stealth Rock
|turn|10
|
|t:|1739065543
|move|p2a: wife beater|Ice Shard|p1a: Tornadus
|-supereffective|p1a: Tornadus
|-damage|p1a: Tornadus|35/100
|move|p1a: Tornadus|Grass Knot|p2a: wife beater
|-supereffective|p2a: wife beater
|-damage|p2a: wife beater|0 fnt
|faint|p2a: wife beater
|
|-weather|RainDance|[upkeep]
|upkeep
|-message|JesusKun69 forfeited.
|
|win|Plavns
|raw|Plavns's rating: 1420 &rarr; <strong>1440</strong><br />(+20 for winning)
|raw|JesusKun69's rating: 1414 &rarr; <strong>1394</strong><br />(-20 for losing)
|l|☆JesusKun69
|player|p2|
|c|☆Plavns|Gg
