|j|☆porrompompom
|j|☆Fratm Gino
|player|p1|porrompompom|102|1551
|player|p2|Fratm Gino|129|1392
|teamsize|p1|6
|teamsize|p2|6
|gametype|singles
|gen|5
|tier|[Gen 5] OU
|rated|
|rule|Sleep Clause Mod: Limit one foe put to sleep
|rule|Species Clause: Limit one of each Pokémon
|rule|OHKO Clause: OHKO moves are banned
|rule|Moody Clause: Moody is banned
|rule|Evasion Moves Clause: Evasion moves are banned
|rule|Endless Battle Clause: Forcing endless battles is banned
|rule|HP Percentage Mod: HP is shown in percentages
|rule|Evasion Abilities Clause: Evasion abilities are banned
|rule|Baton Pass Clause: Limit one Baton Passer, can't pass Spe and other stats simultaneously
|rule|Swagger Clause: Swagger is banned
|clearpoke
|poke|p1|Ninetales, M|item
|poke|p1|Gastrodon, M|item
|poke|p1|Excadrill, M|item
|poke|p1|Volcarona, M|item
|poke|p1|Reuniclus, F|item
|poke|p1|Hydreigon, M|item
|poke|p2|Tyranitar, F|item
|poke|p2|Latios, M|item
|poke|p2|Rotom-Wash|item
|poke|p2|Ferrothorn, M|item
|poke|p2|Landorus-Therian, M|item
|poke|p2|Garchomp, F|item
|teampreview
|inactive|Battle timer is ON: inactive players will automatically lose when time's up. (requested by Fratm Gino)
|
|start
|switch|p1a: Gastrodon|Gastrodon, M|100/100
|switch|p2a: Latios|Latios, M|100/100
|turn|1
|
|switch|p1a: Excadrill|Excadrill, M|100/100
|-ability|p1a: Excadrill|Mold Breaker
|move|p2a: Latios|Draco Meteor|p1a: Excadrill
|-resisted|p1a: Excadrill
|-damage|p1a: Excadrill|52/100
|-unboost|p2a: Latios|spa|2
|
|-heal|p1a: Excadrill|58/100|[from] item: Leftovers
|upkeep
|turn|2
|
|switch|p2a: Landorus|Landorus-Therian, M|100/100
|-ability|p2a: Landorus|Intimidate|boost
|-unboost|p1a: Excadrill|atk|1
|move|p1a: Excadrill|Stealth Rock|p2a: Landorus
|-sidestart|p2: Fratm Gino|move: Stealth Rock
|
|-heal|p1a: Excadrill|64/100|[from] item: Leftovers
|upkeep
|turn|3
|
|switch|p1a: Gastrodon|Gastrodon, M|100/100
|move|p2a: Landorus|Superpower|p1a: Gastrodon
|-enditem|p2a: Landorus|Fighting Gem|[from] gem|[move] Superpower
|-crit|p1a: Gastrodon
|-damage|p1a: Gastrodon|0 fnt
|-unboost|p2a: Landorus|atk|1
|-unboost|p2a: Landorus|def|1
|faint|p1a: Gastrodon
|
|upkeep
|inactive|porrompompom has 120 seconds left.
|inactive|porrompompom has 90 seconds left.
|
|switch|p1a: Volcarona|Volcarona, M|100/100
|turn|4
|
|switch|p2a: Garchomp|Garchomp, F, shiny|100/100
|-damage|p2a: Garchomp|94/100|[from] Stealth Rock
|move|p1a: Volcarona|Quiver Dance|p1a: Volcarona
|-boost|p1a: Volcarona|spa|1
|-boost|p1a: Volcarona|spd|1
|-boost|p1a: Volcarona|spe|1
|
|upkeep
|turn|5
|
|switch|p1a: Excadrill|Excadrill, M|64/100
|-ability|p1a: Excadrill|Mold Breaker
|move|p2a: Garchomp|Outrage|p1a: Excadrill
|-resisted|p1a: Excadrill
|-damage|p1a: Excadrill|27/100
|
|-heal|p1a: Excadrill|33/100|[from] item: Leftovers
|upkeep
|turn|6
|
|move|p2a: Garchomp|Outrage|p1a: Excadrill|[from]lockedmove
|-resisted|p1a: Excadrill
|-damage|p1a: Excadrill|0 fnt
|-start|p2a: Garchomp|confusion|[fatigue]
|faint|p1a: Excadrill
|
|upkeep
|
|switch|p1a: Reuniclus|Reuniclus, F|100/100
|turn|7
|
|switch|p2a: Tyranitar|Tyranitar, F|100/100
|-damage|p2a: Tyranitar|88/100|[from] Stealth Rock
|-weather|Sandstorm|[from] ability: Sand Stream|[of] p2a: Tyranitar
|move|p1a: Reuniclus|Focus Blast|p2a: Tyranitar
|-supereffective|p2a: Tyranitar
|-enditem|p2a: Tyranitar|Chople Berry|[eat]
|-enditem|p2a: Tyranitar|Chople Berry|[weaken]
|-damage|p2a: Tyranitar|57/100
|
|-weather|Sandstorm|[upkeep]
|upkeep
|turn|8
|
|switch|p1a: Ninetales|Ninetales, M|100/100
|-weather|SunnyDay|[from] ability: Drought|[of] p1a: Ninetales
|move|p2a: Tyranitar|Crunch|p1a: Ninetales
|-damage|p1a: Ninetales|52/100
|
|-weather|SunnyDay|[upkeep]
|-heal|p1a: Ninetales|58/100|[from] item: Leftovers
|upkeep
|turn|9
|
|switch|p2a: Latios|Latios, M|100/100
|-damage|p2a: Latios|88/100|[from] Stealth Rock
|move|p1a: Ninetales|Will-O-Wisp|p2a: Latios
|-status|p2a: Latios|brn
|
|-weather|SunnyDay|[upkeep]
|-heal|p1a: Ninetales|64/100|[from] item: Leftovers
|-damage|p2a: Latios|76/100 brn|[from] brn
|upkeep
|turn|10
|
|switch|p2a: Tyranitar|Tyranitar, F|57/100
|-damage|p2a: Tyranitar|44/100|[from] Stealth Rock
|-weather|Sandstorm|[from] ability: Sand Stream|[of] p2a: Tyranitar
|move|p1a: Ninetales|Protect||[still]
|-fail|p1a: Ninetales
|
|-weather|Sandstorm|[upkeep]
|-damage|p1a: Ninetales|58/100|[from] Sandstorm
|-heal|p1a: Ninetales|64/100|[from] item: Leftovers
|upkeep
|turn|11
|
|move|p1a: Ninetales|Will-O-Wisp|p2a: Tyranitar
|-status|p2a: Tyranitar|brn
|move|p2a: Tyranitar|Stealth Rock|p1a: Ninetales
|-sidestart|p1: porrompompom|move: Stealth Rock
|
|-weather|Sandstorm|[upkeep]
|-damage|p1a: Ninetales|58/100|[from] Sandstorm
|-heal|p1a: Ninetales|64/100|[from] item: Leftovers
|-damage|p2a: Tyranitar|32/100 brn|[from] brn
|upkeep
|turn|12
|
|switch|p2a: Latios|Latios, M|76/100 brn
|-damage|p2a: Latios|64/100 brn|[from] Stealth Rock
|move|p1a: Ninetales|Protect||[still]
|-fail|p1a: Ninetales
|
|-weather|Sandstorm|[upkeep]
|-damage|p2a: Latios|58/100 brn|[from] Sandstorm
|-damage|p1a: Ninetales|58/100|[from] Sandstorm
|-heal|p1a: Ninetales|64/100|[from] item: Leftovers
|-damage|p2a: Latios|45/100 brn|[from] brn
|upkeep
|turn|13
|
|move|p1a: Ninetales|Protect|p1a: Ninetales
|-singleturn|p1a: Ninetales|Protect
|move|p2a: Latios|Dragon Pulse|p1a: Ninetales
|-activate|p1a: Ninetales|move: Protect
|
|-weather|Sandstorm|[upkeep]
|-damage|p2a: Latios|39/100 brn|[from] Sandstorm
|-damage|p1a: Ninetales|58/100|[from] Sandstorm
|-heal|p1a: Ninetales|64/100|[from] item: Leftovers
|-damage|p2a: Latios|27/100 brn|[from] brn
|upkeep
|turn|14
|
|move|p1a: Ninetales|Protect|p1a: Ninetales
|-singleturn|p1a: Ninetales|Protect
|move|p2a: Latios|Dragon Pulse|p1a: Ninetales
|-activate|p1a: Ninetales|move: Protect
|
|-weather|Sandstorm|[upkeep]
|-damage|p2a: Latios|21/100 brn|[from] Sandstorm
|-damage|p1a: Ninetales|58/100|[from] Sandstorm
|-heal|p1a: Ninetales|64/100|[from] item: Leftovers
|-damage|p2a: Latios|9/100 brn|[from] brn
|upkeep
|turn|15
|inactive|porrompompom has 120 seconds left.
|
|switch|p1a: Volcarona|Volcarona, M|100/100
|-damage|p1a: Volcarona|51/100|[from] Stealth Rock
|move|p2a: Latios|Dragon Pulse|p1a: Volcarona
|-damage|p1a: Volcarona|0 fnt
|faint|p1a: Volcarona
|
|-weather|Sandstorm|[upkeep]
|-damage|p2a: Latios|3/100 brn|[from] Sandstorm
|-damage|p2a: Latios|0 fnt|[from] brn
|faint|p2a: Latios
|upkeep
|
|switch|p2a: Landorus|Landorus-Therian, M|100/100
|switch|p1a: Reuniclus|Reuniclus, F|100/100
|-damage|p2a: Landorus|88/100|[from] Stealth Rock
|-ability|p2a: Landorus|Intimidate|boost
|-unboost|p1a: Reuniclus|atk|1
|turn|16
|
|switch|p1a: Hydreigon|Hydreigon, M|100/100
|-damage|p1a: Hydreigon|88/100|[from] Stealth Rock
|move|p2a: Landorus|Earthquake|p1a: Hydreigon
|-immune|p1a: Hydreigon|[from] ability: Levitate
|
|-weather|Sandstorm|[upkeep]
|-damage|p1a: Hydreigon|82/100|[from] Sandstorm
|upkeep
|turn|17
|
|switch|p2a: Tyranitar|Tyranitar, F|32/100 brn
|-damage|p2a: Tyranitar|20/100 brn|[from] Stealth Rock
|move|p1a: Hydreigon|U-turn|p2a: Tyranitar
|-supereffective|p2a: Tyranitar
|-damage|p2a: Tyranitar|0 fnt
|faint|p2a: Tyranitar
|
|switch|p1a: Ninetales|Ninetales, M|64/100|[from]move: U-turn
|-damage|p1a: Ninetales|39/100|[from] Stealth Rock
|-weather|SunnyDay|[from] ability: Drought|[of] p1a: Ninetales
|
|-weather|SunnyDay|[upkeep]
|-heal|p1a: Ninetales|45/100|[from] item: Leftovers
|upkeep
|
|switch|p2a: Garchomp|Garchomp, F, shiny|94/100
|-damage|p2a: Garchomp|88/100|[from] Stealth Rock
|turn|18
|
|move|p1a: Ninetales|Protect|p1a: Ninetales
|-singleturn|p1a: Ninetales|Protect
|move|p2a: Garchomp|Outrage|p1a: Ninetales
|-activate|p1a: Ninetales|move: Protect
|
|-weather|SunnyDay|[upkeep]
|-heal|p1a: Ninetales|51/100|[from] item: Leftovers
|upkeep
|turn|19
|inactive|porrompompom has 120 seconds left.
|
|move|p1a: Ninetales|Protect|p1a: Ninetales
|-singleturn|p1a: Ninetales|Protect
|move|p2a: Garchomp|Outrage|p1a: Ninetales
|-activate|p1a: Ninetales|move: Protect
|
|-weather|SunnyDay|[upkeep]
|-heal|p1a: Ninetales|57/100|[from] item: Leftovers
|upkeep
|turn|20
|c|☆Fratm Gino|Cmon
|
|move|p1a: Ninetales|Protect||[still]
|-fail|p1a: Ninetales
|move|p2a: Garchomp|Outrage|p1a: Ninetales
|-damage|p1a: Ninetales|0 fnt
|faint|p1a: Ninetales
|
|-weather|SunnyDay|[upkeep]
|upkeep
|
|switch|p1a: Reuniclus|Reuniclus, F|100/100
|turn|21
|
|move|p2a: Garchomp|Outrage|p1a: Reuniclus|[from]lockedmove
|-crit|p1a: Reuniclus
|-damage|p1a: Reuniclus|16/100
|-start|p2a: Garchomp|confusion|[fatigue]
|move|p1a: Reuniclus|Calm Mind|p1a: Reuniclus
|-boost|p1a: Reuniclus|spa|1
|-boost|p1a: Reuniclus|spd|1
|
|-weather|SunnyDay|[upkeep]
|-heal|p1a: Reuniclus|22/100|[from] item: Leftovers
|upkeep
|turn|22
|inactive|porrompompom has 120 seconds left.
|c|☆porrompompom|magic
|
|switch|p2a: Landorus|Landorus-Therian, M|88/100
|-damage|p2a: Landorus|76/100|[from] Stealth Rock
|-ability|p2a: Landorus|Intimidate|boost
|-unboost|p1a: Reuniclus|atk|1
|move|p1a: Reuniclus|Recover|p1a: Reuniclus
|-heal|p1a: Reuniclus|72/100
|
|-weather|SunnyDay|[upkeep]
|-heal|p1a: Reuniclus|78/100|[from] item: Leftovers
|upkeep
|turn|23
|
|switch|p1a: Hydreigon|Hydreigon, M|82/100
|-damage|p1a: Hydreigon|70/100|[from] Stealth Rock
|move|p2a: Landorus|Earthquake|p1a: Hydreigon
|-immune|p1a: Hydreigon|[from] ability: Levitate
|
|-weather|SunnyDay|[upkeep]
|upkeep
|turn|24
|
|switch|p2a: Ferrothorn|Ferrothorn, M|100/100
|-damage|p2a: Ferrothorn|94/100|[from] Stealth Rock
|move|p1a: Hydreigon|Draco Meteor|p2a: Ferrothorn
|-resisted|p2a: Ferrothorn
|-damage|p2a: Ferrothorn|67/100
|-unboost|p1a: Hydreigon|spa|2
|
|-weather|SunnyDay|[upkeep]
|-heal|p2a: Ferrothorn|73/100|[from] item: Leftovers
|upkeep
|turn|25
|
|switch|p1a: Reuniclus|Reuniclus, F|78/100
|move|p2a: Ferrothorn|Knock Off|p1a: Reuniclus
|-supereffective|p1a: Reuniclus
|-damage|p1a: Reuniclus|73/100
|-enditem|p1a: Reuniclus|Leftovers|[from] move: Knock Off|[of] p2a: Ferrothorn
|
|-weather|SunnyDay|[upkeep]
|-heal|p2a: Ferrothorn|79/100|[from] item: Leftovers
|upkeep
|turn|26
|
|switch|p2a: Landorus|Landorus-Therian, M|76/100
|-damage|p2a: Landorus|64/100|[from] Stealth Rock
|-ability|p2a: Landorus|Intimidate|boost
|-unboost|p1a: Reuniclus|atk|1
|move|p1a: Reuniclus|Recover|p1a: Reuniclus
|-heal|p1a: Reuniclus|100/100
|
|-weather|SunnyDay|[upkeep]
|upkeep
|turn|27
|
|switch|p1a: Hydreigon|Hydreigon, M|70/100
|-damage|p1a: Hydreigon|57/100|[from] Stealth Rock
|move|p2a: Landorus|Superpower|p1a: Hydreigon
|-supereffective|p1a: Hydreigon
|-damage|p1a: Hydreigon|0 fnt
|-unboost|p2a: Landorus|atk|1
|-unboost|p2a: Landorus|def|1
|faint|p1a: Hydreigon
|
|-weather|SunnyDay|[upkeep]
|upkeep
|
|switch|p1a: Reuniclus|Reuniclus, F|100/100
|turn|28
|
|move|p2a: Landorus|Swords Dance|p2a: Landorus
|-boost|p2a: Landorus|atk|2
|move|p1a: Reuniclus|Calm Mind|p1a: Reuniclus
|-boost|p1a: Reuniclus|spa|1
|-boost|p1a: Reuniclus|spd|1
|
|-weather|SunnyDay|[upkeep]
|upkeep
|turn|29
|
|move|p2a: Landorus|Earthquake|p1a: Reuniclus
|-damage|p1a: Reuniclus|39/100
|move|p1a: Reuniclus|Psyshock|p2a: Landorus
|-damage|p2a: Landorus|0 fnt
|faint|p2a: Landorus
|
|-weather|SunnyDay|[upkeep]
|upkeep
|
|switch|p2a: Garchomp|Garchomp, F, shiny|88/100
|-damage|p2a: Garchomp|82/100|[from] Stealth Rock
|turn|30
|
|move|p2a: Garchomp|Outrage|p1a: Reuniclus
|-damage|p1a: Reuniclus|0 fnt
|faint|p1a: Reuniclus
|
|win|Fratm Gino
|raw|porrompompom's rating: 1551 &rarr; <strong>1523</strong><br />(-28 for losing)
|raw|Fratm Gino's rating: 1407 &rarr; <strong>1435</strong><br />(+28 for winning)
|l|☆porrompompom
