|j|☆Jellium
|j|☆dice
|t:|1716078595
|gametype|singles
|player|p1|Jellium|scientist-gen4|1414
|player|p2|dice|#splxvwolfpack2|1565
|teamsize|p1|6
|teamsize|p2|6
|gen|5
|tier|[Gen 5] OU
|rated|
|rule|Species Clause: Limit one of each Pokémon
|rule|OHKO Clause: OHKO moves are banned
|rule|Moody Clause: Moody is banned
|rule|Evasion Items Clause: Evasion items are banned
|rule|Evasion Moves Clause: Evasion moves are banned
|rule|Endless Battle Clause: Forcing endless battles is banned
|rule|HP Percentage Mod: HP is shown in percentages
|rule|Evasion Abilities Clause: Evasion abilities are banned
|rule|Sleep Moves Clause: Sleep-inducing moves are banned
|rule|Swagger Clause: Swagger is banned
|rule|Baton Pass Stat Clause: No Baton Passer may have a way to boost its stats
|clearpoke
|poke|p1|Garchomp, F|item
|poke|p1|Volcarona, F|item
|poke|p1|Dragonite, F|item
|poke|p1|Breloom, M|item
|poke|p1|Starmie|item
|poke|p1|Scizor, M|item
|poke|p2|Tyranitar, M|item
|poke|p2|Terrakion|item
|poke|p2|Excadrill, F|item
|poke|p2|Blissey, F|item
|poke|p2|Zapdos|item
|poke|p2|Slowbro, M|item
|teampreview
|
|t:|1716078609
|start
|switch|p1a: Garchomp|Garchomp, F|100/100
|switch|p2a: Slowbro|Slowbro, M|100/100
|turn|1
|
|t:|1716078624
|switch|p1a: Starmie|Starmie|100/100
|-item|p1a: Starmie|Air Balloon
|move|p2a: Slowbro|Ice Beam|p1a: Starmie
|-resisted|p1a: Starmie
|-damage|p1a: Starmie|84/100
|-enditem|p1a: Starmie|Air Balloon
|
|upkeep
|turn|2
|
|t:|1716078633
|switch|p1a: Garchomp|Garchomp, F|100/100
|switch|p2a: Blissey|Blissey, F|100/100
|
|upkeep
|turn|3
|
|t:|1716078640
|switch|p2a: Terrakion|Terrakion|100/100
|move|p1a: Garchomp|Stealth Rock|p2a: Terrakion
|-sidestart|p2: dice|move: Stealth Rock
|
|upkeep
|turn|4
|
|t:|1716078646
|move|p2a: Terrakion|Close Combat|p1a: Garchomp
|-damage|p1a: Garchomp|13/100
|-unboost|p2a: Terrakion|def|1
|-unboost|p2a: Terrakion|spd|1
|-damage|p2a: Terrakion|88/100|[from] ability: Rough Skin|[of] p1a: Garchomp
|move|p1a: Garchomp|Earthquake|p2a: Terrakion
|-supereffective|p2a: Terrakion
|-damage|p2a: Terrakion|0 fnt
|faint|p2a: Terrakion
|
|upkeep
|
|t:|1716078651
|switch|p2a: Slowbro|Slowbro, M|100/100
|-damage|p2a: Slowbro|88/100|[from] Stealth Rock
|turn|5
|
|t:|1716078656
|move|p1a: Garchomp|Outrage|p2a: Slowbro
|-damage|p2a: Slowbro|48/100
|move|p2a: Slowbro|Scald|p1a: Garchomp
|-damage|p1a: Garchomp|0 fnt
|faint|p1a: Garchomp
|
|-heal|p2a: Slowbro|54/100|[from] item: Leftovers
|upkeep
|
|t:|1716078668
|switch|p1a: Breloom|Breloom, M, shiny|100/100
|turn|6
|
|t:|1716078674
|switch|p2a: Zapdos|Zapdos|100/100
|-damage|p2a: Zapdos|76/100|[from] Stealth Rock
|-ability|p2a: Zapdos|Pressure
|move|p1a: Breloom|Bullet Seed|p2a: Zapdos
|-resisted|p2a: Zapdos
|-damage|p2a: Zapdos|66/100
|-resisted|p2a: Zapdos
|-damage|p2a: Zapdos|55/100
|-hitcount|p2a: Zapdos|2
|-damage|p1a: Breloom|91/100|[from] item: Life Orb
|
|-heal|p2a: Zapdos|61/100|[from] item: Leftovers
|upkeep
|turn|7
|
|t:|1716078685
|switch|p1a: Starmie|Starmie|84/100
|move|p2a: Zapdos|Heat Wave|p1a: Starmie
|-resisted|p1a: Starmie
|-damage|p1a: Starmie|63/100
|
|-heal|p2a: Zapdos|67/100|[from] item: Leftovers
|upkeep
|turn|8
|
|t:|1716078689
|move|p1a: Starmie|Ice Beam|p2a: Zapdos
|-supereffective|p2a: Zapdos
|-damage|p2a: Zapdos|15/100
|move|p2a: Zapdos|Roost|p2a: Zapdos
|-heal|p2a: Zapdos|65/100
|-singleturn|p2a: Zapdos|move: Roost
|
|-heal|p2a: Zapdos|71/100|[from] item: Leftovers
|upkeep
|turn|9
|
|t:|1716078701
|move|p1a: Starmie|Ice Beam|p2a: Zapdos
|-supereffective|p2a: Zapdos
|-damage|p2a: Zapdos|15/100
|move|p2a: Zapdos|Roost|p2a: Zapdos
|-heal|p2a: Zapdos|66/100
|-singleturn|p2a: Zapdos|move: Roost
|
|-heal|p2a: Zapdos|72/100|[from] item: Leftovers
|upkeep
|turn|10
|
|t:|1716078712
|switch|p2a: Tyranitar|Tyranitar, M|100/100
|-damage|p2a: Tyranitar|88/100|[from] Stealth Rock
|-weather|Sandstorm|[from] ability: Sand Stream|[of] p2a: Tyranitar
|move|p1a: Starmie|Ice Beam|p2a: Tyranitar
|-crit|p2a: Tyranitar
|-damage|p2a: Tyranitar|39/100
|
|-weather|Sandstorm|[upkeep]
|-damage|p1a: Starmie|56/100|[from] Sandstorm
|upkeep
|turn|11
|
|t:|1716078716
|move|p2a: Tyranitar|Pursuit|p1a: Starmie
|-supereffective|p1a: Starmie
|-damage|p1a: Starmie|0 fnt
|faint|p1a: Starmie
|
|-weather|Sandstorm|[upkeep]
|upkeep
|
|t:|1716078751
|switch|p1a: Breloom|Breloom, M, shiny|91/100
|turn|12
|
|t:|1716078757
|move|p2a: Tyranitar|Pursuit|p1a: Breloom
|-resisted|p1a: Breloom
|-damage|p1a: Breloom|73/100
|move|p1a: Breloom|Low Sweep|p2a: Tyranitar
|-supereffective|p2a: Tyranitar
|-damage|p2a: Tyranitar|0 fnt
|faint|p2a: Tyranitar
|-damage|p1a: Breloom|63/100|[from] item: Life Orb
|
|-weather|Sandstorm|[upkeep]
|-damage|p1a: Breloom|57/100|[from] Sandstorm
|upkeep
|
|t:|1716078760
|switch|p2a: Zapdos|Zapdos|72/100
|-damage|p2a: Zapdos|47/100|[from] Stealth Rock
|-ability|p2a: Zapdos|Pressure
|turn|13
|
|t:|1716078770
|move|p2a: Zapdos|Roost|p2a: Zapdos
|-heal|p2a: Zapdos|97/100
|-singleturn|p2a: Zapdos|move: Roost
|move|p1a: Breloom|Low Sweep|p2a: Zapdos
|-damage|p2a: Zapdos|45/100
|-unboost|p2a: Zapdos|spe|1
|-damage|p1a: Breloom|47/100|[from] item: Life Orb
|
|-weather|Sandstorm|[upkeep]
|-damage|p1a: Breloom|41/100|[from] Sandstorm
|-damage|p2a: Zapdos|39/100|[from] Sandstorm
|-heal|p2a: Zapdos|45/100|[from] item: Leftovers
|upkeep
|turn|14
|
|t:|1716078795
|switch|p1a: Dragonite|Dragonite, F, shiny|100/100
|move|p2a: Zapdos|Roost|p2a: Zapdos
|-heal|p2a: Zapdos|95/100
|-singleturn|p2a: Zapdos|move: Roost
|
|-weather|Sandstorm|[upkeep]
|-damage|p1a: Dragonite|94/100|[from] Sandstorm
|-damage|p2a: Zapdos|89/100|[from] Sandstorm
|-heal|p2a: Zapdos|95/100|[from] item: Leftovers
|upkeep
|turn|15
|
|t:|1716078800
|switch|p2a: Slowbro|Slowbro, M|88/100
|-damage|p2a: Slowbro|75/100|[from] Stealth Rock
|move|p1a: Dragonite|Dragon Dance|p1a: Dragonite
|-boost|p1a: Dragonite|atk|1
|-boost|p1a: Dragonite|spe|1
|
|-weather|Sandstorm|[upkeep]
|-damage|p1a: Dragonite|88/100|[from] Sandstorm
|-damage|p2a: Slowbro|69/100|[from] Sandstorm
|-heal|p2a: Slowbro|75/100|[from] item: Leftovers
|upkeep
|turn|16
|
|t:|1716078803
|move|p1a: Dragonite|Outrage|p2a: Slowbro
|-damage|p2a: Slowbro|8/100
|move|p2a: Slowbro|Ice Beam|p1a: Dragonite
|-supereffective|p1a: Dragonite
|-damage|p1a: Dragonite|1/100
|
|-weather|Sandstorm|[upkeep]
|-damage|p1a: Dragonite|0 fnt|[from] Sandstorm
|-damage|p2a: Slowbro|2/100|[from] Sandstorm
|faint|p1a: Dragonite
|-heal|p2a: Slowbro|8/100|[from] item: Leftovers
|upkeep
|
|t:|1716078808
|switch|p1a: Breloom|Breloom, M, shiny|41/100
|turn|17
|
|t:|1716078819
|move|p1a: Breloom|Low Sweep|p2a: Slowbro
|-resisted|p2a: Slowbro
|-damage|p2a: Slowbro|0 fnt
|faint|p2a: Slowbro
|-damage|p1a: Breloom|31/100|[from] item: Life Orb
|
|-weather|Sandstorm|[upkeep]
|-damage|p1a: Breloom|25/100|[from] Sandstorm
|upkeep
|
|t:|1716078821
|switch|p2a: Zapdos|Zapdos|95/100
|-damage|p2a: Zapdos|70/100|[from] Stealth Rock
|-ability|p2a: Zapdos|Pressure
|turn|18
|
|t:|1716078828
|move|p2a: Zapdos|Heat Wave|p1a: Breloom|[miss]
|-miss|p2a: Zapdos|p1a: Breloom
|move|p1a: Breloom|Low Sweep|p2a: Zapdos
|-resisted|p2a: Zapdos
|-damage|p2a: Zapdos|44/100
|-unboost|p2a: Zapdos|spe|1
|-damage|p1a: Breloom|15/100|[from] item: Life Orb
|
|-weather|Sandstorm|[upkeep]
|-damage|p1a: Breloom|9/100|[from] Sandstorm
|-damage|p2a: Zapdos|38/100|[from] Sandstorm
|-heal|p2a: Zapdos|44/100|[from] item: Leftovers
|upkeep
|turn|19
|
|t:|1716078837
|move|p1a: Breloom|Superpower|p2a: Zapdos
|-resisted|p2a: Zapdos
|-damage|p2a: Zapdos|10/100
|-unboost|p1a: Breloom|atk|1
|-unboost|p1a: Breloom|def|1
|-damage|p1a: Breloom|0 fnt|[from] item: Life Orb
|faint|p1a: Breloom
|move|p2a: Zapdos|Roost|p2a: Zapdos
|-heal|p2a: Zapdos|60/100
|-singleturn|p2a: Zapdos|move: Roost
|
|-weather|Sandstorm|[upkeep]
|-damage|p2a: Zapdos|54/100|[from] Sandstorm
|-heal|p2a: Zapdos|60/100|[from] item: Leftovers
|upkeep
|
|t:|1716078842
|switch|p1a: Volcarona|Volcarona, F, shiny|100/100
|turn|20
|
|t:|1716078849
|switch|p1a: Scizor|Scizor, M|100/100
|switch|p2a: Blissey|Blissey, F|100/100
|-damage|p2a: Blissey|88/100|[from] Stealth Rock
|
|-weather|Sandstorm|[upkeep]
|-damage|p2a: Blissey|82/100|[from] Sandstorm
|-heal|p2a: Blissey|88/100|[from] item: Leftovers
|upkeep
|turn|21
|
|t:|1716078854
|switch|p2a: Zapdos|Zapdos|60/100
|-damage|p2a: Zapdos|35/100|[from] Stealth Rock
|-ability|p2a: Zapdos|Pressure
|move|p1a: Scizor|Swords Dance|p1a: Scizor
|-boost|p1a: Scizor|atk|2
|
|-weather|Sandstorm|[upkeep]
|-damage|p2a: Zapdos|29/100|[from] Sandstorm
|-heal|p2a: Zapdos|35/100|[from] item: Leftovers
|upkeep
|turn|22
|
|t:|1716078857
|move|p1a: Scizor|Quick Attack|p2a: Zapdos
|-damage|p2a: Zapdos|0 fnt
|faint|p2a: Zapdos
|-damage|p1a: Scizor|91/100|[from] item: Life Orb
|
|-weather|Sandstorm|[upkeep]
|upkeep
|
|t:|1716078859
|switch|p2a: Excadrill|Excadrill, F|100/100
|-damage|p2a: Excadrill|97/100|[from] Stealth Rock
|turn|23
|
|t:|1716078862
|move|p2a: Excadrill|Earthquake|p1a: Scizor
|-damage|p1a: Scizor|19/100
|move|p1a: Scizor|Superpower|p2a: Excadrill
|-supereffective|p2a: Excadrill
|-damage|p2a: Excadrill|0 fnt
|-unboost|p1a: Scizor|atk|1
|-unboost|p1a: Scizor|def|1
|faint|p2a: Excadrill
|-damage|p1a: Scizor|9/100|[from] item: Life Orb
|
|-weather|Sandstorm|[upkeep]
|upkeep
|
|t:|1716078864
|switch|p2a: Blissey|Blissey, F|88/100
|-damage|p2a: Blissey|76/100|[from] Stealth Rock
|turn|24
|
|t:|1716078873
|move|p1a: Scizor|Superpower|p2a: Blissey
|-supereffective|p2a: Blissey
|-damage|p2a: Blissey|0 fnt
|-unboost|p1a: Scizor|atk|1
|-unboost|p1a: Scizor|def|1
|faint|p2a: Blissey
|-damage|p1a: Scizor|0 fnt|[from] item: Life Orb
|faint|p1a: Scizor
|
|win|Jellium
|raw|Jellium's rating: 1414 &rarr; <strong>1442</strong><br />(+28 for winning)
|raw|dice's rating: 1565 &rarr; <strong>1537</strong><br />(-28 for losing)
|c|☆Jellium|gg
|c|☆dice|gg
|l|☆dice
|player|p2|
