|j|☆mohican
|j|☆Dean Tyoowon
|t:|1733227137
|gametype|singles
|player|p1|mohican|101|1375
|player|p2|Dean Tyoowon|gambler|1329
|teamsize|p1|6
|teamsize|p2|6
|gen|5
|tier|[Gen 5] OU
|rated|
|rule|Species Clause: Limit one of each Pokémon
|rule|OHKO Clause: OHKO moves are banned
|rule|Moody Clause: Moody is banned
|rule|Evasion Items Clause: Evasion items are banned
|rule|Evasion Moves Clause: Evasion moves are banned
|rule|Endless Battle Clause: Forcing endless battles is banned
|rule|HP Percentage Mod: HP is shown in percentages
|rule|Evasion Abilities Clause: Evasion abilities are banned
|rule|Sleep Moves Clause: Sleep-inducing moves are banned
|rule|Swagger Clause: Swagger is banned
|rule|Baton Pass Stat Clause: No Baton Passer may have a way to boost its stats
|clearpoke
|poke|p1|Kyurem-Black|item
|poke|p1|Aerodactyl, M|item
|poke|p1|Jirachi|item
|poke|p1|Magnezone|item
|poke|p1|Dragonite, F|item
|poke|p1|Latios, M|item
|poke|p2|Heatran, F|item
|poke|p2|Celebi|item
|poke|p2|Landorus-Therian, M|item
|poke|p2|Tyranitar, M|item
|poke|p2|Scizor, M|item
|poke|p2|Rotom-Wash|item
|teampreview
|inactive|Battle timer is ON: inactive players will automatically lose when time's up. (requested by mohican)
|
|t:|1733227147
|start
|switch|p1a: Aerodactyl|Aerodactyl, M|100/100
|switch|p2a: Landorus|Landorus-Therian, M|100/100
|-ability|p1a: Aerodactyl|Unnerve
|-ability|p2a: Landorus|Intimidate|boost
|-unboost|p1a: Aerodactyl|atk|1
|turn|1
|c|☆Dean Tyoowon|hf
|
|t:|1733227157
|move|p2a: Landorus|Hidden Power|p1a: Aerodactyl
|-supereffective|p1a: Aerodactyl
|-damage|p1a: Aerodactyl|51/100
|move|p1a: Aerodactyl|Taunt|p2a: Landorus
|-start|p2a: Landorus|move: Taunt
|
|upkeep
|turn|2
|
|t:|1733227170
|move|p2a: Landorus|Hidden Power|p1a: Aerodactyl
|-supereffective|p1a: Aerodactyl
|-damage|p1a: Aerodactyl|1/100
|move|p1a: Aerodactyl|Stealth Rock|p2a: Landorus
|-sidestart|p2: Dean Tyoowon|move: Stealth Rock
|
|upkeep
|turn|3
|
|t:|1733227180
|switch|p1a: Kyurem|Kyurem-Black|100/100
|-ability|p1a: Kyurem|Teravolt
|move|p2a: Landorus|Hidden Power|p1a: Kyurem
|-damage|p1a: Kyurem|83/100
|
|upkeep
|turn|4
|
|t:|1733227192
|switch|p2a: Scizor|Scizor, M|100/100
|-damage|p2a: Scizor|88/100|[from] Stealth Rock
|move|p1a: Kyurem|Earth Power|p2a: Scizor
|-damage|p2a: Scizor|44/100
|-damage|p1a: Kyurem|73/100|[from] item: Life Orb
|
|upkeep
|turn|5
|
|t:|1733227202
|switch|p1a: Aerodactyl|Aerodactyl, M|1/100
|-ability|p1a: Aerodactyl|Unnerve
|move|p2a: Scizor|U-turn|p1a: Aerodactyl
|-resisted|p1a: Aerodactyl
|-damage|p1a: Aerodactyl|0 fnt
|faint|p1a: Aerodactyl
|
|t:|1733227208
|switch|p2a: Tyranitar|Tyranitar, M|100/100|[from] U-turn
|-damage|p2a: Tyranitar|88/100|[from] Stealth Rock
|-weather|Sandstorm|[from] ability: Sand Stream|[of] p2a: Tyranitar
|
|-weather|Sandstorm|[upkeep]
|upkeep
|
|t:|1733227217
|switch|p1a: Jirachi|Jirachi|100/100
|turn|6
|
|t:|1733227229
|switch|p2a: Heatran|Heatran, F|100/100
|-damage|p2a: Heatran|88/100|[from] Stealth Rock
|move|p1a: Jirachi|U-turn|p2a: Heatran
|-resisted|p2a: Heatran
|-damage|p2a: Heatran|83/100
|
|t:|1733227238
|switch|p1a: Kyurem|Kyurem-Black|73/100|[from] U-turn
|-ability|p1a: Kyurem|Teravolt
|
|-weather|Sandstorm|[upkeep]
|-damage|p1a: Kyurem|66/100|[from] Sandstorm
|-heal|p2a: Heatran|89/100|[from] item: Leftovers
|upkeep
|turn|7
|
|t:|1733227252
|move|p2a: Heatran|Protect|p2a: Heatran
|-singleturn|p2a: Heatran|Protect
|move|p1a: Kyurem|Earth Power|p2a: Heatran
|-activate|p2a: Heatran|move: Protect
|
|-weather|Sandstorm|[upkeep]
|-damage|p1a: Kyurem|60/100|[from] Sandstorm
|-heal|p2a: Heatran|96/100|[from] item: Leftovers
|upkeep
|turn|8
|
|t:|1733227260
|move|p1a: Kyurem|Roost|p1a: Kyurem
|-heal|p1a: Kyurem|100/100
|-singleturn|p1a: Kyurem|move: Roost
|move|p2a: Heatran|Stealth Rock|p1a: Kyurem
|-sidestart|p1: mohican|move: Stealth Rock
|
|-weather|Sandstorm|[upkeep]
|-damage|p1a: Kyurem|94/100|[from] Sandstorm
|-heal|p2a: Heatran|100/100|[from] item: Leftovers
|upkeep
|turn|9
|
|t:|1733227269
|move|p2a: Heatran|Protect|p2a: Heatran
|-singleturn|p2a: Heatran|Protect
|move|p1a: Kyurem|Ice Beam|p2a: Heatran
|-activate|p2a: Heatran|move: Protect
|
|-weather|Sandstorm|[upkeep]
|-damage|p1a: Kyurem|88/100|[from] Sandstorm
|upkeep
|turn|10
|
|t:|1733227277
|move|p1a: Kyurem|Earth Power|p2a: Heatran
|-supereffective|p2a: Heatran
|-damage|p2a: Heatran|5/100
|-damage|p1a: Kyurem|78/100|[from] item: Life Orb
|move|p2a: Heatran|Roar|p1a: Kyurem
|drag|p1a: Dragonite|Dragonite, F|100/100
|-damage|p1a: Dragonite|76/100|[from] Stealth Rock
|
|-weather|Sandstorm|[upkeep]
|-damage|p1a: Dragonite|70/100|[from] Sandstorm
|-heal|p2a: Heatran|11/100|[from] item: Leftovers
|upkeep
|turn|11
|
|t:|1733227289
|move|p1a: Dragonite|Dragon Dance|p1a: Dragonite
|-boost|p1a: Dragonite|atk|1
|-boost|p1a: Dragonite|spe|1
|move|p2a: Heatran|Roar|p1a: Dragonite
|drag|p1a: Jirachi|Jirachi|100/100
|-damage|p1a: Jirachi|94/100|[from] Stealth Rock
|
|-weather|Sandstorm|[upkeep]
|-heal|p2a: Heatran|17/100|[from] item: Leftovers
|upkeep
|turn|12
|
|t:|1733227298
|move|p2a: Heatran|Protect|p2a: Heatran
|-singleturn|p2a: Heatran|Protect
|move|p1a: Jirachi|U-turn|p2a: Heatran
|-activate|p2a: Heatran|move: Protect
|
|-weather|Sandstorm|[upkeep]
|-heal|p2a: Heatran|23/100|[from] item: Leftovers
|upkeep
|turn|13
|
|t:|1733227306
|move|p1a: Jirachi|U-turn|p2a: Heatran
|-resisted|p2a: Heatran
|-damage|p2a: Heatran|18/100
|
|t:|1733227310
|switch|p1a: Latios|Latios, M|100/100|[from] U-turn
|-damage|p1a: Latios|88/100|[from] Stealth Rock
|move|p2a: Heatran|Roar|p1a: Latios
|drag|p1a: Jirachi|Jirachi|94/100
|-damage|p1a: Jirachi|88/100|[from] Stealth Rock
|
|-weather|Sandstorm|[upkeep]
|-heal|p2a: Heatran|25/100|[from] item: Leftovers
|upkeep
|turn|14
|
|t:|1733227320
|switch|p1a: Kyurem|Kyurem-Black|78/100
|-damage|p1a: Kyurem|53/100|[from] Stealth Rock
|-ability|p1a: Kyurem|Teravolt
|move|p2a: Heatran|Roar|p1a: Kyurem
|drag|p1a: Dragonite|Dragonite, F|70/100
|-damage|p1a: Dragonite|45/100|[from] Stealth Rock
|
|-weather|Sandstorm|[upkeep]
|-damage|p1a: Dragonite|39/100|[from] Sandstorm
|-heal|p2a: Heatran|31/100|[from] item: Leftovers
|upkeep
|turn|15
|
|t:|1733227333
|switch|p2a: Rotom|Rotom-Wash|100/100
|-damage|p2a: Rotom|88/100|[from] Stealth Rock
|move|p1a: Dragonite|Earthquake|p2a: Rotom
|-immune|p2a: Rotom|[from] ability: Levitate
|
|-weather|Sandstorm|[upkeep]
|-damage|p2a: Rotom|82/100|[from] Sandstorm
|-damage|p1a: Dragonite|33/100|[from] Sandstorm
|upkeep
|turn|16
|
|t:|1733227342
|move|p2a: Rotom|Volt Switch|p1a: Dragonite
|-crit|p1a: Dragonite
|-damage|p1a: Dragonite|0 fnt
|faint|p1a: Dragonite
|c|☆Dean Tyoowon|Specs
|
|t:|1733227355
|switch|p2a: Landorus|Landorus-Therian, M|100/100|[from] Volt Switch
|-damage|p2a: Landorus|88/100|[from] Stealth Rock
|
|-weather|Sandstorm|[upkeep]
|upkeep
|
|t:|1733227363
|switch|p1a: Latios|Latios, M|88/100
|-damage|p1a: Latios|76/100|[from] Stealth Rock
|turn|17
|
|t:|1733227373
|switch|p2a: Tyranitar|Tyranitar, M|88/100
|-damage|p2a: Tyranitar|76/100|[from] Stealth Rock
|move|p1a: Latios|Surf|p2a: Tyranitar
|-supereffective|p2a: Tyranitar
|-damage|p2a: Tyranitar|43/100
|
|-weather|Sandstorm|[upkeep]
|-damage|p1a: Latios|70/100|[from] Sandstorm
|upkeep
|turn|18
|
|t:|1733227382
|-activate|p1a: Latios|move: Pursuit
|move|p2a: Tyranitar|Pursuit|p1a: Latios|[from]Pursuit
|-supereffective|p1a: Latios
|-damage|p1a: Latios|0 fnt
|faint|p1a: Latios
|-hint|A Pokemon can't switch between when it runs out of HP and when it faints
|
|-weather|Sandstorm|[upkeep]
|upkeep
|
|t:|1733227395
|switch|p1a: Kyurem|Kyurem-Black|53/100
|-damage|p1a: Kyurem|29/100|[from] Stealth Rock
|-ability|p1a: Kyurem|Teravolt
|turn|19
|
|t:|1733227400
|move|p1a: Kyurem|Roost|p1a: Kyurem
|-heal|p1a: Kyurem|79/100
|-singleturn|p1a: Kyurem|move: Roost
|move|p2a: Tyranitar|Superpower|p1a: Kyurem
|-supereffective|p1a: Kyurem
|-damage|p1a: Kyurem|6/100
|-unboost|p2a: Tyranitar|atk|1
|-unboost|p2a: Tyranitar|def|1
|
|-weather|Sandstorm|[upkeep]
|-damage|p1a: Kyurem|0 fnt|[from] Sandstorm
|faint|p1a: Kyurem
|upkeep
|c|☆mohican|ggs
|-message|mohican forfeited.
|
|win|Dean Tyoowon
|raw|mohican's rating: 1375 &rarr; <strong>1352</strong><br />(-23 for losing)
|raw|Dean Tyoowon's rating: 1329 &rarr; <strong>1352</strong><br />(+23 for winning)
|l|☆mohican
|player|p1|
|c|☆Dean Tyoowon|gg
