|j|☆HydreigonSpammer
|j|☆hanjunyiwudi
|t:|1736656942
|gametype|singles
|player|p1|HydreigonSpammer|iris|1314
|player|p2|hanjunyiwudi|dawn|1333
|teamsize|p1|6
|teamsize|p2|6
|gen|5
|tier|[Gen 5] OU
|rated|
|rule|Species Clause: Limit one of each Pokémon
|rule|OHKO Clause: OHKO moves are banned
|rule|Moody Clause: Moody is banned
|rule|Evasion Items Clause: Evasion items are banned
|rule|Evasion Moves Clause: Evasion moves are banned
|rule|Endless Battle Clause: Forcing endless battles is banned
|rule|HP Percentage Mod: HP is shown in percentages
|rule|Evasion Abilities Clause: Evasion abilities are banned
|rule|Sleep Moves Clause: Sleep-inducing moves are banned
|rule|Swagger Clause: Swagger is banned
|rule|Baton Pass Stat Clause: No Baton Passer may have a way to boost its stats
|clearpoke
|poke|p1|Ferrothorn, M|item
|poke|p1|Landorus-Therian, M|item
|poke|p1|Tyranitar, M|item
|poke|p1|Hydreigon, F|item
|poke|p1|Rotom-Wash|item
|poke|p1|Latios, M|item
|poke|p2|Keldeo|item
|poke|p2|Darmanitan, F|item
|poke|p2|Skarmory, M|item
|poke|p2|Garchomp, F|item
|poke|p2|Gengar, M|item
|poke|p2|Alakazam, M|item
|teampreview
|l|☆hanjunyiwudi
|player|p2|
|inactive|Battle timer is ON: inactive players will automatically lose when time's up. (requested by HydreigonSpammer)
|inactive|hanjunyiwudi has 30 seconds to reconnect!
|j|☆hanjunyiwudi
|inactive|hanjunyiwudi reconnected and has 120 seconds left.
|player|p2|hanjunyiwudi|dawn|
|
|t:|1736656980
|start
|switch|p1a: Rotom|Rotom-Wash|100/100
|switch|p2a: Skarmory|Skarmory, M, shiny|100/100
|turn|1
|
|t:|1736656987
|move|p2a: Skarmory|Stealth Rock|p1a: Rotom
|-sidestart|p1: HydreigonSpammer|move: Stealth Rock
|move|p1a: Rotom|Volt Switch|p2a: Skarmory
|-supereffective|p2a: Skarmory
|-damage|p2a: Skarmory|10/100
|
|t:|1736656992
|switch|p1a: Landorus|Landorus-Therian, M|100/100|[from] Volt Switch
|-damage|p1a: Landorus|88/100|[from] Stealth Rock
|-ability|p1a: Landorus|Intimidate|boost
|-unboost|p2a: Skarmory|atk|1
|
|upkeep
|turn|2
|-enditem|p2a: Skarmory|Custap Berry|[eat]
|-activate|p2a: Skarmory|item: Custap Berry|[consumed]
|
|t:|1736657000
|move|p2a: Skarmory|Taunt|p1a: Landorus
|-start|p1a: Landorus|move: Taunt
|cant|p1a: Landorus|move: Taunt|Stealth Rock
|
|upkeep
|turn|3
|
|t:|1736657012
|move|p1a: Landorus|Stone Edge|p2a: Skarmory
|-damage|p2a: Skarmory|0 fnt
|faint|p2a: Skarmory
|
|upkeep
|
|t:|1736657020
|switch|p2a: Darmanitan|Darmanitan, F|100/100
|turn|4
|
|t:|1736657035
|switch|p1a: Rotom|Rotom-Wash|100/100
|-damage|p1a: Rotom|88/100|[from] Stealth Rock
|move|p2a: Darmanitan|Flare Blitz|p1a: Rotom
|-resisted|p1a: Rotom
|-damage|p1a: Rotom|17/100
|-damage|p2a: Darmanitan|80/100|[from] Recoil
|
|-heal|p1a: Rotom|23/100|[from] item: Leftovers
|upkeep
|turn|5
|
|t:|1736657050
|move|p2a: Darmanitan|Flare Blitz|p1a: Rotom
|-resisted|p1a: Rotom
|-damage|p1a: Rotom|0 fnt
|faint|p1a: Rotom
|-damage|p2a: Darmanitan|74/100|[from] Recoil
|
|upkeep
|
|t:|1736657059
|switch|p1a: Hydreigon|Hydreigon, F, shiny|100/100
|-damage|p1a: Hydreigon|88/100|[from] Stealth Rock
|turn|6
|
|t:|1736657067
|move|p1a: Hydreigon|Draco Meteor|p2a: Darmanitan
|-damage|p2a: Darmanitan|0 fnt
|-unboost|p1a: Hydreigon|spa|2
|faint|p2a: Darmanitan
|
|upkeep
|
|t:|1736657074
|switch|p2a: Alakazam|Alakazam, M, shiny|100/100
|turn|7
|
|t:|1736657094
|move|p2a: Alakazam|Focus Blast|p1a: Hydreigon|[miss]
|-miss|p2a: Alakazam|p1a: Hydreigon
|move|p1a: Hydreigon|Dark Pulse|p2a: Alakazam
|-supereffective|p2a: Alakazam
|-damage|p2a: Alakazam|24/100
|
|upkeep
|turn|8
|
|t:|1736657105
|switch|p1a: Latios|Latios, M|100/100
|-damage|p1a: Latios|88/100|[from] Stealth Rock
|move|p2a: Alakazam|Focus Blast|p1a: Latios
|-resisted|p1a: Latios
|-damage|p1a: Latios|64/100
|
|upkeep
|turn|9
|
|t:|1736657113
|move|p1a: Latios|Surf|p2a: Alakazam
|-damage|p2a: Alakazam|0 fnt
|faint|p2a: Alakazam
|
|upkeep
|
|t:|1736657119
|switch|p2a: Keldeo|Keldeo|100/100
|turn|10
|
|t:|1736657129
|switch|p1a: Ferrothorn|Ferrothorn, M|100/100
|-damage|p1a: Ferrothorn|94/100|[from] Stealth Rock
|move|p2a: Keldeo|Substitute|p2a: Keldeo
|-start|p2a: Keldeo|Substitute
|-damage|p2a: Keldeo|76/100
|
|-heal|p2a: Keldeo|82/100|[from] item: Leftovers
|upkeep
|turn|11
|
|t:|1736657138
|move|p2a: Keldeo|Calm Mind|p2a: Keldeo
|-boost|p2a: Keldeo|spa|1
|-boost|p2a: Keldeo|spd|1
|move|p1a: Ferrothorn|Power Whip|p2a: Keldeo
|-supereffective|p2a: Keldeo
|-end|p2a: Keldeo|Substitute
|
|-heal|p2a: Keldeo|88/100|[from] item: Leftovers
|upkeep
|turn|12
|
|t:|1736657148
|move|p2a: Keldeo|Secret Sword|p1a: Ferrothorn
|-supereffective|p1a: Ferrothorn
|-damage|p1a: Ferrothorn|25/100
|move|p1a: Ferrothorn|Power Whip|p2a: Keldeo
|-supereffective|p2a: Keldeo
|-damage|p2a: Keldeo|24/100
|
|-heal|p2a: Keldeo|31/100|[from] item: Leftovers
|upkeep
|turn|13
|
|t:|1736657158
|move|p2a: Keldeo|Secret Sword|p1a: Ferrothorn
|-supereffective|p1a: Ferrothorn
|-damage|p1a: Ferrothorn|0 fnt
|faint|p1a: Ferrothorn
|
|-heal|p2a: Keldeo|37/100|[from] item: Leftovers
|upkeep
|
|t:|1736657162
|switch|p1a: Latios|Latios, M|64/100
|-damage|p1a: Latios|52/100|[from] Stealth Rock
|turn|14
|
|t:|1736657169
|move|p1a: Latios|Draco Meteor|p2a: Keldeo
|-crit|p2a: Keldeo
|-damage|p2a: Keldeo|0 fnt
|-unboost|p1a: Latios|spa|2
|faint|p2a: Keldeo
|
|upkeep
|
|t:|1736657176
|switch|p2a: Garchomp|Garchomp, F, shiny|100/100
|turn|15
|
|t:|1736657183
|switch|p1a: Landorus|Landorus-Therian, M|88/100
|-damage|p1a: Landorus|76/100|[from] Stealth Rock
|-ability|p1a: Landorus|Intimidate|boost
|-unboost|p2a: Garchomp|atk|1
|move|p2a: Garchomp|Outrage|p1a: Landorus
|-damage|p1a: Landorus|25/100
|
|upkeep
|turn|16
|
|t:|1736657193
|move|p2a: Garchomp|Outrage|p1a: Landorus|[from] lockedmove
|-damage|p1a: Landorus|0 fnt
|faint|p1a: Landorus
|
|upkeep
|
|t:|1736657201
|switch|p1a: Latios|Latios, M|52/100
|-damage|p1a: Latios|40/100|[from] Stealth Rock
|turn|17
|
|t:|1736657205
|move|p1a: Latios|Draco Meteor|p2a: Garchomp
|-supereffective|p2a: Garchomp
|-crit|p2a: Garchomp
|-damage|p2a: Garchomp|0 fnt
|-unboost|p1a: Latios|spa|2
|faint|p2a: Garchomp
|
|upkeep
|
|t:|1736657212
|switch|p2a: Gengar|Gengar, M|100/100
|turn|18
|
|t:|1736657218
|move|p1a: Latios|Draco Meteor|p2a: Gengar
|-damage|p2a: Gengar|38/100
|-unboost|p1a: Latios|spa|2
|move|p2a: Gengar|Focus Blast|p1a: Latios|[miss]
|-miss|p2a: Gengar|p1a: Latios
|
|upkeep
|turn|19
|
|t:|1736657232
|switch|p1a: Hydreigon|Hydreigon, F, shiny|88/100
|-damage|p1a: Hydreigon|76/100|[from] Stealth Rock
|move|p2a: Gengar|Focus Blast|p1a: Hydreigon
|-supereffective|p1a: Hydreigon
|-damage|p1a: Hydreigon|0 fnt
|faint|p1a: Hydreigon
|
|upkeep
|
|t:|1736657234
|switch|p1a: Latios|Latios, M|40/100
|-damage|p1a: Latios|28/100|[from] Stealth Rock
|turn|20
|-message|hanjunyiwudi forfeited.
|
|win|HydreigonSpammer
|raw|HydreigonSpammer's rating: 1314 &rarr; <strong>1335</strong><br />(+21 for winning)
|raw|hanjunyiwudi's rating: 1333 &rarr; <strong>1312</strong><br />(-21 for losing)
|l|☆hanjunyiwudi
|player|p2|
