|j|☆Yeeeeup
|j|☆baishii
|t:|1709567595
|gametype|singles
|player|p1|Yeeeeup|266|1272
|player|p2|baishii|steven|1546
|teamsize|p1|6
|teamsize|p2|6
|gen|5
|tier|[Gen 5] OU
|rated|
|rule|Species Clause: Limit one of each Pokémon
|rule|OHKO Clause: OHKO moves are banned
|rule|Moody Clause: Moody is banned
|rule|Evasion Items Clause: Evasion items are banned
|rule|Evasion Moves Clause: Evasion moves are banned
|rule|Endless Battle Clause: Forcing endless battles is banned
|rule|HP Percentage Mod: HP is shown in percentages
|rule|Evasion Abilities Clause: Evasion abilities are banned
|rule|Sleep Moves Clause: Sleep-inducing moves are banned
|rule|Swagger Clause: Swagger is banned
|rule|Baton Pass Stat Clause: No Baton Passer may have a way to boost its stats
|clearpoke
|poke|p1|Whimsicott, M|item
|poke|p1|Mienshao, F|item
|poke|p1|Forretress, F|item
|poke|p1|Lanturn, M|item
|poke|p1|Flygon, M|item
|poke|p1|Rotom-Wash|item
|poke|p2|Magnezone|item
|poke|p2|Latios, M|item
|poke|p2|Garchomp, F|item
|poke|p2|Scizor, F|item
|poke|p2|Mamoswine, M|item
|poke|p2|Dragonite, M|item
|teampreview
|inactive|Battle timer is ON: inactive players will automatically lose when time's up. (requested by baishii)
|
|t:|1709567609
|start
|switch|p1a: Mienshao|Mienshao, F|100/100
|switch|p2a: Dragonite|Dragonite, M|100/100
|turn|1
|
|t:|1709567614
|move|p1a: Mienshao|Fake Out|p2a: Dragonite
|-damage|p2a: Dragonite|91/100
|-damage|p1a: Mienshao|91/100|[from] item: Life Orb
|cant|p2a: Dragonite|flinch
|
|upkeep
|turn|2
|
|t:|1709567621
|move|p1a: Mienshao|Stone Edge|p2a: Dragonite
|-supereffective|p2a: Dragonite
|-damage|p2a: Dragonite|0 fnt
|faint|p2a: Dragonite
|-damage|p1a: Mienshao|81/100|[from] item: Life Orb
|
|upkeep
|
|t:|1709567650
|switch|p2a: Scizor|Scizor, F|100/100
|turn|3
|
|t:|1709567655
|switch|p1a: Forretress|Forretress, F|100/100
|move|p2a: Scizor|Swords Dance|p2a: Scizor
|-boost|p2a: Scizor|atk|2
|
|upkeep
|turn|4
|
|t:|1709567660
|move|p2a: Scizor|Superpower|p1a: Forretress
|-damage|p1a: Forretress|35/100
|-unboost|p2a: Scizor|atk|1
|-unboost|p2a: Scizor|def|1
|-damage|p2a: Scizor|91/100|[from] item: Life Orb
|move|p1a: Forretress|Volt Switch|p2a: Scizor
|-damage|p2a: Scizor|75/100
|
|t:|1709567668
|switch|p1a: Whimsicott|Whimsicott, M|100/100|[from] Volt Switch
|
|upkeep
|turn|5
|
|t:|1709567672
|move|p1a: Whimsicott|Substitute|p1a: Whimsicott
|-start|p1a: Whimsicott|Substitute
|-damage|p1a: Whimsicott|76/100
|move|p2a: Scizor|Bullet Punch|p1a: Whimsicott
|-end|p1a: Whimsicott|Substitute
|-damage|p2a: Scizor|65/100|[from] item: Life Orb
|
|-heal|p1a: Whimsicott|82/100|[from] item: Leftovers
|upkeep
|turn|6
|
|t:|1709567680
|switch|p2a: Garchomp|Garchomp, F|100/100
|move|p1a: Whimsicott|Substitute|p1a: Whimsicott
|-start|p1a: Whimsicott|Substitute
|-damage|p1a: Whimsicott|57/100
|
|-heal|p1a: Whimsicott|63/100|[from] item: Leftovers
|upkeep
|turn|7
|
|t:|1709567687
|move|p1a: Whimsicott|Stun Spore|p2a: Garchomp
|-status|p2a: Garchomp|par
|cant|p2a: Garchomp|par
|
|-heal|p1a: Whimsicott|70/100|[from] item: Leftovers
|upkeep
|turn|8
|
|t:|1709567694
|move|p1a: Whimsicott|Leech Seed|p2a: Garchomp
|-start|p2a: Garchomp|move: Leech Seed
|move|p2a: Garchomp|Dual Chop|p1a: Whimsicott
|-activate|p1a: Whimsicott|Substitute|[damage]
|-end|p1a: Whimsicott|Substitute
|-hitcount|p1a: Whimsicott|2
|
|-heal|p1a: Whimsicott|76/100|[from] item: Leftovers
|-damage|p2a: Garchomp|88/100 par|[from] Leech Seed|[of] p1a: Whimsicott
|-heal|p1a: Whimsicott|89/100|[silent]
|upkeep
|turn|9
|
|t:|1709567712
|switch|p2a: Latios|Latios, M, shiny|100/100
|move|p1a: Whimsicott|Substitute|p1a: Whimsicott
|-start|p1a: Whimsicott|Substitute
|-damage|p1a: Whimsicott|65/100
|
|-heal|p1a: Whimsicott|71/100|[from] item: Leftovers
|upkeep
|turn|10
|
|t:|1709567727
|switch|p2a: Mamoswine|Mamoswine, M|100/100
|move|p1a: Whimsicott|Stun Spore|p2a: Mamoswine|[miss]
|-miss|p1a: Whimsicott|p2a: Mamoswine
|
|-heal|p1a: Whimsicott|77/100|[from] item: Leftovers
|upkeep
|turn|11
|j| SKT T1 Motherfaker
|
|t:|1709567734
|move|p1a: Whimsicott|Stun Spore|p2a: Mamoswine
|-status|p2a: Mamoswine|par
|move|p2a: Mamoswine|Stealth Rock|p1a: Whimsicott
|-sidestart|p1: Yeeeeup|move: Stealth Rock
|
|-heal|p1a: Whimsicott|83/100|[from] item: Leftovers
|upkeep
|turn|12
|
|t:|1709567741
|move|p1a: Whimsicott|Encore|p2a: Mamoswine
|-start|p2a: Mamoswine|Encore
|cant|p2a: Mamoswine|par
|
|-heal|p1a: Whimsicott|89/100|[from] item: Leftovers
|upkeep
|turn|13
|
|t:|1709567754
|switch|p2a: Garchomp|Garchomp, F|88/100 par
|move|p1a: Whimsicott|Leech Seed|p2a: Garchomp
|-start|p2a: Garchomp|move: Leech Seed
|
|-heal|p1a: Whimsicott|96/100|[from] item: Leftovers
|-damage|p2a: Garchomp|76/100 par|[from] Leech Seed|[of] p1a: Whimsicott
|-heal|p1a: Whimsicott|100/100|[silent]
|upkeep
|turn|14
|
|t:|1709567762
|switch|p2a: Mamoswine|Mamoswine, M|100/100 par
|move|p1a: Whimsicott|Leech Seed|p2a: Mamoswine
|-start|p2a: Mamoswine|move: Leech Seed
|
|-damage|p2a: Mamoswine|88/100 par|[from] Leech Seed|[of] p1a: Whimsicott
|upkeep
|turn|15
|
|t:|1709567768
|switch|p2a: Garchomp|Garchomp, F|76/100 par
|move|p1a: Whimsicott|Leech Seed|p2a: Garchomp
|-start|p2a: Garchomp|move: Leech Seed
|
|-damage|p2a: Garchomp|64/100 par|[from] Leech Seed|[of] p1a: Whimsicott
|upkeep
|turn|16
|
|t:|1709567776
|switch|p1a: Mienshao|Mienshao, F|100/100
|-damage|p1a: Mienshao|95/100|[from] Stealth Rock
|switch|p2a: Mamoswine|Mamoswine, M|88/100 par
|
|upkeep
|turn|17
|
|t:|1709567782
|move|p2a: Mamoswine|Ice Shard|p1a: Mienshao
|-damage|p1a: Mienshao|51/100
|move|p1a: Mienshao|High Jump Kick|p2a: Mamoswine
|-supereffective|p2a: Mamoswine
|-damage|p2a: Mamoswine|0 fnt
|faint|p2a: Mamoswine
|-damage|p1a: Mienshao|41/100|[from] item: Life Orb
|
|upkeep
|
|t:|1709567788
|switch|p2a: Scizor|Scizor, F|65/100
|turn|18
|
|t:|1709567792
|move|p2a: Scizor|Bullet Punch|p1a: Mienshao
|-damage|p1a: Mienshao|0 fnt
|faint|p1a: Mienshao
|-damage|p2a: Scizor|55/100|[from] item: Life Orb
|
|upkeep
|
|t:|1709567805
|switch|p1a: Rotom|Rotom-Wash|100/100
|-damage|p1a: Rotom|88/100|[from] Stealth Rock
|turn|19
|
|t:|1709567812
|switch|p2a: Garchomp|Garchomp, F|64/100 par
|move|p1a: Rotom|Substitute|p1a: Rotom
|-start|p1a: Rotom|Substitute
|-damage|p1a: Rotom|64/100
|
|-heal|p1a: Rotom|69/100|[from] item: Leftovers
|upkeep
|turn|20
|
|t:|1709567821
|move|p1a: Rotom|Hydro Pump|p2a: Garchomp
|-damage|p2a: Garchomp|16/100 par
|cant|p2a: Garchomp|par
|
|-heal|p1a: Rotom|75/100|[from] item: Leftovers
|upkeep
|turn|21
|
|t:|1709567827
|move|p1a: Rotom|Hydro Pump|p2a: Garchomp
|-damage|p2a: Garchomp|0 fnt
|faint|p2a: Garchomp
|
|-heal|p1a: Rotom|81/100|[from] item: Leftovers
|upkeep
|
|t:|1709567834
|switch|p2a: Latios|Latios, M, shiny|100/100
|turn|22
|
|t:|1709567838
|move|p2a: Latios|Dragon Pulse|p1a: Rotom
|-end|p1a: Rotom|Substitute
|move|p1a: Rotom|Will-O-Wisp|p2a: Latios
|-status|p2a: Latios|brn
|
|-heal|p1a: Rotom|87/100|[from] item: Leftovers
|-damage|p2a: Latios|88/100 brn|[from] brn
|upkeep
|turn|23
|
|t:|1709567847
|move|p2a: Latios|Dragon Pulse|p1a: Rotom
|-damage|p1a: Rotom|52/100
|move|p1a: Rotom|Volt Switch|p2a: Latios
|-resisted|p2a: Latios
|-damage|p2a: Latios|74/100 brn
|
|t:|1709567856
|switch|p1a: Whimsicott|Whimsicott, M|100/100|[from] Volt Switch
|-damage|p1a: Whimsicott|88/100|[from] Stealth Rock
|
|-heal|p1a: Whimsicott|94/100|[from] item: Leftovers
|-damage|p2a: Latios|62/100 brn|[from] brn
|upkeep
|turn|24
|
|t:|1709567863
|move|p1a: Whimsicott|Substitute|p1a: Whimsicott
|-start|p1a: Whimsicott|Substitute
|-damage|p1a: Whimsicott|70/100
|move|p2a: Latios|Dragon Pulse|p1a: Whimsicott
|-end|p1a: Whimsicott|Substitute
|
|-heal|p1a: Whimsicott|76/100|[from] item: Leftovers
|-damage|p2a: Latios|50/100 brn|[from] brn
|upkeep
|turn|25
|inactive|baishii has 120 seconds left.
|c|☆baishii|fking disgusting bitch okay fine u lucky noob
|n|‽baishii|baishii
|c|&|/log baishii was locked from talking by Artemis. (☆baishii: fking disgusting bitch okay fine u lucky noob)
|c|&|/raw <small>This action was done automatically. Want to learn more about the AI? <a href="https://www.smogon.com/forums/threads/3570628/#post-9056769">Visit the information thread</a>.</small>
|-message|baishii forfeited.
|
|win|Yeeeeup
|raw|Yeeeeup's rating: 1272 &rarr; <strong>1313</strong><br />(+41 for winning)
|raw|baishii's rating: 1546 &rarr; <strong>1513</strong><br />(-33 for losing)
|l|‽baishii
|player|p2|
|l|☆Yeeeeup
|player|p1|
|j|‽baishii
|player|p2|baishii|steven
