|j|☆yusei38
|j|☆Clawdia Chauchat
|t:|1706055813
|gametype|singles
|player|p1|yusei38|265|1268
|player|p2|Clawdia Chauchat|winona|1542
|teamsize|p1|6
|teamsize|p2|6
|gen|5
|tier|[Gen 5] OU
|rated|
|rule|Species Clause: Limit one of each Pokémon
|rule|OHKO Clause: OHKO moves are banned
|rule|Moody Clause: Moody is banned
|rule|Evasion Items Clause: Evasion items are banned
|rule|Evasion Moves Clause: Evasion moves are banned
|rule|Endless Battle Clause: Forcing endless battles is banned
|rule|HP Percentage Mod: HP is shown in percentages
|rule|Evasion Abilities Clause: Evasion abilities are banned
|rule|Sleep Moves Clause: Sleep-inducing moves are banned
|rule|Swagger Clause: Swagger is banned
|rule|Baton Pass Stat Clause: No Baton Passer may have a way to boost its stats
|clearpoke
|poke|p1|Politoed, M|item
|poke|p1|Skarmory, F|item
|poke|p1|Espeon, M|item
|poke|p1|Kyurem-Black|item
|poke|p1|Blissey, F|item
|poke|p1|Jolteon, F|item
|poke|p2|Dragonite, M|item
|poke|p2|Magnezone|item
|poke|p2|Garchomp, F|item
|poke|p2|Bisharp, M|item
|poke|p2|Breloom, M|item
|poke|p2|Alakazam, M|item
|teampreview
|inactive|Battle timer is ON: inactive players will automatically lose when time's up. (requested by yusei38)
|inactive|Clawdia Chauchat has 120 seconds left.
|inactive|Clawdia Chauchat has 90 seconds left.
|
|t:|1706055973
|start
|switch|p1a: Jolteon|Jolteon, F, shiny|100/100
|switch|p2a: Dragonite|Dragonite, M|100/100
|turn|1
|inactive|yusei38 has 120 seconds left.
|inactive|yusei38 has 90 seconds left.
|inactive|yusei38 has 60 seconds left.
|
|t:|1706056072
|switch|p1a: Skarmory|Skarmory, F, shiny|100/100
|move|p2a: Dragonite|Earthquake|p1a: Skarmory
|-immune|p1a: Skarmory
|
|upkeep
|turn|2
|inactive|yusei38 has 60 seconds left.
|
|t:|1706056079
|switch|p1a: Espeon|Espeon, M, shiny|100/100
|move|p2a: Dragonite|Thunder|p1a: Espeon|[miss]
|-miss|p2a: Dragonite|p1a: Espeon
|
|upkeep
|turn|3
|j| Vallastrasz
|
|t:|1706056089
|move|p1a: Espeon|Psyshock|p2a: Dragonite
|-damage|p2a: Dragonite|70/100
|-damage|p1a: Espeon|91/100|[from] item: Life Orb
|move|p2a: Dragonite|Earthquake|p1a: Espeon
|-damage|p1a: Espeon|18/100
|-damage|p2a: Dragonite|60/100|[from] item: Life Orb
|
|upkeep
|turn|4
|
|t:|1706056100
|switch|p1a: Skarmory|Skarmory, F, shiny|100/100
|move|p2a: Dragonite|Extreme Speed|p1a: Skarmory
|-resisted|p1a: Skarmory
|-damage|p1a: Skarmory|89/100
|-damage|p2a: Dragonite|44/100|[from] item: Rocky Helmet|[of] p1a: Skarmory
|-damage|p2a: Dragonite|34/100|[from] item: Life Orb
|
|upkeep
|turn|5
|
|t:|1706056109
|switch|p1a: Jolteon|Jolteon, F, shiny|100/100
|move|p2a: Dragonite|Thunder|p1a: Jolteon
|-immune|p1a: Jolteon|[from] ability: Volt Absorb
|
|upkeep
|turn|6
|
|t:|1706056116
|switch|p1a: Skarmory|Skarmory, F, shiny|89/100
|move|p2a: Dragonite|Extreme Speed|p1a: Skarmory
|-resisted|p1a: Skarmory
|-damage|p1a: Skarmory|78/100
|-damage|p2a: Dragonite|17/100|[from] item: Rocky Helmet|[of] p1a: Skarmory
|-damage|p2a: Dragonite|7/100|[from] item: Life Orb
|
|upkeep
|turn|7
|
|t:|1706056126
|switch|p1a: Blissey|Blissey, F, shiny|100/100
|move|p2a: Dragonite|Thunder|p1a: Blissey|[miss]
|-miss|p2a: Dragonite|p1a: Blissey
|
|upkeep
|turn|8
|
|t:|1706056141
|move|p2a: Dragonite|Earthquake|p1a: Blissey
|-damage|p1a: Blissey|61/100
|-damage|p2a: Dragonite|0 fnt|[from] item: Life Orb
|faint|p2a: Dragonite
|move|p1a: Blissey|Stealth Rock|p2: Dragonite
|-sidestart|p2: Clawdia Chauchat|move: Stealth Rock
|
|-heal|p1a: Blissey|67/100|[from] item: Leftovers
|upkeep
|
|t:|1706056145
|switch|p2a: Breloom|Breloom, M|100/100
|-damage|p2a: Breloom|94/100|[from] Stealth Rock
|turn|9
|
|t:|1706056152
|switch|p1a: Skarmory|Skarmory, F, shiny|78/100
|move|p2a: Breloom|Swords Dance|p2a: Breloom
|-boost|p2a: Breloom|atk|2
|
|upkeep
|turn|10
|
|t:|1706056167
|move|p2a: Breloom|Superpower|p1a: Skarmory
|-damage|p1a: Skarmory|11/100
|-unboost|p2a: Breloom|atk|1
|-unboost|p2a: Breloom|def|1
|-damage|p2a: Breloom|78/100|[from] item: Rocky Helmet|[of] p1a: Skarmory
|move|p1a: Skarmory|Brave Bird|p2a: Breloom
|-supereffective|p2a: Breloom
|-damage|p2a: Breloom|0 fnt
|faint|p2a: Breloom
|-damage|p1a: Skarmory|0 fnt|[from] Recoil
|faint|p1a: Skarmory
|
|upkeep
|
|t:|1706056186
|switch|p2a: Garchomp|Garchomp, F|100/100
|switch|p1a: Kyurem|Kyurem-Black|100/100
|-damage|p2a: Garchomp|94/100|[from] Stealth Rock
|-ability|p1a: Kyurem|Teravolt
|turn|11
|
|t:|1706056188
|move|p2a: Garchomp|Outrage|p1a: Kyurem
|-supereffective|p1a: Kyurem
|-damage|p1a: Kyurem|14/100
|move|p1a: Kyurem|Outrage|p2a: Garchomp
|-supereffective|p2a: Garchomp
|-damage|p2a: Garchomp|0 fnt
|-damage|p1a: Kyurem|2/100|[from] ability: Rough Skin|[of] p2a: Garchomp
|faint|p2a: Garchomp
|
|upkeep
|
|t:|1706056195
|switch|p2a: Bisharp|Bisharp, M|100/100
|-damage|p2a: Bisharp|95/100|[from] Stealth Rock
|turn|12
|c|☆yusei38|noob
|
|t:|1706056200
|move|p2a: Bisharp|Sucker Punch|p1a: Kyurem
|-damage|p1a: Kyurem|0 fnt
|faint|p1a: Kyurem
|
|upkeep
|
|t:|1706056207
|switch|p1a: Politoed|Politoed, M, shiny|100/100
|-weather|RainDance|[from] ability: Drizzle|[of] p1a: Politoed
|turn|13
|
|t:|1706056229
|move|p2a: Bisharp|Sucker Punch|p1a: Politoed
|-damage|p1a: Politoed|67/100
|move|p1a: Politoed|Scald|p2a: Bisharp
|-damage|p2a: Bisharp|27/100
|
|-weather|RainDance|[upkeep]
|upkeep
|turn|14
|
|t:|1706056239
|move|p1a: Politoed|Protect|p1a: Politoed
|-singleturn|p1a: Politoed|Protect
|move|p2a: Bisharp|Sucker Punch||[still]
|-fail|p2a: Bisharp
|
|-weather|RainDance|[upkeep]
|upkeep
|turn|15
|
|t:|1706056244
|switch|p1a: Espeon|Espeon, M, shiny|18/100
|move|p2a: Bisharp|Sucker Punch||[still]
|-fail|p2a: Bisharp
|
|-weather|RainDance|[upkeep]
|upkeep
|turn|16
|
|t:|1706056252
|switch|p1a: Politoed|Politoed, M, shiny|67/100
|move|p2a: Bisharp|Sucker Punch||[still]
|-fail|p2a: Bisharp
|
|-weather|RainDance|[upkeep]
|upkeep
|turn|17
|c|☆yusei38|jajajajaxd noob
|
|t:|1706056268
|move|p1a: Politoed|Protect|p1a: Politoed
|-singleturn|p1a: Politoed|Protect
|move|p2a: Bisharp|Swords Dance|p2a: Bisharp
|-boost|p2a: Bisharp|atk|2
|
|-weather|RainDance|[upkeep]
|upkeep
|turn|18
|
|t:|1706056277
|move|p2a: Bisharp|Sucker Punch|p1a: Politoed
|-damage|p1a: Politoed|1/100
|move|p1a: Politoed|Scald|p2a: Bisharp
|-damage|p2a: Bisharp|0 fnt
|faint|p2a: Bisharp
|
|-weather|RainDance|[upkeep]
|upkeep
|
|t:|1706056280
|switch|p2a: Magnezone|Magnezone|100/100
|-damage|p2a: Magnezone|94/100|[from] Stealth Rock
|turn|19
|
|t:|1706056289
|switch|p1a: Jolteon|Jolteon, F, shiny|100/100
|move|p2a: Magnezone|Charge Beam|p1a: Jolteon
|-immune|p1a: Jolteon|[from] ability: Volt Absorb
|
|-weather|RainDance|[upkeep]
|upkeep
|turn|20
|c|☆yusei38|noob
|
|t:|1706056306
|move|p1a: Jolteon|Thunder|p2a: Magnezone
|-resisted|p2a: Magnezone
|-damage|p2a: Magnezone|36/100
|-status|p2a: Magnezone|par
|cant|p2a: Magnezone|par
|
|-weather|RainDance|[upkeep]
|upkeep
|turn|21
|-message|Clawdia Chauchat forfeited.
|
|win|yusei38
|raw|yusei38's rating: 1268 &rarr; <strong>1310</strong><br />(+42 for winning)
|raw|Clawdia Chauchat's rating: 1564 &rarr; <strong>1530</strong><br />(-34 for losing)
|l|☆Clawdia Chauchat
|player|p2|
|l| Vallastrasz
