|j|☆Paperm47
|j|☆B1kharma
|t:|1708677524
|gametype|singles
|player|p1|Paperm47|ash-sinnoh|1386
|player|p2|B1kharma|#wcop2023belgium|1420
|teamsize|p1|6
|teamsize|p2|6
|gen|5
|tier|[Gen 5] OU
|rated|
|rule|Species Clause: Limit one of each Pokémon
|rule|OHKO Clause: OHKO moves are banned
|rule|Moody Clause: Moody is banned
|rule|Evasion Items Clause: Evasion items are banned
|rule|Evasion Moves Clause: Evasion moves are banned
|rule|Endless Battle Clause: Forcing endless battles is banned
|rule|HP Percentage Mod: HP is shown in percentages
|rule|Evasion Abilities Clause: Evasion abilities are banned
|rule|Sleep Moves Clause: Sleep-inducing moves are banned
|rule|Swagger Clause: Swagger is banned
|rule|Baton Pass Stat Clause: No Baton Passer may have a way to boost its stats
|clearpoke
|poke|p1|Lucario, M|item
|poke|p1|Heatran, M|item
|poke|p1|Weavile, M|item
|poke|p1|Keldeo-Resolute|item
|poke|p1|Breloom, M|item
|poke|p1|Rotom-Wash|item
|poke|p2|Tyranitar, F|item
|poke|p2|Gliscor, M|item
|poke|p2|Skarmory, F|item
|poke|p2|Gastrodon, F|item
|poke|p2|Reuniclus, M|item
|poke|p2|Alakazam, M|item
|teampreview
|inactive|Battle timer is ON: inactive players will automatically lose when time's up. (requested by B1kharma)
|inactive|B1kharma has 120 seconds left.
|
|t:|1708677554
|start
|switch|p1a: Rotom|Rotom-Wash|100/100
|switch|p2a: Gliscor|Gliscor, M|100/100
|turn|1
|
|t:|1708677559
|move|p2a: Gliscor|Protect|p2a: Gliscor
|-singleturn|p2a: Gliscor|Protect
|move|p1a: Rotom|Will-O-Wisp|p2a: Gliscor
|-activate|p2a: Gliscor|move: Protect
|
|-status|p2a: Gliscor|tox|[from] item: Toxic Orb
|upkeep
|turn|2
|
|t:|1708677564
|move|p1a: Rotom|Hydro Pump|p2a: Gliscor
|-supereffective|p2a: Gliscor
|-damage|p2a: Gliscor|25/100 tox
|move|p2a: Gliscor|Stealth Rock|p1a: Rotom
|-sidestart|p1: Paperm47|move: Stealth Rock
|
|-heal|p2a: Gliscor|38/100 tox|[from] ability: Poison Heal
|upkeep
|turn|3
|
|t:|1708677568
|move|p2a: Gliscor|Protect|p2a: Gliscor
|-singleturn|p2a: Gliscor|Protect
|move|p1a: Rotom|Volt Switch|p2a: Gliscor
|-immune|p2a: Gliscor
|
|-heal|p2a: Gliscor|50/100 tox|[from] ability: Poison Heal
|upkeep
|turn|4
|j| SKT T1 Motherfaker
|
|t:|1708677572
|switch|p2a: Gastrodon|Gastrodon, F|100/100
|move|p1a: Rotom|Will-O-Wisp|p2a: Gastrodon|[miss]
|-miss|p1a: Rotom|p2a: Gastrodon
|
|upkeep
|turn|5
|
|t:|1708677578
|move|p1a: Rotom|Will-O-Wisp|p2a: Gastrodon
|-status|p2a: Gastrodon|brn
|move|p2a: Gastrodon|Toxic|p1a: Rotom
|-status|p1a: Rotom|tox
|
|-damage|p1a: Rotom|94/100 tox|[from] psn
|-damage|p2a: Gastrodon|88/100 brn|[from] brn
|upkeep
|turn|6
|
|t:|1708677583
|move|p1a: Rotom|Will-O-Wisp|p2a: Gastrodon
|-fail|p2a: Gastrodon|brn
|move|p2a: Gastrodon|Earthquake|p1a: Rotom
|-immune|p1a: Rotom|[from] ability: Levitate
|
|-heal|p1a: Rotom|100/100 tox|[from] item: Leftovers
|-heal|p2a: Gastrodon|94/100 brn|[from] item: Leftovers
|-damage|p1a: Rotom|88/100 tox|[from] psn
|-damage|p2a: Gastrodon|82/100 brn|[from] brn
|upkeep
|turn|7
|
|t:|1708677587
|switch|p1a: Breloom|Breloom, M|100/100
|-damage|p1a: Breloom|94/100|[from] Stealth Rock
|move|p2a: Gastrodon|Ice Beam|p1a: Breloom
|-supereffective|p1a: Breloom
|-damage|p1a: Breloom|24/100
|
|-heal|p2a: Gastrodon|88/100 brn|[from] item: Leftovers
|-damage|p2a: Gastrodon|75/100 brn|[from] brn
|-status|p1a: Breloom|tox|[from] item: Toxic Orb
|upkeep
|turn|8
|
|t:|1708677593
|switch|p2a: Skarmory|Skarmory, F|100/100
|move|p1a: Breloom|Seed Bomb|p2a: Skarmory
|-resisted|p2a: Skarmory
|-damage|p2a: Skarmory|93/100
|
|-heal|p2a: Skarmory|99/100|[from] item: Leftovers
|-heal|p1a: Breloom|37/100 tox|[from] ability: Poison Heal
|upkeep
|turn|9
|
|t:|1708677595
|move|p1a: Breloom|Protect|p1a: Breloom
|-singleturn|p1a: Breloom|Protect
|move|p2a: Skarmory|Spikes|p1a: Breloom
|-sidestart|p1: Paperm47|Spikes
|
|-heal|p2a: Skarmory|100/100|[from] item: Leftovers
|-heal|p1a: Breloom|49/100 tox|[from] ability: Poison Heal
|upkeep
|turn|10
|
|t:|1708677598
|switch|p1a: Rotom|Rotom-Wash|88/100 tox
|-damage|p1a: Rotom|75/100 tox|[from] Stealth Rock
|move|p2a: Skarmory|Whirlwind|p1a: Rotom
|drag|p1a: Lucario|Lucario, M|100/100
|-damage|p1a: Lucario|98/100|[from] Stealth Rock
|-damage|p1a: Lucario|85/100|[from] Spikes
|
|upkeep
|turn|11
|
|t:|1708677602
|switch|p1a: Heatran|Heatran, M|100/100
|-damage|p1a: Heatran|88/100|[from] Stealth Rock
|-damage|p1a: Heatran|76/100|[from] Spikes
|move|p2a: Skarmory|Brave Bird|p1a: Heatran
|-resisted|p1a: Heatran
|-damage|p1a: Heatran|61/100
|-damage|p2a: Skarmory|95/100|[from] Recoil
|
|-heal|p1a: Heatran|68/100|[from] item: Leftovers
|-heal|p2a: Skarmory|100/100|[from] item: Leftovers
|upkeep
|turn|12
|
|t:|1708677607
|switch|p2a: Tyranitar|Tyranitar, F|100/100
|-weather|Sandstorm|[from] ability: Sand Stream|[of] p2a: Tyranitar
|move|p1a: Heatran|Stealth Rock|p2a: Tyranitar
|-sidestart|p2: B1kharma|move: Stealth Rock
|
|-weather|Sandstorm|[upkeep]
|-heal|p1a: Heatran|74/100|[from] item: Leftovers
|upkeep
|turn|13
|
|t:|1708677618
|move|p1a: Heatran|Protect|p1a: Heatran
|-singleturn|p1a: Heatran|Protect
|move|p2a: Tyranitar|Rock Slide|p1a: Heatran
|-activate|p1a: Heatran|move: Protect
|
|-weather|Sandstorm|[upkeep]
|-heal|p1a: Heatran|80/100|[from] item: Leftovers
|upkeep
|turn|14
|
|t:|1708677624
|switch|p1a: Rotom|Rotom-Wash|75/100 tox
|-damage|p1a: Rotom|63/100 tox|[from] Stealth Rock
|move|p2a: Tyranitar|Superpower|p1a: Rotom
|-damage|p1a: Rotom|17/100 tox
|-unboost|p2a: Tyranitar|atk|1
|-unboost|p2a: Tyranitar|def|1
|
|-weather|Sandstorm|[upkeep]
|-damage|p1a: Rotom|11/100 tox|[from] Sandstorm
|-heal|p1a: Rotom|17/100 tox|[from] item: Leftovers
|-damage|p1a: Rotom|11/100 tox|[from] psn
|upkeep
|turn|15
|
|t:|1708677627
|switch|p2a: Gastrodon|Gastrodon, F|75/100 brn
|-damage|p2a: Gastrodon|69/100 brn|[from] Stealth Rock
|move|p1a: Rotom|Will-O-Wisp|p2a: Gastrodon
|-fail|p2a: Gastrodon|brn
|
|-weather|Sandstorm|[upkeep]
|-damage|p1a: Rotom|4/100 tox|[from] Sandstorm
|-heal|p1a: Rotom|11/100 tox|[from] item: Leftovers
|-heal|p2a: Gastrodon|75/100 brn|[from] item: Leftovers
|-damage|p1a: Rotom|0 fnt|[from] psn
|faint|p1a: Rotom
|-damage|p2a: Gastrodon|63/100 brn|[from] brn
|upkeep
|
|t:|1708677632
|switch|p1a: Breloom|Breloom, M|49/100 tox
|-damage|p1a: Breloom|43/100 tox|[from] Stealth Rock
|-damage|p1a: Breloom|30/100 tox|[from] Spikes
|turn|16
|
|t:|1708677635
|switch|p2a: Skarmory|Skarmory, F|100/100
|-damage|p2a: Skarmory|88/100|[from] Stealth Rock
|move|p1a: Breloom|Drain Punch|p2a: Skarmory
|-crit|p2a: Skarmory
|-damage|p2a: Skarmory|30/100
|-heal|p1a: Breloom|64/100 tox|[from] drain|[of] p2a: Skarmory
|
|-weather|Sandstorm|[upkeep]
|-damage|p1a: Breloom|58/100 tox|[from] Sandstorm
|-heal|p2a: Skarmory|36/100|[from] item: Leftovers
|-heal|p1a: Breloom|70/100 tox|[from] ability: Poison Heal
|upkeep
|turn|17
|
|t:|1708677640
|switch|p1a: Heatran|Heatran, M|80/100
|-damage|p1a: Heatran|68/100|[from] Stealth Rock
|-damage|p1a: Heatran|55/100|[from] Spikes
|move|p2a: Skarmory|Roost|p2a: Skarmory
|-heal|p2a: Skarmory|86/100
|-singleturn|p2a: Skarmory|move: Roost
|
|-weather|Sandstorm|[upkeep]
|-heal|p1a: Heatran|61/100|[from] item: Leftovers
|-heal|p2a: Skarmory|92/100|[from] item: Leftovers
|upkeep
|turn|18
|
|t:|1708677643
|switch|p2a: Tyranitar|Tyranitar, F|100/100
|-damage|p2a: Tyranitar|88/100|[from] Stealth Rock
|move|p1a: Heatran|Lava Plume|p2a: Tyranitar
|-resisted|p2a: Tyranitar
|-damage|p2a: Tyranitar|78/100
|-status|p2a: Tyranitar|brn
|
|-weather|Sandstorm|[upkeep]
|-heal|p1a: Heatran|68/100|[from] item: Leftovers
|-damage|p2a: Tyranitar|65/100 brn|[from] brn
|upkeep
|turn|19
|
|t:|1708677647
|move|p1a: Heatran|Protect|p1a: Heatran
|-singleturn|p1a: Heatran|Protect
|move|p2a: Tyranitar|Superpower|p1a: Heatran
|-activate|p1a: Heatran|move: Protect
|
|-weather|Sandstorm|[upkeep]
|-heal|p1a: Heatran|74/100|[from] item: Leftovers
|-damage|p2a: Tyranitar|53/100 brn|[from] brn
|upkeep
|turn|20
|
|t:|1708677652
|switch|p1a: Breloom|Breloom, M|70/100 tox
|-damage|p1a: Breloom|64/100 tox|[from] Stealth Rock
|-damage|p1a: Breloom|52/100 tox|[from] Spikes
|move|p2a: Tyranitar|Superpower|p1a: Breloom
|-crit|p1a: Breloom
|-damage|p1a: Breloom|0 fnt
|-unboost|p2a: Tyranitar|atk|1
|-unboost|p2a: Tyranitar|def|1
|faint|p1a: Breloom
|
|-weather|Sandstorm|[upkeep]
|-damage|p2a: Tyranitar|41/100 brn|[from] brn
|upkeep
|
|t:|1708677661
|switch|p1a: Heatran|Heatran, M|74/100
|-damage|p1a: Heatran|61/100|[from] Stealth Rock
|-damage|p1a: Heatran|49/100|[from] Spikes
|turn|21
|
|t:|1708677665
|move|p1a: Heatran|Protect|p1a: Heatran
|-singleturn|p1a: Heatran|Protect
|move|p2a: Tyranitar|Superpower|p1a: Heatran
|-activate|p1a: Heatran|move: Protect
|
|-weather|Sandstorm|[upkeep]
|-heal|p1a: Heatran|55/100|[from] item: Leftovers
|-damage|p2a: Tyranitar|28/100 brn|[from] brn
|upkeep
|turn|22
|
|t:|1708677667
|move|p1a: Heatran|Earth Power|p2a: Tyranitar
|-supereffective|p2a: Tyranitar
|-damage|p2a: Tyranitar|0 fnt
|faint|p2a: Tyranitar
|
|-weather|Sandstorm|[upkeep]
|-heal|p1a: Heatran|61/100|[from] item: Leftovers
|upkeep
|
|t:|1708677671
|switch|p2a: Gliscor|Gliscor, M|50/100 tox
|-damage|p2a: Gliscor|38/100 tox|[from] Stealth Rock
|turn|23
|
|t:|1708677674
|switch|p1a: Keldeo|Keldeo-Resolute|100/100
|-damage|p1a: Keldeo|94/100|[from] Stealth Rock
|-damage|p1a: Keldeo|82/100|[from] Spikes
|move|p2a: Gliscor|Protect||[still]
|-fail|p2a: Gliscor
|
|-weather|Sandstorm|[upkeep]
|-damage|p1a: Keldeo|76/100|[from] Sandstorm
|-heal|p2a: Gliscor|50/100 tox|[from] ability: Poison Heal
|upkeep
|turn|24
|
|t:|1708677678
|move|p2a: Gliscor|Protect|p2a: Gliscor
|-singleturn|p2a: Gliscor|Protect
|move|p1a: Keldeo|Secret Sword|p2a: Gliscor
|-activate|p2a: Gliscor|move: Protect
|
|-weather|Sandstorm|[upkeep]
|-damage|p1a: Keldeo|70/100|[from] Sandstorm
|-heal|p2a: Gliscor|63/100 tox|[from] ability: Poison Heal
|upkeep
|turn|25
|
|t:|1708677683
|move|p1a: Keldeo|Secret Sword|p2a: Gliscor
|-resisted|p2a: Gliscor
|-damage|p2a: Gliscor|35/100 tox
|move|p2a: Gliscor|Earthquake|p1a: Keldeo
|-damage|p1a: Keldeo|31/100
|
|-weather|Sandstorm|[upkeep]
|-damage|p1a: Keldeo|24/100|[from] Sandstorm
|-heal|p2a: Gliscor|47/100 tox|[from] ability: Poison Heal
|upkeep
|turn|26
|
|t:|1708677686
|move|p2a: Gliscor|Protect|p2a: Gliscor
|-singleturn|p2a: Gliscor|Protect
|move|p1a: Keldeo|Secret Sword|p2a: Gliscor
|-activate|p2a: Gliscor|move: Protect
|
|-weather|Sandstorm|[upkeep]
|-damage|p1a: Keldeo|18/100|[from] Sandstorm
|-heal|p2a: Gliscor|60/100 tox|[from] ability: Poison Heal
|upkeep
|turn|27
|
|t:|1708677690
|move|p1a: Keldeo|Secret Sword|p2a: Gliscor
|-resisted|p2a: Gliscor
|-damage|p2a: Gliscor|32/100 tox
|move|p2a: Gliscor|Earthquake|p1a: Keldeo
|-damage|p1a: Keldeo|0 fnt
|faint|p1a: Keldeo
|
|-weather|Sandstorm|[upkeep]
|-heal|p2a: Gliscor|45/100 tox|[from] ability: Poison Heal
|upkeep
|
|t:|1708677695
|switch|p1a: Weavile|Weavile, M|100/100
|-damage|p1a: Weavile|76/100|[from] Stealth Rock
|-damage|p1a: Weavile|63/100|[from] Spikes
|-ability|p1a: Weavile|Pressure
|turn|28
|
|t:|1708677697
|move|p2a: Gliscor|Protect|p2a: Gliscor
|-singleturn|p2a: Gliscor|Protect
|move|p1a: Weavile|Ice Shard|p2a: Gliscor
|-activate|p2a: Gliscor|move: Protect
|
|-weather|Sandstorm|[upkeep]
|-damage|p1a: Weavile|57/100|[from] Sandstorm
|-heal|p2a: Gliscor|57/100 tox|[from] ability: Poison Heal
|upkeep
|turn|29
|
|t:|1708677700
|switch|p1a: Lucario|Lucario, M|85/100
|-damage|p1a: Lucario|82/100|[from] Stealth Rock
|-damage|p1a: Lucario|70/100|[from] Spikes
|switch|p2a: Skarmory|Skarmory, F|92/100
|-damage|p2a: Skarmory|79/100|[from] Stealth Rock
|
|-weather|Sandstorm|[upkeep]
|-heal|p2a: Skarmory|85/100|[from] item: Leftovers
|upkeep
|turn|30
|
|t:|1708677706
|move|p1a: Lucario|Swords Dance|p1a: Lucario
|-boost|p1a: Lucario|atk|2
|move|p2a: Skarmory|Whirlwind|p1a: Lucario
|drag|p1a: Heatran|Heatran, M|61/100
|-damage|p1a: Heatran|49/100|[from] Stealth Rock
|-damage|p1a: Heatran|37/100|[from] Spikes
|
|-weather|Sandstorm|[upkeep]
|-heal|p1a: Heatran|43/100|[from] item: Leftovers
|-heal|p2a: Skarmory|91/100|[from] item: Leftovers
|upkeep
|turn|31
|
|t:|1708677710
|switch|p2a: Gastrodon|Gastrodon, F|63/100 brn
|-damage|p2a: Gastrodon|57/100 brn|[from] Stealth Rock
|move|p1a: Heatran|Lava Plume|p2a: Gastrodon
|-resisted|p2a: Gastrodon
|-damage|p2a: Gastrodon|38/100 brn
|
|-weather|Sandstorm|[upkeep]
|-heal|p1a: Heatran|49/100|[from] item: Leftovers
|-heal|p2a: Gastrodon|44/100 brn|[from] item: Leftovers
|-damage|p2a: Gastrodon|31/100 brn|[from] brn
|upkeep
|turn|32
|
|t:|1708677714
|move|p1a: Heatran|Earth Power|p2a: Gastrodon
|-damage|p2a: Gastrodon|1/100 brn
|move|p2a: Gastrodon|Recover|p2a: Gastrodon
|-heal|p2a: Gastrodon|51/100 brn
|
|-weather|Sandstorm|[upkeep]
|-heal|p1a: Heatran|55/100|[from] item: Leftovers
|-heal|p2a: Gastrodon|57/100 brn|[from] item: Leftovers
|-damage|p2a: Gastrodon|45/100 brn|[from] brn
|upkeep
|turn|33
|
|t:|1708677717
|move|p1a: Heatran|Earth Power|p2a: Gastrodon
|-damage|p2a: Gastrodon|12/100 brn
|move|p2a: Gastrodon|Recover|p2a: Gastrodon
|-heal|p2a: Gastrodon|62/100 brn
|
|-weather|Sandstorm|[upkeep]
|-heal|p1a: Heatran|61/100|[from] item: Leftovers
|-heal|p2a: Gastrodon|68/100 brn|[from] item: Leftovers
|-damage|p2a: Gastrodon|56/100 brn|[from] brn
|upkeep
|turn|34
|
|t:|1708677719
|move|p1a: Heatran|Earth Power|p2a: Gastrodon
|-damage|p2a: Gastrodon|24/100 brn
|move|p2a: Gastrodon|Recover|p2a: Gastrodon
|-heal|p2a: Gastrodon|74/100 brn
|
|-weather|Sandstorm|[upkeep]
|-heal|p1a: Heatran|68/100|[from] item: Leftovers
|-heal|p2a: Gastrodon|80/100 brn|[from] item: Leftovers
|-damage|p2a: Gastrodon|67/100 brn|[from] brn
|upkeep
|turn|35
|
|t:|1708677720
|move|p1a: Heatran|Earth Power|p2a: Gastrodon
|-damage|p2a: Gastrodon|39/100 brn
|move|p2a: Gastrodon|Recover|p2a: Gastrodon
|-heal|p2a: Gastrodon|89/100 brn
|
|-weather|Sandstorm|[upkeep]
|-heal|p1a: Heatran|74/100|[from] item: Leftovers
|-heal|p2a: Gastrodon|95/100 brn|[from] item: Leftovers
|-damage|p2a: Gastrodon|83/100 brn|[from] brn
|upkeep
|turn|36
|
|t:|1708677722
|move|p1a: Heatran|Earth Power|p2a: Gastrodon
|-damage|p2a: Gastrodon|50/100 brn
|move|p2a: Gastrodon|Earthquake|p1a: Heatran
|-supereffective|p1a: Heatran
|-damage|p1a: Heatran|30/100
|
|-weather|Sandstorm|[upkeep]
|-heal|p1a: Heatran|37/100|[from] item: Leftovers
|-heal|p2a: Gastrodon|56/100 brn|[from] item: Leftovers
|-damage|p2a: Gastrodon|43/100 brn|[from] brn
|upkeep
|turn|37
|
|t:|1708677724
|move|p1a: Heatran|Earth Power|p2a: Gastrodon
|-damage|p2a: Gastrodon|11/100 brn
|move|p2a: Gastrodon|Recover|p2a: Gastrodon
|-heal|p2a: Gastrodon|61/100 brn
|
|-weather|Sandstorm|[upkeep]
|-heal|p1a: Heatran|43/100|[from] item: Leftovers
|-heal|p2a: Gastrodon|67/100 brn|[from] item: Leftovers
|-damage|p2a: Gastrodon|55/100 brn|[from] brn
|upkeep
|turn|38
|
|t:|1708677726
|move|p1a: Heatran|Earth Power|p2a: Gastrodon
|-damage|p2a: Gastrodon|22/100 brn
|move|p2a: Gastrodon|Earthquake|p1a: Heatran
|-supereffective|p1a: Heatran
|-damage|p1a: Heatran|0 fnt
|faint|p1a: Heatran
|
|-weather|Sandstorm|[upkeep]
|-heal|p2a: Gastrodon|28/100 brn|[from] item: Leftovers
|-damage|p2a: Gastrodon|16/100 brn|[from] brn
|upkeep
|
|t:|1708677728
|switch|p1a: Lucario|Lucario, M|70/100
|-damage|p1a: Lucario|67/100|[from] Stealth Rock
|-damage|p1a: Lucario|55/100|[from] Spikes
|turn|39
|
|t:|1708677729
|move|p1a: Lucario|Close Combat|p2a: Gastrodon
|-damage|p2a: Gastrodon|0 fnt
|-unboost|p1a: Lucario|def|1
|-unboost|p1a: Lucario|spd|1
|faint|p2a: Gastrodon
|-damage|p1a: Lucario|45/100|[from] item: Life Orb
|
|-weather|Sandstorm|[upkeep]
|upkeep
|
|t:|1708677731
|switch|p2a: Skarmory|Skarmory, F|91/100
|-damage|p2a: Skarmory|79/100|[from] Stealth Rock
|turn|40
|
|t:|1708677733
|move|p1a: Lucario|Swords Dance|p1a: Lucario
|-boost|p1a: Lucario|atk|2
|move|p2a: Skarmory|Brave Bird|p1a: Lucario
|-damage|p1a: Lucario|0 fnt
|faint|p1a: Lucario
|-damage|p2a: Skarmory|67/100|[from] Recoil
|
|-weather|Sandstorm|[upkeep]
|-heal|p2a: Skarmory|73/100|[from] item: Leftovers
|upkeep
|
|t:|1708677734
|switch|p1a: Weavile|Weavile, M|57/100
|-damage|p1a: Weavile|32/100|[from] Stealth Rock
|-damage|p1a: Weavile|20/100|[from] Spikes
|-ability|p1a: Weavile|Pressure
|turn|41
|
|t:|1708677735
|move|p1a: Weavile|Low Kick|p2a: Skarmory
|-damage|p2a: Skarmory|44/100
|move|p2a: Skarmory|Brave Bird|p1a: Weavile
|-damage|p1a: Weavile|0 fnt
|faint|p1a: Weavile
|-damage|p2a: Skarmory|38/100|[from] Recoil
|
|win|B1kharma
|raw|Paperm47's rating: 1386 &rarr; <strong>1368</strong><br />(-18 for losing)
|raw|B1kharma's rating: 1420 &rarr; <strong>1438</strong><br />(+18 for winning)
|l|☆B1kharma
|player|p2|
|l|☆Paperm47
|player|p1|
