|j|☆chomp29
|j|☆baixiaohen
|t:|1742391062
|gametype|singles
|player|p1|chomp29|lucas|1409
|player|p2|baixiaohen|steven|1422
|teamsize|p1|6
|teamsize|p2|6
|gen|5
|tier|[Gen 5] OU
|rated|
|rule|Species Clause: Limit one of each Pokémon
|rule|OHKO Clause: OHKO moves are banned
|rule|Moody Clause: Moody is banned
|rule|Evasion Items Clause: Evasion items are banned
|rule|Evasion Moves Clause: Evasion moves are banned
|rule|Endless Battle Clause: Forcing endless battles is banned
|rule|HP Percentage Mod: HP is shown in percentages
|rule|Evasion Abilities Clause: Evasion abilities are banned
|rule|Sleep Moves Clause: Sleep-inducing moves are banned
|rule|Swagger Clause: Swagger is banned
|rule|Baton Pass Stat Clause: No Baton Passer may have a way to boost its stats
|clearpoke
|poke|p1|Landorus-Therian, M|item
|poke|p1|Magnezone|item
|poke|p1|Tyranitar, M|item
|poke|p1|Celebi|item
|poke|p1|Seismitoad, F|item
|poke|p1|Excadrill, F|item
|poke|p2|Keldeo-Resolute|item
|poke|p2|Latios, M|item
|poke|p2|Jirachi|item
|poke|p2|Rotom-Wash|item
|poke|p2|Mamoswine, M|item
|poke|p2|Starmie|item
|teampreview
|inactive|Battle timer is ON: inactive players will automatically lose when time's up. (requested by chomp29)
|inactive|baixiaohen also wants the timer to be on.
|inactive|chomp29 has 120 seconds left.
|
|t:|1742391125
|start
|switch|p1a: Seismitoad|Seismitoad, F|100/100
|switch|p2a: Starmie|Starmie|100/100
|turn|1
|
|t:|1742391129
|move|p1a: Seismitoad|Protect|p1a: Seismitoad
|-singleturn|p1a: Seismitoad|Protect
|move|p2a: Starmie|Trick|p1a: Seismitoad
|-activate|p1a: Seismitoad|move: Protect
|
|upkeep
|turn|2
|
|t:|1742391147
|switch|p1a: Magnezone|Magnezone|100/100
|-item|p1a: Magnezone|Air Balloon
|move|p2a: Starmie|Trick|p1a: Magnezone
|-activate|p2a: Starmie|move: Trick|[of] p1a: Magnezone
|-item|p1a: Magnezone|Choice Scarf|[from] move: Trick
|-item|p2a: Starmie|Air Balloon
|-item|p2a: Starmie|Air Balloon|[from] move: Trick
|
|upkeep
|turn|3
|
|t:|1742391165
|switch|p1a: Celebi|Celebi|100/100
|switch|p2a: Mamoswine|Mamoswine, M|100/100
|
|upkeep
|turn|4
|
|t:|1742391173
|switch|p1a: Magnezone|Magnezone|100/100
|move|p2a: Mamoswine|Icicle Spear|p1a: Magnezone
|-resisted|p1a: Magnezone
|-damage|p1a: Magnezone|89/100
|-resisted|p1a: Magnezone
|-damage|p1a: Magnezone|80/100
|-resisted|p1a: Magnezone
|-damage|p1a: Magnezone|69/100
|-hitcount|p1a: Magnezone|3
|-damage|p2a: Mamoswine|91/100|[from] item: Life Orb
|
|upkeep
|turn|5
|
|t:|1742391192
|switch|p2a: Jirachi|Jirachi|100/100
|move|p1a: Magnezone|Flash Cannon|p2a: Jirachi
|-resisted|p2a: Jirachi
|-damage|p2a: Jirachi|87/100
|
|-heal|p2a: Jirachi|93/100|[from] item: Leftovers
|upkeep
|turn|6
|
|t:|1742391204
|switch|p1a: Seismitoad|Seismitoad, F|100/100
|move|p2a: Jirachi|Body Slam|p1a: Seismitoad
|-damage|p1a: Seismitoad|86/100
|
|-heal|p2a: Jirachi|99/100|[from] item: Leftovers
|-heal|p1a: Seismitoad|92/100|[from] item: Leftovers
|upkeep
|turn|7
|
|t:|1742391211
|move|p2a: Jirachi|Stealth Rock|p1a: Seismitoad
|-sidestart|p1: chomp29|move: Stealth Rock
|move|p1a: Seismitoad|Stealth Rock|p2a: Jirachi
|-sidestart|p2: baixiaohen|move: Stealth Rock
|
|-heal|p2a: Jirachi|100/100|[from] item: Leftovers
|-heal|p1a: Seismitoad|98/100|[from] item: Leftovers
|upkeep
|turn|8
|
|t:|1742391216
|move|p2a: Jirachi|U-turn|p1a: Seismitoad
|-damage|p1a: Seismitoad|86/100
|
|t:|1742391222
|switch|p2a: Rotom|Rotom-Wash|100/100|[from] U-turn
|-damage|p2a: Rotom|88/100|[from] Stealth Rock
|move|p1a: Seismitoad|Scald|p2a: Rotom
|-resisted|p2a: Rotom
|-damage|p2a: Rotom|75/100
|
|-heal|p2a: Rotom|81/100|[from] item: Leftovers
|-heal|p1a: Seismitoad|93/100|[from] item: Leftovers
|upkeep
|turn|9
|
|t:|1742391227
|move|p2a: Rotom|Reflect|p2a: Rotom
|-sidestart|p2: baixiaohen|Reflect
|move|p1a: Seismitoad|Scald|p2a: Rotom
|-resisted|p2a: Rotom
|-damage|p2a: Rotom|69/100
|
|-heal|p2a: Rotom|75/100|[from] item: Leftovers
|-heal|p1a: Seismitoad|99/100|[from] item: Leftovers
|upkeep
|turn|10
|
|t:|1742391242
|switch|p2a: Latios|Latios, M|100/100
|-damage|p2a: Latios|88/100|[from] Stealth Rock
|move|p1a: Seismitoad|Scald|p2a: Latios
|-resisted|p2a: Latios
|-crit|p2a: Latios
|-damage|p2a: Latios|61/100
|
|-heal|p1a: Seismitoad|100/100|[from] item: Leftovers
|upkeep
|turn|11
|
|t:|1742391258
|switch|p2a: Jirachi|Jirachi|100/100
|-damage|p2a: Jirachi|94/100|[from] Stealth Rock
|switch|p1a: Tyranitar|Tyranitar, M|100/100
|-damage|p1a: Tyranitar|88/100|[from] Stealth Rock
|-weather|Sandstorm|[from] ability: Sand Stream|[of] p1a: Tyranitar
|
|-weather|Sandstorm|[upkeep]
|-heal|p2a: Jirachi|100/100|[from] item: Leftovers
|upkeep
|turn|12
|
|t:|1742391278
|move|p2a: Jirachi|U-turn|p1a: Tyranitar
|-supereffective|p1a: Tyranitar
|-damage|p1a: Tyranitar|63/100
|
|t:|1742391283
|switch|p2a: Rotom|Rotom-Wash|75/100|[from] U-turn
|-damage|p2a: Rotom|63/100|[from] Stealth Rock
|move|p1a: Tyranitar|Fire Blast|p2a: Rotom
|-resisted|p2a: Rotom
|-damage|p2a: Rotom|52/100
|
|-weather|Sandstorm|[upkeep]
|-damage|p2a: Rotom|46/100|[from] Sandstorm
|-heal|p2a: Rotom|52/100|[from] item: Leftovers
|upkeep
|turn|13
|
|t:|1742391295
|switch|p1a: Seismitoad|Seismitoad, F|100/100
|-damage|p1a: Seismitoad|94/100|[from] Stealth Rock
|move|p2a: Rotom|Will-O-Wisp|p1a: Seismitoad
|-status|p1a: Seismitoad|brn
|
|-weather|Sandstorm|[upkeep]
|-damage|p2a: Rotom|46/100|[from] Sandstorm
|-heal|p2a: Rotom|52/100|[from] item: Leftovers
|-heal|p1a: Seismitoad|100/100 brn|[from] item: Leftovers
|-damage|p1a: Seismitoad|88/100 brn|[from] brn
|-sideend|p2: baixiaohen|Reflect
|upkeep
|turn|14
|
|t:|1742391313
|switch|p2a: Latios|Latios, M|61/100
|-damage|p2a: Latios|49/100|[from] Stealth Rock
|move|p1a: Seismitoad|Refresh|p1a: Seismitoad
|-curestatus|p1a: Seismitoad|brn|[msg]
|
|-weather|Sandstorm|[upkeep]
|-damage|p2a: Latios|43/100|[from] Sandstorm
|-heal|p1a: Seismitoad|94/100|[from] item: Leftovers
|upkeep
|turn|15
|
|t:|1742391317
|move|p1a: Seismitoad|Protect|p1a: Seismitoad
|-singleturn|p1a: Seismitoad|Protect
|move|p2a: Latios|Energy Ball|p1a: Seismitoad
|-activate|p1a: Seismitoad|move: Protect
|
|-weather|Sandstorm|[upkeep]
|-damage|p2a: Latios|37/100|[from] Sandstorm
|-heal|p1a: Seismitoad|99/100|[from] item: Leftovers
|upkeep
|turn|16
|
|t:|1742391345
|switch|p2a: Mamoswine|Mamoswine, M|91/100
|-damage|p2a: Mamoswine|78/100|[from] Stealth Rock
|switch|p1a: Magnezone|Magnezone|69/100
|-damage|p1a: Magnezone|63/100|[from] Stealth Rock
|
|-weather|Sandstorm|[upkeep]
|upkeep
|turn|17
|
|t:|1742391358
|switch|p2a: Rotom|Rotom-Wash|52/100
|-damage|p2a: Rotom|39/100|[from] Stealth Rock
|move|p1a: Magnezone|Flash Cannon|p2a: Rotom
|-resisted|p2a: Rotom
|-damage|p2a: Rotom|27/100
|
|-weather|Sandstorm|[upkeep]
|-damage|p2a: Rotom|21/100|[from] Sandstorm
|-heal|p2a: Rotom|27/100|[from] item: Leftovers
|upkeep
|turn|18
|
|t:|1742391364
|switch|p1a: Celebi|Celebi|100/100
|-damage|p1a: Celebi|88/100|[from] Stealth Rock
|switch|p2a: Starmie|Starmie|100/100
|-damage|p2a: Starmie|88/100|[from] Stealth Rock
|-item|p2a: Starmie|Air Balloon
|
|-weather|Sandstorm|[upkeep]
|-damage|p2a: Starmie|82/100|[from] Sandstorm
|-damage|p1a: Celebi|82/100|[from] Sandstorm
|-heal|p1a: Celebi|88/100|[from] item: Leftovers
|upkeep
|turn|19
|
|t:|1742391370
|move|p2a: Starmie|Rapid Spin|p1a: Celebi
|-damage|p1a: Celebi|86/100
|-sideend|p2: baixiaohen|Stealth Rock|[from] move: Rapid Spin|[of] p2a: Starmie
|move|p1a: Celebi|Thunder Wave|p2a: Starmie
|-status|p2a: Starmie|par
|
|-weather|Sandstorm|[upkeep]
|-damage|p1a: Celebi|80/100|[from] Sandstorm
|-damage|p2a: Starmie|76/100 par|[from] Sandstorm
|-heal|p1a: Celebi|86/100|[from] item: Leftovers
|upkeep
|turn|20
|
|t:|1742391377
|-curestatus|p2a: Starmie|par|[from] ability: Natural Cure
|switch|p2a: Mamoswine|Mamoswine, M|78/100
|move|p1a: Celebi|Nasty Plot|p1a: Celebi
|-boost|p1a: Celebi|spa|2
|
|-weather|Sandstorm|[upkeep]
|-damage|p1a: Celebi|80/100|[from] Sandstorm
|-heal|p1a: Celebi|86/100|[from] item: Leftovers
|upkeep
|turn|21
|
|t:|1742391386
|move|p2a: Mamoswine|Icicle Spear|p1a: Celebi
|-supereffective|p1a: Celebi
|-damage|p1a: Celebi|60/100
|-supereffective|p1a: Celebi
|-damage|p1a: Celebi|35/100
|-supereffective|p1a: Celebi
|-damage|p1a: Celebi|7/100
|-hitcount|p1a: Celebi|3
|-damage|p2a: Mamoswine|68/100|[from] item: Life Orb
|move|p1a: Celebi|Leaf Storm|p2a: Mamoswine
|-supereffective|p2a: Mamoswine
|-damage|p2a: Mamoswine|0 fnt
|-unboost|p1a: Celebi|spa|2
|faint|p2a: Mamoswine
|
|-weather|Sandstorm|[upkeep]
|-damage|p1a: Celebi|1/100|[from] Sandstorm
|-heal|p1a: Celebi|7/100|[from] item: Leftovers
|upkeep
|
|t:|1742391401
|switch|p2a: Jirachi|Jirachi|100/100
|turn|22
|
|t:|1742391407
|move|p1a: Celebi|Recover|p1a: Celebi
|-heal|p1a: Celebi|57/100
|move|p2a: Jirachi|U-turn|p1a: Celebi
|-supereffective|p1a: Celebi
|-damage|p1a: Celebi|8/100
|
|t:|1742391417
|switch|p2a: Keldeo|Keldeo-Resolute|100/100|[from] U-turn
|
|-weather|Sandstorm|[upkeep]
|-damage|p2a: Keldeo|94/100|[from] Sandstorm
|-damage|p1a: Celebi|2/100|[from] Sandstorm
|-heal|p2a: Keldeo|100/100|[from] item: Leftovers
|-heal|p1a: Celebi|8/100|[from] item: Leftovers
|upkeep
|turn|23
|
|t:|1742391433
|move|p2a: Keldeo|Hidden Power|p1a: Celebi
|-supereffective|p1a: Celebi
|-damage|p1a: Celebi|0 fnt
|faint|p1a: Celebi
|
|-weather|Sandstorm|[upkeep]
|-damage|p2a: Keldeo|94/100|[from] Sandstorm
|-heal|p2a: Keldeo|100/100|[from] item: Leftovers
|upkeep
|
|t:|1742391440
|switch|p1a: Seismitoad|Seismitoad, F|99/100
|-damage|p1a: Seismitoad|94/100|[from] Stealth Rock
|turn|24
|
|t:|1742391445
|move|p2a: Keldeo|Calm Mind|p2a: Keldeo
|-boost|p2a: Keldeo|spa|1
|-boost|p2a: Keldeo|spd|1
|move|p1a: Seismitoad|Stealth Rock|p2a: Keldeo
|-sidestart|p2: baixiaohen|move: Stealth Rock
|
|-weather|Sandstorm|[upkeep]
|-damage|p2a: Keldeo|94/100|[from] Sandstorm
|-heal|p2a: Keldeo|100/100|[from] item: Leftovers
|-heal|p1a: Seismitoad|99/100|[from] item: Leftovers
|upkeep
|turn|25
|
|t:|1742391455
|move|p2a: Keldeo|Calm Mind|p2a: Keldeo
|-boost|p2a: Keldeo|spa|1
|-boost|p2a: Keldeo|spd|1
|move|p1a: Seismitoad|Scald|p2a: Keldeo
|-resisted|p2a: Keldeo
|-damage|p2a: Keldeo|94/100
|
|-weather|Sandstorm|[upkeep]
|-damage|p2a: Keldeo|88/100|[from] Sandstorm
|-heal|p2a: Keldeo|94/100|[from] item: Leftovers
|-heal|p1a: Seismitoad|100/100|[from] item: Leftovers
|upkeep
|turn|26
|
|t:|1742391469
|move|p2a: Keldeo|Secret Sword|p1a: Seismitoad
|-damage|p1a: Seismitoad|36/100
|move|p1a: Seismitoad|Scald|p2a: Keldeo
|-resisted|p2a: Keldeo
|-damage|p2a: Keldeo|87/100
|-status|p2a: Keldeo|brn
|
|-weather|Sandstorm|[upkeep]
|-damage|p2a: Keldeo|81/100 brn|[from] Sandstorm
|-heal|p2a: Keldeo|87/100 brn|[from] item: Leftovers
|-heal|p1a: Seismitoad|42/100|[from] item: Leftovers
|-damage|p2a: Keldeo|75/100 brn|[from] brn
|upkeep
|turn|27
|
|t:|1742391474
|move|p1a: Seismitoad|Protect|p1a: Seismitoad
|-singleturn|p1a: Seismitoad|Protect
|move|p2a: Keldeo|Secret Sword|p1a: Seismitoad
|-activate|p1a: Seismitoad|move: Protect
|
|-weather|Sandstorm|[upkeep]
|-damage|p2a: Keldeo|69/100 brn|[from] Sandstorm
|-heal|p2a: Keldeo|75/100 brn|[from] item: Leftovers
|-heal|p1a: Seismitoad|48/100|[from] item: Leftovers
|-damage|p2a: Keldeo|63/100 brn|[from] brn
|upkeep
|turn|28
|
|t:|1742391493
|switch|p1a: Tyranitar|Tyranitar, M|63/100
|-damage|p1a: Tyranitar|51/100|[from] Stealth Rock
|move|p2a: Keldeo|Secret Sword|p1a: Tyranitar
|-supereffective|p1a: Tyranitar
|-enditem|p1a: Tyranitar|Chople Berry|[eat]
|-enditem|p1a: Tyranitar|Chople Berry|[weaken]
|-damage|p1a: Tyranitar|0 fnt
|faint|p1a: Tyranitar
|
|-weather|Sandstorm|[upkeep]
|-damage|p2a: Keldeo|56/100 brn|[from] Sandstorm
|-heal|p2a: Keldeo|63/100 brn|[from] item: Leftovers
|-damage|p2a: Keldeo|50/100 brn|[from] brn
|upkeep
|
|t:|1742391495
|switch|p1a: Excadrill|Excadrill, F|100/100
|-damage|p1a: Excadrill|97/100|[from] Stealth Rock
|turn|29
|
|t:|1742391504
|switch|p2a: Rotom|Rotom-Wash|27/100
|-damage|p2a: Rotom|15/100|[from] Stealth Rock
|move|p1a: Excadrill|Earthquake|p2a: Rotom
|-immune|p2a: Rotom|[from] ability: Levitate
|
|-weather|Sandstorm|[upkeep]
|-damage|p2a: Rotom|8/100|[from] Sandstorm
|-heal|p2a: Rotom|15/100|[from] item: Leftovers
|upkeep
|turn|30
|
|t:|1742391520
|switch|p1a: Seismitoad|Seismitoad, F|48/100
|-damage|p1a: Seismitoad|42/100|[from] Stealth Rock
|switch|p2a: Starmie|Starmie|76/100
|-damage|p2a: Starmie|63/100|[from] Stealth Rock
|-item|p2a: Starmie|Air Balloon
|
|-weather|Sandstorm|[upkeep]
|-damage|p2a: Starmie|57/100|[from] Sandstorm
|-heal|p1a: Seismitoad|48/100|[from] item: Leftovers
|upkeep
|turn|31
|
|t:|1742391524
|move|p1a: Seismitoad|Protect|p1a: Seismitoad
|-singleturn|p1a: Seismitoad|Protect
|move|p2a: Starmie|Rapid Spin|p1a: Seismitoad
|-activate|p1a: Seismitoad|move: Protect
|
|-weather|Sandstorm|[upkeep]
|-damage|p2a: Starmie|51/100|[from] Sandstorm
|-heal|p1a: Seismitoad|54/100|[from] item: Leftovers
|upkeep
|turn|32
|
|t:|1742391541
|move|p2a: Starmie|Trick|p1a: Seismitoad
|-activate|p2a: Starmie|move: Trick|[of] p1a: Seismitoad
|-item|p1a: Seismitoad|Air Balloon
|-item|p1a: Seismitoad|Air Balloon|[from] move: Trick
|-item|p2a: Starmie|Leftovers|[from] move: Trick
|move|p1a: Seismitoad|Scald|p2a: Starmie
|-resisted|p2a: Starmie
|-damage|p2a: Starmie|35/100
|-status|p2a: Starmie|brn
|
|-weather|Sandstorm|[upkeep]
|-damage|p2a: Starmie|29/100 brn|[from] Sandstorm
|-heal|p2a: Starmie|35/100 brn|[from] item: Leftovers
|-damage|p2a: Starmie|23/100 brn|[from] brn
|upkeep
|turn|33
|
|t:|1742391549
|move|p2a: Starmie|Rapid Spin|p1a: Seismitoad
|-damage|p1a: Seismitoad|53/100
|-enditem|p1a: Seismitoad|Air Balloon
|-sideend|p2: baixiaohen|Stealth Rock|[from] move: Rapid Spin|[of] p2a: Starmie
|move|p1a: Seismitoad|Scald|p2a: Starmie
|-resisted|p2a: Starmie
|-damage|p2a: Starmie|7/100 brn
|
|-weather|Sandstorm|[upkeep]
|-damage|p2a: Starmie|1/100 brn|[from] Sandstorm
|-heal|p2a: Starmie|7/100 brn|[from] item: Leftovers
|-damage|p2a: Starmie|0 fnt|[from] brn
|faint|p2a: Starmie
|upkeep
|
|t:|1742391551
|switch|p2a: Latios|Latios, M|37/100
|turn|34
|
|t:|1742391566
|move|p1a: Seismitoad|Protect|p1a: Seismitoad
|-singleturn|p1a: Seismitoad|Protect
|move|p2a: Latios|Psychic|p1a: Seismitoad
|-activate|p1a: Seismitoad|move: Protect
|
|-weather|Sandstorm|[upkeep]
|-damage|p2a: Latios|31/100|[from] Sandstorm
|upkeep
|turn|35
|
|t:|1742391589
|switch|p1a: Magnezone|Magnezone|63/100
|-damage|p1a: Magnezone|57/100|[from] Stealth Rock
|move|p2a: Latios|Psychic|p1a: Magnezone
|-resisted|p1a: Magnezone
|-damage|p1a: Magnezone|29/100
|
|-weather|Sandstorm|[upkeep]
|-damage|p2a: Latios|25/100|[from] Sandstorm
|upkeep
|turn|36
|
|t:|1742391601
|switch|p2a: Jirachi|Jirachi|100/100
|move|p1a: Magnezone|Thunderbolt|p2a: Jirachi
|-damage|p2a: Jirachi|64/100
|
|-weather|Sandstorm|[upkeep]
|-heal|p2a: Jirachi|70/100|[from] item: Leftovers
|upkeep
|turn|37
|
|t:|1742391610
|move|p1a: Magnezone|Thunderbolt|p2a: Jirachi
|-damage|p2a: Jirachi|35/100
|move|p2a: Jirachi|U-turn|p1a: Magnezone
|-resisted|p1a: Magnezone
|-damage|p1a: Magnezone|21/100
|
|t:|1742391617
|switch|p2a: Latios|Latios, M|25/100|[from] U-turn
|
|-weather|Sandstorm|[upkeep]
|-damage|p2a: Latios|19/100|[from] Sandstorm
|upkeep
|turn|38
|inactive|baixiaohen has 120 seconds left.
|l|☆baixiaohen
|inactive|baixiaohen disconnected and has a minute to reconnect!
|player|p2|
|j|☆baixiaohen
|inactive|baixiaohen reconnected and has 110 seconds left.
|player|p2|baixiaohen|steven|
|inactive|baixiaohen has 90 seconds left.
|
|t:|1742391693
|move|p2a: Latios|Psychic|p1a: Magnezone
|-resisted|p1a: Magnezone
|-damage|p1a: Magnezone|0 fnt
|faint|p1a: Magnezone
|
|-weather|Sandstorm|[upkeep]
|-damage|p2a: Latios|13/100|[from] Sandstorm
|upkeep
|j| dubec
|
|t:|1742391708
|switch|p1a: Excadrill|Excadrill, F|97/100
|-damage|p1a: Excadrill|94/100|[from] Stealth Rock
|turn|39
|
|t:|1742391717
|switch|p2a: Jirachi|Jirachi|35/100
|move|p1a: Excadrill|Rapid Spin|p2a: Jirachi
|-resisted|p2a: Jirachi
|-damage|p2a: Jirachi|31/100
|-sideend|p1: chomp29|Stealth Rock|[from] move: Rapid Spin|[of] p1a: Excadrill
|
|-weather|Sandstorm|[upkeep]
|-heal|p2a: Jirachi|38/100|[from] item: Leftovers
|upkeep
|turn|40
|inactive|baixiaohen has 90 seconds left.
|
|t:|1742391729
|switch|p1a: Seismitoad|Seismitoad, F|53/100
|move|p2a: Jirachi|U-turn|p1a: Seismitoad
|-damage|p1a: Seismitoad|41/100
|inactive|baixiaohen has 90 seconds left.
|
|t:|1742391736
|switch|p2a: Latios|Latios, M|13/100|[from] U-turn
|
|-weather|Sandstorm|[upkeep]
|-damage|p2a: Latios|7/100|[from] Sandstorm
|upkeep
|turn|41
|
|t:|1742391741
|move|p1a: Seismitoad|Protect|p1a: Seismitoad
|-singleturn|p1a: Seismitoad|Protect
|move|p2a: Latios|Energy Ball|p1a: Seismitoad
|-activate|p1a: Seismitoad|move: Protect
|
|-weather|Sandstorm|[upkeep]
|-damage|p2a: Latios|1/100|[from] Sandstorm
|upkeep
|turn|42
|
|t:|1742391769
|switch|p1a: Landorus|Landorus-Therian, M|100/100
|-ability|p1a: Landorus|Intimidate|boost
|-unboost|p2a: Latios|atk|1
|move|p2a: Latios|Energy Ball|p1a: Landorus
|-damage|p1a: Landorus|65/100
|
|-weather|Sandstorm|[upkeep]
|-damage|p2a: Latios|0 fnt|[from] Sandstorm
|faint|p2a: Latios
|upkeep
|
|t:|1742391777
|switch|p2a: Keldeo|Keldeo-Resolute|50/100 brn
|turn|43
|
|t:|1742391782
|switch|p1a: Seismitoad|Seismitoad, F|41/100
|move|p2a: Keldeo|Hydro Pump|p1a: Seismitoad
|-heal|p1a: Seismitoad|66/100|[from] ability: Water Absorb|[of] p2a: Keldeo
|
|-weather|Sandstorm|[upkeep]
|-damage|p2a: Keldeo|44/100 brn|[from] Sandstorm
|-heal|p2a: Keldeo|50/100 brn|[from] item: Leftovers
|-damage|p2a: Keldeo|38/100 brn|[from] brn
|upkeep
|turn|44
|
|t:|1742391786
|move|p1a: Seismitoad|Protect|p1a: Seismitoad
|-singleturn|p1a: Seismitoad|Protect
|move|p2a: Keldeo|Secret Sword|p1a: Seismitoad
|-activate|p1a: Seismitoad|move: Protect
|
|-weather|Sandstorm|[upkeep]
|-damage|p2a: Keldeo|32/100 brn|[from] Sandstorm
|-heal|p2a: Keldeo|38/100 brn|[from] item: Leftovers
|-damage|p2a: Keldeo|25/100 brn|[from] brn
|upkeep
|turn|45
|-message|baixiaohen forfeited.
|
|win|chomp29
|raw|chomp29's rating: 1409 &rarr; <strong>1430</strong><br />(+21 for winning)
|raw|baixiaohen's rating: 1422 &rarr; <strong>1401</strong><br />(-21 for losing)
|l|☆baixiaohen
|player|p2|
|l|☆chomp29
|player|p1|
|l| dubec
|j|☆chomp29
|player|p1|chomp29|lucas|
|l|☆chomp29
|player|p1|
|j|☆chomp29
|player|p1|chomp29|lucas|
