|j|‽Hussumon2
|j|☆affksl1
|t:|1718051876
|gametype|singles
|player|p1|Hussumon2|lady|1357
|player|p2|affksl1|pokemaniac-gen3rs|1436
|teamsize|p1|6
|teamsize|p2|6
|gen|5
|tier|[Gen 5] OU
|rated|
|rule|Species Clause: Limit one of each Pokémon
|rule|OHKO Clause: OHKO moves are banned
|rule|Moody Clause: Moody is banned
|rule|Evasion Items Clause: Evasion items are banned
|rule|Evasion Moves Clause: Evasion moves are banned
|rule|Endless Battle Clause: Forcing endless battles is banned
|rule|HP Percentage Mod: HP is shown in percentages
|rule|Evasion Abilities Clause: Evasion abilities are banned
|rule|Sleep Moves Clause: Sleep-inducing moves are banned
|rule|Swagger Clause: Swagger is banned
|rule|Baton Pass Stat Clause: No Baton Passer may have a way to boost its stats
|clearpoke
|poke|p1|Tyranitar, M|item
|poke|p1|Alakazam, F|item
|poke|p1|Latios, M|item
|poke|p1|Ferrothorn, M|item
|poke|p1|Keldeo|item
|poke|p1|Landorus-Therian, M|item
|poke|p2|Bronzong|item
|poke|p2|Gallade, M|item
|poke|p2|Jellicent, M|item
|poke|p2|Conkeldurr, M|item
|poke|p2|Reuniclus, M|item
|poke|p2|Dragonite, M|item
|teampreview
|inactive|Battle timer is ON: inactive players will automatically lose when time's up. (requested by affksl1)
|
|t:|1718051892
|start
|switch|p1a: Landorus|Landorus-Therian, M|100/100
|switch|p2a: Bronzong|Bronzong|100/100
|-ability|p1a: Landorus|Intimidate|boost
|-unboost|p2a: Bronzong|atk|1
|turn|1
|
|t:|1718051900
|move|p1a: Landorus|Stealth Rock|p2a: Bronzong
|-sidestart|p2: affksl1|move: Stealth Rock
|move|p2a: Bronzong|Stealth Rock|p1a: Landorus
|-sidestart|p1: Hussumon2|move: Stealth Rock
|
|upkeep
|turn|2
|
|t:|1718051921
|move|p1a: Landorus|U-turn|p2a: Bronzong
|-damage|p2a: Bronzong|81/100
|
|t:|1718051924
|switch|p1a: Latios|Latios, M|100/100|[from] U-turn
|-damage|p1a: Latios|88/100|[from] Stealth Rock
|move|p2a: Bronzong|Trick|p1a: Latios
|-activate|p2a: Bronzong|move: Trick|[of] p1a: Latios
|-item|p1a: Latios|Mental Herb|[from] move: Trick
|-item|p2a: Bronzong|Choice Scarf|[from] move: Trick
|
|upkeep
|turn|3
|
|t:|1718051941
|switch|p1a: Alakazam|Alakazam, F|100/100
|move|p2a: Bronzong|Explosion|p1a: Alakazam
|-crit|p1a: Alakazam
|-damage|p1a: Alakazam|0 fnt
|faint|p2a: Bronzong
|faint|p1a: Alakazam
|
|upkeep
|
|t:|1718051959
|switch|p1a: Landorus|Landorus-Therian, M|100/100
|switch|p2a: Conkeldurr|Conkeldurr, M|100/100
|-damage|p1a: Landorus|88/100|[from] Stealth Rock
|-ability|p1a: Landorus|Intimidate|boost
|-unboost|p2a: Conkeldurr|atk|1
|-damage|p2a: Conkeldurr|94/100|[from] Stealth Rock
|turn|4
|j| Neighthan Trainer
|
|t:|1718051977
|move|p1a: Landorus|Earthquake|p2a: Conkeldurr
|-damage|p2a: Conkeldurr|56/100
|move|p2a: Conkeldurr|Ice Punch|p1a: Landorus
|-supereffective|p1a: Landorus
|-damage|p1a: Landorus|0 fnt
|faint|p1a: Landorus
|-damage|p2a: Conkeldurr|46/100|[from] item: Life Orb
|
|upkeep
|
|t:|1718051982
|switch|p1a: Keldeo|Keldeo|100/100
|-damage|p1a: Keldeo|94/100|[from] Stealth Rock
|turn|5
|
|t:|1718051987
|switch|p2a: Jellicent|Jellicent, M|100/100
|-damage|p2a: Jellicent|88/100|[from] Stealth Rock
|-item|p2a: Jellicent|Air Balloon
|move|p1a: Keldeo|Scald|p2a: Jellicent
|-heal|p2a: Jellicent|100/100|[from] ability: Water Absorb|[of] p1a: Keldeo
|
|-heal|p1a: Keldeo|100/100|[from] item: Leftovers
|upkeep
|turn|6
|
|t:|1718051991
|switch|p1a: Ferrothorn|Ferrothorn, M|100/100
|-damage|p1a: Ferrothorn|95/100|[from] Stealth Rock
|move|p2a: Jellicent|Trick Room|p2a: Jellicent
|-fieldstart|move: Trick Room|[of] p2a: Jellicent
|
|upkeep
|turn|7
|
|t:|1718051999
|switch|p2a: Conkeldurr|Conkeldurr, M|46/100
|-damage|p2a: Conkeldurr|40/100|[from] Stealth Rock
|move|p1a: Ferrothorn|Power Whip|p2a: Conkeldurr|[miss]
|-miss|p1a: Ferrothorn|p2a: Conkeldurr
|
|upkeep
|turn|8
|
|t:|1718052012
|switch|p1a: Latios|Latios, M|88/100
|-damage|p1a: Latios|76/100|[from] Stealth Rock
|move|p2a: Conkeldurr|Drain Punch|p1a: Latios
|-resisted|p1a: Latios
|-damage|p1a: Latios|29/100
|-heal|p2a: Conkeldurr|57/100|[from] drain|[of] p1a: Latios
|-damage|p2a: Conkeldurr|47/100|[from] item: Life Orb
|
|upkeep
|turn|9
|
|t:|1718052026
|switch|p1a: Keldeo|Keldeo|100/100
|-damage|p1a: Keldeo|94/100|[from] Stealth Rock
|move|p2a: Conkeldurr|Drain Punch|p1a: Keldeo
|-damage|p1a: Keldeo|12/100
|-heal|p2a: Conkeldurr|79/100|[from] drain|[of] p1a: Keldeo
|-damage|p2a: Conkeldurr|69/100|[from] item: Life Orb
|
|-heal|p1a: Keldeo|18/100|[from] item: Leftovers
|upkeep
|turn|10
|
|t:|1718052031
|move|p1a: Keldeo|Protect|p1a: Keldeo
|-singleturn|p1a: Keldeo|Protect
|move|p2a: Conkeldurr|Drain Punch|p1a: Keldeo
|-activate|p1a: Keldeo|move: Protect
|
|-heal|p1a: Keldeo|25/100|[from] item: Leftovers
|-fieldend|move: Trick Room
|upkeep
|turn|11
|
|t:|1718052034
|move|p2a: Conkeldurr|Mach Punch|p1a: Keldeo
|-damage|p1a: Keldeo|0 fnt
|faint|p1a: Keldeo
|-damage|p2a: Conkeldurr|59/100|[from] item: Life Orb
|
|upkeep
|
|t:|1718052041
|switch|p1a: Tyranitar|Tyranitar, M|100/100
|-damage|p1a: Tyranitar|88/100|[from] Stealth Rock
|-weather|Sandstorm|[from] ability: Sand Stream|[of] p1a: Tyranitar
|turn|12
|-message|Hussumon2 forfeited.
|
|win|affksl1
|raw|Hussumon2's rating: 1357 &rarr; <strong>1341</strong><br />(-16 for losing)
|raw|affksl1's rating: 1436 &rarr; <strong>1452</strong><br />(+16 for winning)
|l|‽Hussumon2
|player|p1|
