|j|☆BackAfter3Gens
|j|☆370450226qqcom
|player|p1|BackAfter3Gens|209
|player|p2|370450226qqcom|292
|teamsize|p1|6
|teamsize|p2|6
|gametype|singles
|gen|5
|tier|[Gen 5] OU
|rated|
|rule|Sleep Clause Mod: Limit one foe put to sleep
|rule|Species Clause: Limit one of each Pokémon
|rule|OHKO Clause: OHKO moves are banned
|rule|Moody Clause: Moody is banned
|rule|Evasion Moves Clause: Evasion moves are banned
|rule|Endless Battle Clause: Forcing endless battles is banned
|rule|HP Percentage Mod: HP is shown in percentages
|rule|Evasion Abilities Clause: Evasion abilities are banned
|rule|Baton Pass Clause: Limit one Baton Passer, can't pass Spe and other stats simultaneously
|rule|Swagger Clause: Swagger is banned
|clearpoke
|poke|p1|Landorus-Therian, M|item
|poke|p1|Scizor, M|item
|poke|p1|Lucario, M|item
|poke|p1|Latios, M|item
|poke|p1|Rotom-Wash|item
|poke|p1|Heatran, F|item
|poke|p2|Bronzong|item
|poke|p2|Politoed, F|item
|poke|p2|Thundurus-Therian, M|item
|poke|p2|Rotom-Wash|item
|poke|p2|Tyranitar, F|item
|poke|p2|Latios, M|item
|teampreview
|
|start
|switch|p1a: The Bosch|Rotom-Wash|299/299
|switch|p2a: Politoed|Politoed, F, shiny|321/321
|-weather|RainDance|[from] ability: Drizzle|[of] p2a: Politoed
|turn|1
|inactive|Battle timer is ON: inactive players will automatically lose when time's up. (requested by 370450226qqcom)
|
|switch|p2a: Thundurus|Thundurus-Therian, M|300/300
|move|p1a: The Bosch|Hydro Pump|p2a: Thundurus
|-damage|p2a: Thundurus|6/300
|
|-weather|RainDance|[upkeep]
|-heal|p2a: Thundurus|24/300|[from] item: Leftovers
|upkeep
|turn|2
|
|switch|p1a: Bengal|Landorus-Therian, M, shiny|337/337
|-ability|p1a: Bengal|Intimidate|boost
|-unboost|p2a: Thundurus|atk|1
|move|p2a: Thundurus|Thunder|p1a: Bengal
|-immune|p1a: Bengal
|
|-weather|RainDance|[upkeep]
|-heal|p2a: Thundurus|42/300|[from] item: Leftovers
|upkeep
|turn|3
|
|move|p1a: Bengal|Hidden Power|p2a: Thundurus
|-supereffective|p2a: Thundurus
|-damage|p2a: Thundurus|0 fnt
|faint|p2a: Thundurus
|
|-weather|RainDance|[upkeep]
|upkeep
|
|switch|p2a: Rotom|Rotom-Wash|241/241
|turn|4
|
|switch|p1a: Blue|Latios, M|301/301
|move|p2a: Rotom|Hydro Pump|p1a: Blue
|-resisted|p1a: Blue
|-damage|p1a: Blue|164/301
|
|-weather|RainDance|[upkeep]
|upkeep
|turn|5
|
|move|p2a: Rotom|Hydro Pump|p1a: Blue|[miss]
|-miss|p2a: Rotom|p1a: Blue
|move|p1a: Blue|Surf|p2a: Rotom
|-resisted|p2a: Rotom
|-damage|p2a: Rotom|115/241
|
|-weather|RainDance|[upkeep]
|upkeep
|turn|6
|
|switch|p2a: Politoed|Politoed, F, shiny|321/321
|move|p1a: Blue|Surf|p2a: Politoed
|-resisted|p2a: Politoed
|-damage|p2a: Politoed|218/321
|
|-weather|RainDance|[upkeep]
|upkeep
|turn|7
|
|switch|p1a: The Bosch|Rotom-Wash|299/299
|move|p2a: Politoed|Ice Beam|p1a: The Bosch
|-resisted|p1a: The Bosch
|-damage|p1a: The Bosch|231/299
|
|-weather|RainDance|[upkeep]
|-heal|p1a: The Bosch|249/299|[from] item: Leftovers
|upkeep
|turn|8
|
|switch|p2a: Latios|Latios, M|301/301
|move|p1a: The Bosch|Volt Switch|p2a: Latios
|-resisted|p2a: Latios
|-damage|p2a: Latios|256/301
|
|switch|p1a: Bengal|Landorus-Therian, M, shiny|337/337
|-ability|p1a: Bengal|Intimidate|boost
|-unboost|p2a: Latios|atk|1
|
|-weather|RainDance|[upkeep]
|upkeep
|turn|9
|
|move|p1a: Bengal|U-turn|p2a: Latios
|-supereffective|p2a: Latios
|-damage|p2a: Latios|36/301
|
|switch|p1a: Scizor|Scizor, M|343/343
|move|p2a: Latios|Surf|p1a: Scizor
|-damage|p1a: Scizor|0 fnt
|faint|p1a: Scizor
|
|-weather|RainDance|[upkeep]
|upkeep
|
|switch|p1a: Bengal|Landorus-Therian, M, shiny|337/337
|-ability|p1a: Bengal|Intimidate|boost
|-unboost|p2a: Latios|atk|1
|turn|10
|
|switch|p2a: Rotom|Rotom-Wash|115/241
|move|p1a: Bengal|U-turn|p2a: Rotom
|-damage|p2a: Rotom|23/241
|
|switch|p1a: Leykro|Lucario, M|281/281
|
|-weather|RainDance|[upkeep]
|upkeep
|turn|11
|
|move|p1a: Leykro|Extreme Speed|p2a: Rotom
|-damage|p2a: Rotom|0 fnt
|-damage|p1a: Leykro|253/281|[from] item: Life Orb
|faint|p2a: Rotom
|
|-weather|RainDance|[upkeep]
|upkeep
|
|switch|p2a: Bronzong|Bronzong, shiny|338/338
|turn|12
|
|switch|p1a: The Bosch|Rotom-Wash|249/299
|move|p2a: Bronzong|Iron Defense|p2a: Bronzong
|-boost|p2a: Bronzong|def|2
|
|-weather|RainDance|[upkeep]
|-heal|p1a: The Bosch|267/299|[from] item: Leftovers
|upkeep
|turn|13
|
|move|p1a: The Bosch|Hydro Pump|p2a: Bronzong|[miss]
|-miss|p1a: The Bosch|p2a: Bronzong
|move|p2a: Bronzong|Calm Mind|p2a: Bronzong
|-boost|p2a: Bronzong|spa|1
|-boost|p2a: Bronzong|spd|1
|
|-weather|RainDance|[upkeep]
|-heal|p1a: The Bosch|285/299|[from] item: Leftovers
|upkeep
|turn|14
|
|move|p1a: The Bosch|Hydro Pump|p2a: Bronzong
|-damage|p2a: Bronzong|215/338
|move|p2a: Bronzong|Calm Mind|p2a: Bronzong
|-boost|p2a: Bronzong|spa|1
|-boost|p2a: Bronzong|spd|1
|
|-weather|RainDance|[upkeep]
|-heal|p1a: The Bosch|299/299|[from] item: Leftovers
|-heal|p2a: Bronzong|236/338|[from] item: Leftovers
|upkeep
|turn|15
|
|move|p1a: The Bosch|Hydro Pump|p2a: Bronzong
|-damage|p2a: Bronzong|146/338
|move|p2a: Bronzong|Calm Mind|p2a: Bronzong
|-boost|p2a: Bronzong|spa|1
|-boost|p2a: Bronzong|spd|1
|
|-weather|RainDance|[upkeep]
|-heal|p2a: Bronzong|167/338|[from] item: Leftovers
|upkeep
|turn|16
|c|☆BackAfter3Gens|ok, thats gonna be a problem
|
|move|p1a: The Bosch|Hydro Pump|p2a: Bronzong|[miss]
|-miss|p1a: The Bosch|p2a: Bronzong
|move|p2a: Bronzong|Calm Mind|p2a: Bronzong
|-boost|p2a: Bronzong|spa|1
|-boost|p2a: Bronzong|spd|1
|
|-weather|RainDance|[upkeep]
|-heal|p2a: Bronzong|188/338|[from] item: Leftovers
|upkeep
|turn|17
|
|move|p1a: The Bosch|Hydro Pump|p2a: Bronzong|[miss]
|-miss|p1a: The Bosch|p2a: Bronzong
|move|p2a: Bronzong|Calm Mind|p2a: Bronzong
|-boost|p2a: Bronzong|spa|1
|-boost|p2a: Bronzong|spd|1
|
|-weather|RainDance|[upkeep]
|-heal|p2a: Bronzong|209/338|[from] item: Leftovers
|upkeep
|turn|18
|
|move|p1a: The Bosch|Volt Switch|p2a: Bronzong
|-damage|p2a: Bronzong|187/338
|
|switch|p1a: Blue|Latios, M|164/301
|move|p2a: Bronzong|Calm Mind|p2a: Bronzong
|-boost|p2a: Bronzong|spa|1
|-boost|p2a: Bronzong|spd|1
|
|-weather|RainDance|[upkeep]
|-heal|p2a: Bronzong|208/338|[from] item: Leftovers
|upkeep
|turn|19
|
|move|p1a: Blue|Thunder|p2a: Bronzong
|-damage|p2a: Bronzong|166/338
|move|p2a: Bronzong|Extrasensory|p1a: Blue
|-resisted|p1a: Blue
|-damage|p1a: Blue|26/301
|
|-weather|RainDance|[upkeep]
|-heal|p2a: Bronzong|187/338|[from] item: Leftovers
|upkeep
|turn|20
|
|move|p1a: Blue|Thunder|p2a: Bronzong
|-damage|p2a: Bronzong|149/338
|move|p2a: Bronzong|Extrasensory|p1a: Blue
|-resisted|p1a: Blue
|-damage|p1a: Blue|0 fnt
|faint|p1a: Blue
|
|-weather|RainDance|[upkeep]
|-heal|p2a: Bronzong|170/338|[from] item: Leftovers
|upkeep
|
|switch|p1a: The Bosch|Rotom-Wash|299/299
|turn|21
|
|move|p1a: The Bosch|Hydro Pump|p2a: Bronzong
|-damage|p2a: Bronzong|127/338
|move|p2a: Bronzong|Extrasensory|p1a: The Bosch
|-damage|p1a: The Bosch|0 fnt
|faint|p1a: The Bosch
|
|-weather|RainDance|[upkeep]
|-heal|p2a: Bronzong|148/338|[from] item: Leftovers
|upkeep
|
|switch|p1a: Leykro|Lucario, M|253/281
|turn|22
|
|move|p1a: Leykro|Close Combat|p2a: Bronzong
|-damage|p2a: Bronzong|41/338
|-unboost|p1a: Leykro|def|1
|-unboost|p1a: Leykro|spd|1
|-damage|p1a: Leykro|225/281|[from] item: Life Orb
|move|p2a: Bronzong|Iron Defense|p2a: Bronzong
|-boost|p2a: Bronzong|def|2
|
|-weather|RainDance|[upkeep]
|-heal|p2a: Bronzong|62/338|[from] item: Leftovers
|upkeep
|turn|23
|
|move|p1a: Leykro|Close Combat|p2a: Bronzong
|-damage|p2a: Bronzong|2/338
|-unboost|p1a: Leykro|def|1
|-unboost|p1a: Leykro|spd|1
|-damage|p1a: Leykro|197/281|[from] item: Life Orb
|move|p2a: Bronzong|Rest|p2a: Bronzong
|-status|p2a: Bronzong|slp|[from] move: Rest
|-heal|p2a: Bronzong|338/338 slp|[silent]
|
|-weather|RainDance|[upkeep]
|upkeep
|turn|24
|
|move|p1a: Leykro|Close Combat|p2a: Bronzong
|-damage|p2a: Bronzong|268/338 slp
|-unboost|p1a: Leykro|def|1
|-unboost|p1a: Leykro|spd|1
|-damage|p1a: Leykro|169/281|[from] item: Life Orb
|cant|p2a: Bronzong|slp
|
|-weather|RainDance|[upkeep]
|-heal|p2a: Bronzong|289/338 slp|[from] item: Leftovers
|upkeep
|turn|25
|
|move|p1a: Leykro|Swords Dance|p1a: Leykro
|-boost|p1a: Leykro|atk|2
|cant|p2a: Bronzong|slp
|
|-weather|RainDance|[upkeep]
|-heal|p2a: Bronzong|310/338 slp|[from] item: Leftovers
|upkeep
|turn|26
|
|move|p1a: Leykro|Swords Dance|p1a: Leykro
|-boost|p1a: Leykro|atk|2
|-curestatus|p2a: Bronzong|slp|[msg]
|move|p2a: Bronzong|Extrasensory|p1a: Leykro
|-damage|p1a: Leykro|0 fnt
|faint|p1a: Leykro
|
|-weather|RainDance|[upkeep]
|-heal|p2a: Bronzong|331/338|[from] item: Leftovers
|upkeep
|-message|BackAfter3Gens forfeited.
|
|win|370450226qqcom
|l|☆BackAfter3Gens
|raw|BackAfter3Gens's rating: 1393 &rarr; <strong>1368</strong><br />(-25 for losing)
|raw|370450226qqcom's rating: 1305 &rarr; <strong>1330</strong><br />(+25 for winning)
