|j|☆Salutethewolf
|j|☆gambitoka
|t:|1745914584
|gametype|singles
|player|p1|Salutethewolf|hugh|1404
|player|p2|gambitoka|cowgirl|1519
|teamsize|p1|6
|teamsize|p2|6
|gen|5
|tier|[Gen 5] OU
|rated|
|rule|Species Clause: Limit one of each Pokémon
|rule|OHKO Clause: OHKO moves are banned
|rule|Moody Clause: Moody is banned
|rule|Evasion Items Clause: Evasion items are banned
|rule|Evasion Moves Clause: Evasion moves are banned
|rule|Endless Battle Clause: Forcing endless battles is banned
|rule|HP Percentage Mod: HP is shown in percentages
|rule|Evasion Abilities Clause: Evasion abilities are banned
|rule|Sleep Moves Clause: Sleep-inducing moves are banned
|rule|Swagger Clause: Swagger is banned
|rule|Baton Pass Stat Clause: No Baton Passer may have a way to boost its stats
|clearpoke
|poke|p1|Bronzong|item
|poke|p1|Crawdaunt, F|item
|poke|p1|Reuniclus, M|item
|poke|p1|Conkeldurr, F|item
|poke|p1|Garchomp, M|item
|poke|p1|Nidoqueen, F|item
|poke|p2|Dragonite, M|item
|poke|p2|Azelf|item
|poke|p2|Starmie|item
|poke|p2|Scizor, M|item
|poke|p2|Gengar, M|item
|poke|p2|Garchomp, F|item
|teampreview
|inactive|Battle timer is ON: inactive players will automatically lose when time's up. (requested by Salutethewolf)
|
|t:|1745914604
|start
|switch|p1a: Garchomp|Garchomp, M, shiny|100/100
|switch|p2a: Azelf|Azelf|100/100
|turn|1
|
|t:|1745914612
|move|p2a: Azelf|Stealth Rock|p1a: Garchomp
|-sidestart|p1: Salutethewolf|move: Stealth Rock
|move|p1a: Garchomp|Dragon Claw|p2a: Azelf
|-enditem|p2a: Azelf|Focus Sash
|-damage|p2a: Azelf|1/100
|
|upkeep
|turn|2
|
|t:|1745914621
|switch|p1a: Bronzong|Bronzong, shiny|100/100
|-damage|p1a: Bronzong|94/100|[from] Stealth Rock
|move|p2a: Azelf|Explosion|p1a: Bronzong
|-resisted|p1a: Bronzong
|-damage|p1a: Bronzong|67/100
|faint|p2a: Azelf
|
|upkeep
|
|t:|1745914628
|switch|p2a: Gengar|Gengar, M|100/100
|turn|3
|
|t:|1745914632
|move|p2a: Gengar|Trick|p1a: Bronzong
|-activate|p2a: Gengar|move: Trick|[of] p1a: Bronzong
|-item|p1a: Bronzong|Choice Scarf|[from] move: Trick
|-item|p2a: Gengar|Occa Berry|[from] move: Trick
|move|p1a: Bronzong|Trick Room|p1a: Bronzong
|-fieldstart|move: Trick Room|[of] p1a: Bronzong
|
|upkeep
|turn|4
|
|t:|1745914644
|switch|p1a: Crawdaunt|Crawdaunt, F|100/100
|-damage|p1a: Crawdaunt|88/100|[from] Stealth Rock
|switch|p2a: Scizor|Scizor, M|100/100
|
|upkeep
|turn|5
|
|t:|1745914652
|move|p1a: Crawdaunt|Crabhammer|p2a: Scizor
|-damage|p2a: Scizor|16/100
|-damage|p1a: Crawdaunt|78/100|[from] item: Life Orb
|move|p2a: Scizor|U-turn|p1a: Crawdaunt
|-supereffective|p1a: Crawdaunt
|-damage|p1a: Crawdaunt|0 fnt
|faint|p1a: Crawdaunt
|
|t:|1745914659
|switch|p2a: Garchomp|Garchomp, F|100/100|[from] U-turn
|
|upkeep
|
|t:|1745914663
|switch|p1a: Nidoqueen|Nidoqueen, F, shiny|100/100
|-damage|p1a: Nidoqueen|94/100|[from] Stealth Rock
|turn|6
|
|t:|1745914668
|move|p1a: Nidoqueen|Ice Beam|p2a: Garchomp
|-supereffective|p2a: Garchomp
|-enditem|p2a: Garchomp|Focus Sash
|-damage|p2a: Garchomp|1/100
|move|p2a: Garchomp|Earthquake|p1a: Nidoqueen
|-supereffective|p1a: Nidoqueen
|-damage|p1a: Nidoqueen|0 fnt
|faint|p1a: Nidoqueen
|
|upkeep
|
|t:|1745914679
|switch|p1a: Conkeldurr|Conkeldurr, F, shiny|100/100
|-damage|p1a: Conkeldurr|94/100|[from] Stealth Rock
|turn|7
|
|t:|1745914687
|move|p1a: Conkeldurr|Ice Punch|p2a: Garchomp
|-supereffective|p2a: Garchomp
|-damage|p2a: Garchomp|0 fnt
|-damage|p1a: Conkeldurr|82/100|[from] ability: Rough Skin|[of] p2a: Garchomp
|faint|p2a: Garchomp
|-damage|p1a: Conkeldurr|72/100|[from] item: Life Orb
|
|-fieldend|move: Trick Room
|upkeep
|
|t:|1745914698
|switch|p2a: Starmie|Starmie|100/100
|-item|p2a: Starmie|Air Balloon
|turn|8
|
|t:|1745914703
|switch|p1a: Bronzong|Bronzong, shiny|67/100
|-damage|p1a: Bronzong|61/100|[from] Stealth Rock
|move|p2a: Starmie|Psychic|p1a: Bronzong
|-resisted|p1a: Bronzong
|-damage|p1a: Bronzong|50/100
|
|upkeep
|turn|9
|
|t:|1745914711
|move|p2a: Starmie|Surf|p1a: Bronzong
|-damage|p1a: Bronzong|10/100
|move|p1a: Bronzong|Trick Room|p1a: Bronzong
|-fieldstart|move: Trick Room|[of] p1a: Bronzong
|
|upkeep
|turn|10
|
|t:|1745914720
|move|p2a: Starmie|Surf|p1a: Bronzong
|-damage|p1a: Bronzong|0 fnt
|faint|p1a: Bronzong
|
|upkeep
|
|t:|1745914725
|switch|p1a: Conkeldurr|Conkeldurr, F, shiny|72/100
|-damage|p1a: Conkeldurr|66/100|[from] Stealth Rock
|turn|11
|
|t:|1745914730
|move|p1a: Conkeldurr|Thunder Punch|p2a: Starmie
|-supereffective|p2a: Starmie
|-damage|p2a: Starmie|0 fnt
|-enditem|p2a: Starmie|Air Balloon
|faint|p2a: Starmie
|-damage|p1a: Conkeldurr|56/100|[from] item: Life Orb
|
|upkeep
|
|t:|1745914736
|switch|p2a: Scizor|Scizor, M|16/100
|turn|12
|
|t:|1745914745
|move|p1a: Conkeldurr|Mach Punch|p2a: Scizor
|-damage|p2a: Scizor|0 fnt
|faint|p2a: Scizor
|-damage|p1a: Conkeldurr|46/100|[from] item: Life Orb
|
|upkeep
|
|t:|1745914749
|switch|p2a: Dragonite|Dragonite, M|100/100
|turn|13
|
|t:|1745914754
|move|p1a: Conkeldurr|Ice Punch|p2a: Dragonite
|-supereffective|p2a: Dragonite
|-damage|p2a: Dragonite|0 fnt
|faint|p2a: Dragonite
|-damage|p1a: Conkeldurr|36/100|[from] item: Life Orb
|
|-fieldend|move: Trick Room
|upkeep
|
|t:|1745914757
|switch|p2a: Gengar|Gengar, M|100/100
|turn|14
|
|t:|1745914765
|move|p2a: Gengar|Shadow Ball|p1a: Conkeldurr
|-damage|p1a: Conkeldurr|0 fnt
|faint|p1a: Conkeldurr
|
|upkeep
|
|t:|1745914774
|switch|p1a: Garchomp|Garchomp, M, shiny|100/100
|-damage|p1a: Garchomp|94/100|[from] Stealth Rock
|turn|15
|
|t:|1745914779
|move|p2a: Gengar|Shadow Ball|p1a: Garchomp
|-damage|p1a: Garchomp|45/100
|-unboost|p1a: Garchomp|spd|1
|move|p1a: Garchomp|Outrage|p2a: Gengar
|-damage|p2a: Gengar|0 fnt
|faint|p2a: Gengar
|
|win|Salutethewolf
|raw|Salutethewolf's rating: 1404 &rarr; <strong>1430</strong><br />(+26 for winning)
|raw|gambitoka's rating: 1519 &rarr; <strong>1493</strong><br />(-26 for losing)
