|j|☆refsunpersons
|j|☆Aeglos
|player|p1|refsunpersons|15
|player|p2|Aeglos|256
|teamsize|p1|6
|teamsize|p2|6
|gametype|singles
|gen|5
|tier|[Gen 5] OU
|rated|
|rule|Sleep Clause Mod: Limit one foe put to sleep
|rule|Species Clause: Limit one of each Pokémon
|rule|OHKO Clause: OHKO moves are banned
|rule|Moody Clause: Moody is banned
|rule|Evasion Moves Clause: Evasion moves are banned
|rule|Endless Battle Clause: Forcing endless battles is banned
|rule|HP Percentage Mod: HP is shown in percentages
|rule|Evasion Abilities Clause: Evasion abilities are banned
|rule|Baton Pass Clause: Limit one Baton Passer, can't pass Spe and other stats simultaneously
|rule|Swagger Clause: Swagger is banned
|clearpoke
|poke|p1|Politoed, F|item
|poke|p1|Ferrothorn, M|item
|poke|p1|Xatu, M|item
|poke|p1|Diglett, M|item
|poke|p1|Latias, F|item
|poke|p1|Toxicroak, M|item
|poke|p2|Politoed, F|item
|poke|p2|Keldeo-Resolute|item
|poke|p2|Ferrothorn, M|item
|poke|p2|Salamence, M|item
|poke|p2|Excadrill, M|item
|poke|p2|Gengar, F|item
|teampreview
|c|☆refsunpersons|gl hf
|
|start
|switch|p1a: big zam|Ferrothorn, M|100/100
|switch|p2a: Salamence|Salamence, M|100/100
|-ability|p2a: Salamence|Intimidate|boost
|-unboost|p1a: big zam|atk|1
|turn|1
|c|☆Aeglos|u2
|
|switch|p1a: hygogg|Politoed, F|100/100
|-weather|RainDance|[from] ability: Drizzle|[of] p1a: hygogg
|move|p2a: Salamence|Fire Blast|p1a: hygogg|[miss]
|-miss|p2a: Salamence|p1a: hygogg
|
|-weather|RainDance|[upkeep]
|upkeep
|turn|2
|
|switch|p2a: Ferrothorn|Ferrothorn, M|100/100
|move|p1a: hygogg|Ice Beam|p2a: Ferrothorn
|-damage|p2a: Ferrothorn|83/100
|
|-weather|RainDance|[upkeep]
|-heal|p2a: Ferrothorn|89/100|[from] item: Leftovers
|upkeep
|turn|3
|
|switch|p1a: zaku|Xatu, M|100/100
|switch|p2a: Gengar|Gengar, F|100/100
|
|-weather|RainDance|[upkeep]
|upkeep
|turn|4
|
|move|p2a: Gengar|Substitute|p2a: Gengar
|-start|p2a: Gengar|Substitute
|-damage|p2a: Gengar|76/100
|move|p1a: zaku|Night Shade|p2a: Gengar
|-end|p2a: Gengar|Substitute
|
|-weather|RainDance|[upkeep]
|-heal|p2a: Gengar|82/100|[from] item: Black Sludge
|upkeep
|turn|5
|
|switch|p1a: hygogg|Politoed, F|100/100
|move|p2a: Gengar|Substitute|p2a: Gengar
|-start|p2a: Gengar|Substitute
|-damage|p2a: Gengar|57/100
|
|-weather|RainDance|[upkeep]
|-heal|p2a: Gengar|63/100|[from] item: Black Sludge
|upkeep
|turn|6
|
|move|p1a: hygogg|Encore|p2a: Gengar
|-start|p2a: Gengar|Encore
|move|p2a: Gengar|Substitute|p2a: Gengar
|-fail|p2a: Gengar|move: Substitute
|
|-weather|RainDance|[upkeep]
|-heal|p2a: Gengar|69/100|[from] item: Black Sludge
|upkeep
|turn|7
|
|switch|p1a: zeong|Toxicroak, M|100/100
|move|p2a: Gengar|Substitute|p2a: Gengar
|-fail|p2a: Gengar|move: Substitute
|
|-weather|RainDance|[upkeep]
|-heal|p2a: Gengar|75/100|[from] item: Black Sludge
|upkeep
|turn|8
|
|move|p2a: Gengar|Substitute|p2a: Gengar
|-fail|p2a: Gengar|move: Substitute
|move|p1a: zeong|Swords Dance|p1a: zeong
|-boost|p1a: zeong|atk|2
|
|-weather|RainDance|[upkeep]
|-heal|p2a: Gengar|81/100|[from] item: Black Sludge
|-end|p2a: Gengar|Encore
|upkeep
|turn|9
|c|☆Aeglos|WHAT
|c|☆Aeglos|I CLICKED MENCE
|c|☆Aeglos|HELLO GAME ???
|
|move|p2a: Gengar|Shadow Ball|p1a: zeong
|-damage|p1a: zeong|41/100
|move|p1a: zeong|Ice Punch|p2a: Gengar
|-end|p2a: Gengar|Substitute
|-damage|p1a: zeong|31/100|[from] item: Life Orb
|
|-weather|RainDance|[upkeep]
|-heal|p1a: zeong|44/100|[from] ability: Dry Skin
|-heal|p2a: Gengar|88/100|[from] item: Black Sludge
|upkeep
|turn|10
|
|move|p2a: Gengar|Disable|p1a: zeong
|-start|p1a: zeong|Disable|Ice Punch
|cant|p1a: zeong|Disable|Ice Punch
|
|-weather|RainDance|[upkeep]
|-heal|p1a: zeong|56/100|[from] ability: Dry Skin
|-heal|p2a: Gengar|94/100|[from] item: Black Sludge
|upkeep
|turn|11
|
|move|p2a: Gengar|Substitute|p2a: Gengar
|-start|p2a: Gengar|Substitute
|-damage|p2a: Gengar|69/100
|move|p1a: zeong|Swords Dance|p1a: zeong
|-boost|p1a: zeong|atk|2
|
|-weather|RainDance|[upkeep]
|-heal|p1a: zeong|69/100|[from] ability: Dry Skin
|-heal|p2a: Gengar|75/100|[from] item: Black Sludge
|upkeep
|turn|12
|
|move|p1a: zeong|Sucker Punch|p2a: Gengar
|-supereffective|p2a: Gengar
|-end|p2a: Gengar|Substitute
|-damage|p1a: zeong|59/100|[from] item: Life Orb
|move|p2a: Gengar|Shadow Ball|p1a: zeong
|-damage|p1a: zeong|0 fnt
|faint|p1a: zeong
|
|-weather|RainDance|[upkeep]
|-heal|p2a: Gengar|81/100|[from] item: Black Sludge
|upkeep
|
|switch|p1a: hygogg|Politoed, F|100/100
|turn|13
|
|switch|p1a: zaku|Xatu, M|100/100
|switch|p2a: Ferrothorn|Ferrothorn, M|89/100
|
|-weather|RainDance|[upkeep]
|-heal|p2a: Ferrothorn|95/100|[from] item: Leftovers
|upkeep
|turn|14
|
|switch|p2a: Politoed|Politoed, F|100/100
|move|p1a: zaku|Night Shade|p2a: Politoed
|-damage|p2a: Politoed|74/100
|
|-weather|RainDance|[upkeep]
|upkeep
|turn|15
|
|switch|p1a: hygogg|Politoed, F|100/100
|move|p2a: Politoed|Hydro Pump|p1a: hygogg|[miss]
|-miss|p2a: Politoed|p1a: hygogg
|
|-weather|RainDance|[upkeep]
|upkeep
|turn|16
|
|move|p1a: hygogg|Hydro Pump|p2a: Politoed
|-resisted|p2a: Politoed
|-damage|p2a: Politoed|43/100
|move|p2a: Politoed|Hydro Pump|p1a: hygogg
|-resisted|p1a: hygogg
|-damage|p1a: hygogg|41/100
|
|-weather|RainDance|[upkeep]
|upkeep
|turn|17
|
|switch|p1a: big zam|Ferrothorn, M|100/100
|move|p2a: Politoed|Hydro Pump|p1a: big zam
|-resisted|p1a: big zam
|-damage|p1a: big zam|57/100
|
|-weather|RainDance|[upkeep]
|-heal|p1a: big zam|63/100|[from] item: Leftovers
|upkeep
|turn|18
|
|switch|p2a: Salamence|Salamence, M|100/100
|-ability|p2a: Salamence|Intimidate|boost
|-unboost|p1a: big zam|atk|1
|move|p1a: big zam|Spikes|p2a: Salamence
|-sidestart|p2: Aeglos|Spikes
|
|-weather|RainDance|[upkeep]
|-heal|p1a: big zam|69/100|[from] item: Leftovers
|upkeep
|turn|19
|
|move|p2a: Salamence|Fire Blast|p1a: big zam
|-supereffective|p1a: big zam
|-damage|p1a: big zam|0 fnt
|-damage|p2a: Salamence|91/100|[from] item: Life Orb
|faint|p1a: big zam
|
|-weather|RainDance|[upkeep]
|upkeep
|
|switch|p1a: hygogg|Politoed, F|41/100
|turn|20
|
|move|p1a: hygogg|Ice Beam|p2a: Salamence
|-supereffective|p2a: Salamence
|-damage|p2a: Salamence|0 fnt
|faint|p2a: Salamence
|
|-weather|RainDance|[upkeep]
|upkeep
|c|☆Aeglos|SCARF ENCORE
|c|☆Aeglos|FUCK
|
|switch|p2a: Keldeo|Keldeo-Resolute|100/100
|-damage|p2a: Keldeo|88/100|[from] Spikes
|turn|21
|
|switch|p1a: rx-78-2|Latias, F|100/100
|move|p2a: Keldeo|Toxic|p1a: rx-78-2
|-status|p1a: rx-78-2|tox
|
|-weather|RainDance|[upkeep]
|-damage|p1a: rx-78-2|94/100 tox|[from] psn
|upkeep
|turn|22
|
|switch|p2a: Ferrothorn|Ferrothorn, M|95/100
|-damage|p2a: Ferrothorn|83/100|[from] Spikes
|switch|p1a: zaku|Xatu, M|100/100
|
|-weather|RainDance|[upkeep]
|-heal|p2a: Ferrothorn|89/100|[from] item: Leftovers
|upkeep
|turn|23
|
|switch|p2a: Excadrill|Excadrill, M|100/100
|-item|p2a: Excadrill|Air Balloon
|move|p1a: zaku|Night Shade|p2a: Excadrill
|-damage|p2a: Excadrill|73/100
|-enditem|p2a: Excadrill|Air Balloon
|
|-weather|RainDance|[upkeep]
|upkeep
|turn|24
|
|move|p2a: Excadrill|Rapid Spin|p1a: zaku
|-damage|p1a: zaku|94/100
|-damage|p2a: Excadrill|56/100|[from] item: Rocky Helmet|[of] p1a: zaku
|-sideend|p2: Aeglos|Spikes|[from] move: Rapid Spin|[of] p2a: Excadrill
|move|p1a: zaku|U-turn|p2a: Excadrill
|-resisted|p2a: Excadrill
|-damage|p2a: Excadrill|47/100
|
|switch|p1a: acguy|Diglett, M|100/100
|
|-weather|RainDance|[upkeep]
|upkeep
|turn|25
|
|move|p1a: acguy|Earthquake|p2a: Excadrill
|-supereffective|p2a: Excadrill
|-damage|p2a: Excadrill|0 fnt
|faint|p2a: Excadrill
|
|-weather|RainDance|[upkeep]
|upkeep
|
|switch|p2a: Gengar|Gengar, F|81/100
|turn|26
|
|move|p2a: Gengar|Substitute|p2a: Gengar
|-start|p2a: Gengar|Substitute
|-damage|p2a: Gengar|56/100
|move|p1a: acguy|Stealth Rock|p2a: Gengar
|-sidestart|p2: Aeglos|move: Stealth Rock
|
|-weather|RainDance|[upkeep]
|-heal|p2a: Gengar|62/100|[from] item: Black Sludge
|upkeep
|turn|27
|
|switch|p1a: zaku|Xatu, M|94/100
|move|p2a: Gengar|Shadow Ball|p1a: zaku
|-supereffective|p1a: zaku
|-damage|p1a: zaku|0 fnt
|faint|p1a: zaku
|
|-weather|RainDance|[upkeep]
|-heal|p2a: Gengar|68/100|[from] item: Black Sludge
|upkeep
|
|switch|p1a: rx-78-2|Latias, F|94/100 tox
|turn|28
|
|move|p2a: Gengar|Shadow Ball|p1a: rx-78-2
|-supereffective|p1a: rx-78-2
|-damage|p1a: rx-78-2|29/100 tox
|-unboost|p1a: rx-78-2|spd|1
|move|p1a: rx-78-2|Dragon Pulse|p2a: Gengar
|-end|p2a: Gengar|Substitute
|
|-weather|RainDance|[upkeep]
|-heal|p2a: Gengar|75/100|[from] item: Black Sludge
|-heal|p1a: rx-78-2|35/100 tox|[from] item: Leftovers
|-damage|p1a: rx-78-2|29/100 tox|[from] psn
|upkeep
|turn|29
|c|☆refsunpersons|gg
|-message|refsunpersons forfeited.
|
|win|Aeglos
|c|☆Aeglos|gg
|raw|refsunpersons's rating: 1416 &rarr; <strong>1391</strong><br />(-25 for losing)
|raw|Aeglos's rating: 1325 &rarr; <strong>1350</strong><br />(+25 for winning)
|l|☆refsunpersons
