|j|☆Clawdia Chauchat
|j|☆HydreigonSpammer
|t:|1734901229
|gametype|singles
|player|p1|Clawdia Chauchat|winona|1426
|player|p2|HydreigonSpammer|janitor|1461
|teamsize|p1|6
|teamsize|p2|6
|gen|5
|tier|[Gen 5] OU
|rated|
|rule|Species Clause: Limit one of each Pokémon
|rule|OHKO Clause: OHKO moves are banned
|rule|Moody Clause: Moody is banned
|rule|Evasion Items Clause: Evasion items are banned
|rule|Evasion Moves Clause: Evasion moves are banned
|rule|Endless Battle Clause: Forcing endless battles is banned
|rule|HP Percentage Mod: HP is shown in percentages
|rule|Evasion Abilities Clause: Evasion abilities are banned
|rule|Sleep Moves Clause: Sleep-inducing moves are banned
|rule|Swagger Clause: Swagger is banned
|rule|Baton Pass Stat Clause: No Baton Passer may have a way to boost its stats
|clearpoke
|poke|p1|Tangrowth, M|item
|poke|p1|Starmie|item
|poke|p1|Forretress, F|item
|poke|p1|Blissey, F|item
|poke|p1|Jirachi|item
|poke|p1|Suicune|item
|poke|p2|Politoed, F|item
|poke|p2|Latios, M|item
|poke|p2|Tornadus, M|item
|poke|p2|Starmie|item
|poke|p2|Skarmory, F|item
|poke|p2|Jellicent, M|item
|teampreview
|
|t:|1734901252
|start
|switch|p1a: Starmie|Starmie|100/100
|switch|p2a: Skarmory|Skarmory, F|100/100
|turn|1
|
|t:|1734901307
|move|p1a: Starmie|Trick|p2a: Skarmory
|-activate|p1a: Starmie|move: Trick|[of] p2a: Skarmory
|-item|p2a: Skarmory|Flame Orb|[from] move: Trick
|-item|p1a: Starmie|Custap Berry|[from] move: Trick
|move|p2a: Skarmory|Stealth Rock|p1a: Starmie
|-sidestart|p1: Clawdia Chauchat|move: Stealth Rock
|
|-status|p2a: Skarmory|brn|[from] item: Flame Orb
|upkeep
|turn|2
|c|☆HydreigonSpammer|xd
|
|t:|1734901326
|switch|p2a: Jellicent|Jellicent, M|100/100
|move|p1a: Starmie|Rapid Spin|p2a: Jellicent
|-immune|p2a: Jellicent
|
|upkeep
|turn|3
|
|t:|1734901339
|move|p1a: Starmie|Toxic|p2a: Jellicent
|-status|p2a: Jellicent|tox
|move|p2a: Jellicent|Will-O-Wisp|p1a: Starmie
|-status|p1a: Starmie|brn
|
|-damage|p2a: Jellicent|94/100 tox|[from] psn
|-damage|p1a: Starmie|88/100 brn|[from] brn
|upkeep
|turn|4
|
|t:|1734901353
|-curestatus|p1a: Starmie|brn|[from] ability: Natural Cure
|switch|p1a: Blissey|Blissey, F|100/100
|-damage|p1a: Blissey|88/100|[from] Stealth Rock
|switch|p2a: Politoed|Politoed, F|100/100
|-weather|RainDance|[from] ability: Drizzle|[of] p2a: Politoed
|
|-weather|RainDance|[upkeep]
|-heal|p1a: Blissey|94/100|[from] item: Leftovers
|upkeep
|turn|5
|
|t:|1734901363
|switch|p2a: Skarmory|Skarmory, F|100/100 brn
|move|p1a: Blissey|Stealth Rock|p2a: Skarmory
|-sidestart|p2: HydreigonSpammer|move: Stealth Rock
|
|-weather|RainDance|[upkeep]
|-heal|p1a: Blissey|99/100|[from] item: Leftovers
|-damage|p2a: Skarmory|88/100 brn|[from] brn
|upkeep
|turn|6
|
|t:|1734901384
|switch|p1a: Suicune|Suicune|100/100
|-damage|p1a: Suicune|88/100|[from] Stealth Rock
|-ability|p1a: Suicune|Pressure
|move|p2a: Skarmory|Spikes|p1a: Suicune
|-sidestart|p1: Clawdia Chauchat|Spikes
|
|-weather|RainDance|[upkeep]
|-heal|p1a: Suicune|94/100|[from] item: Leftovers
|-damage|p2a: Skarmory|76/100 brn|[from] brn
|upkeep
|turn|7
|
|t:|1734901397
|move|p1a: Suicune|Substitute|p1a: Suicune
|-start|p1a: Suicune|Substitute
|-damage|p1a: Suicune|69/100
|move|p2a: Skarmory|Whirlwind|p1a: Suicune
|drag|p1a: Blissey|Blissey, F|99/100
|-damage|p1a: Blissey|88/100|[from] Stealth Rock
|-damage|p1a: Blissey|75/100|[from] Spikes
|
|-weather|RainDance|[upkeep]
|-heal|p1a: Blissey|82/100|[from] item: Leftovers
|-damage|p2a: Skarmory|64/100 brn|[from] brn
|upkeep
|turn|8
|
|t:|1734901413
|switch|p1a: Forretress|Forretress, F|100/100
|-damage|p1a: Forretress|88/100|[from] Stealth Rock
|-damage|p1a: Forretress|76/100|[from] Spikes
|move|p2a: Skarmory|Spikes|p1a: Forretress
|-sidestart|p1: Clawdia Chauchat|Spikes
|
|-weather|RainDance|[upkeep]
|-heal|p1a: Forretress|82/100|[from] item: Leftovers
|-damage|p2a: Skarmory|51/100 brn|[from] brn
|upkeep
|turn|9
|
|t:|1734901427
|switch|p2a: Jellicent|Jellicent, M|94/100 tox
|-damage|p2a: Jellicent|82/100 tox|[from] Stealth Rock
|move|p1a: Forretress|Rapid Spin|p2a: Jellicent
|-immune|p2a: Jellicent
|
|-weather|RainDance|[upkeep]
|-heal|p2a: Jellicent|88/100 tox|[from] item: Leftovers
|-heal|p1a: Forretress|88/100|[from] item: Leftovers
|-damage|p2a: Jellicent|82/100 tox|[from] psn
|upkeep
|turn|10
|
|t:|1734901480
|move|p2a: Jellicent|Will-O-Wisp|p1a: Forretress|[miss]
|-miss|p2a: Jellicent|p1a: Forretress
|move|p1a: Forretress|Spikes|p2a: Jellicent
|-sidestart|p2: HydreigonSpammer|Spikes
|
|-weather|RainDance|[upkeep]
|-heal|p2a: Jellicent|88/100 tox|[from] item: Leftovers
|-heal|p1a: Forretress|94/100|[from] item: Leftovers
|-damage|p2a: Jellicent|76/100 tox|[from] psn
|upkeep
|turn|11
|
|t:|1734901489
|move|p2a: Jellicent|Will-O-Wisp|p1a: Forretress
|-status|p1a: Forretress|brn
|move|p1a: Forretress|Toxic Spikes|p2a: Jellicent
|-sidestart|p2: HydreigonSpammer|move: Toxic Spikes
|
|-weather|RainDance|[upkeep]
|-heal|p2a: Jellicent|82/100 tox|[from] item: Leftovers
|-heal|p1a: Forretress|99/100 brn|[from] item: Leftovers
|-damage|p2a: Jellicent|63/100 tox|[from] psn
|-damage|p1a: Forretress|88/100 brn|[from] brn
|upkeep
|turn|12
|
|t:|1734901520
|move|p2a: Jellicent|Recover|p2a: Jellicent
|-heal|p2a: Jellicent|100/100 tox
|move|p1a: Forretress|Spikes|p2a: Jellicent
|-sidestart|p2: HydreigonSpammer|Spikes
|
|-weather|RainDance|[upkeep]
|-heal|p1a: Forretress|94/100 brn|[from] item: Leftovers
|-damage|p2a: Jellicent|76/100 tox|[from] psn
|-damage|p1a: Forretress|81/100 brn|[from] brn
|upkeep
|turn|13
|
|t:|1734901535
|move|p2a: Jellicent|Night Shade|p1a: Forretress
|-damage|p1a: Forretress|52/100 brn
|move|p1a: Forretress|Spikes|p2a: Jellicent
|-sidestart|p2: HydreigonSpammer|Spikes
|
|-weather|RainDance|[upkeep]
|-heal|p2a: Jellicent|82/100 tox|[from] item: Leftovers
|-heal|p1a: Forretress|58/100 brn|[from] item: Leftovers
|-damage|p2a: Jellicent|51/100 tox|[from] psn
|-damage|p1a: Forretress|45/100 brn|[from] brn
|upkeep
|turn|14
|
|t:|1734901549
|move|p2a: Jellicent|Recover|p2a: Jellicent
|-heal|p2a: Jellicent|100/100 tox
|move|p1a: Forretress|Earthquake|p2a: Jellicent
|-damage|p2a: Jellicent|89/100 tox
|
|-weather|RainDance|[upkeep]
|-heal|p2a: Jellicent|95/100 tox|[from] item: Leftovers
|-heal|p1a: Forretress|51/100 brn|[from] item: Leftovers
|-damage|p2a: Jellicent|58/100 tox|[from] psn
|-damage|p1a: Forretress|39/100 brn|[from] brn
|upkeep
|turn|15
|
|t:|1734901579
|move|p2a: Jellicent|Night Shade|p1a: Forretress
|-damage|p1a: Forretress|9/100 brn
|move|p1a: Forretress|Earthquake|p2a: Jellicent
|-damage|p2a: Jellicent|46/100 tox
|
|-weather|RainDance|[upkeep]
|-heal|p2a: Jellicent|52/100 tox|[from] item: Leftovers
|-heal|p1a: Forretress|15/100 brn|[from] item: Leftovers
|-damage|p2a: Jellicent|9/100 tox|[from] psn
|-damage|p1a: Forretress|3/100 brn|[from] brn
|upkeep
|turn|16
|
|t:|1734901592
|move|p2a: Jellicent|Recover|p2a: Jellicent
|-heal|p2a: Jellicent|59/100 tox
|move|p1a: Forretress|Earthquake|p2a: Jellicent
|-damage|p2a: Jellicent|46/100 tox
|
|-weather|RainDance|[upkeep]
|-heal|p2a: Jellicent|53/100 tox|[from] item: Leftovers
|-heal|p1a: Forretress|9/100 brn|[from] item: Leftovers
|-damage|p2a: Jellicent|3/100 tox|[from] psn
|-damage|p1a: Forretress|0 fnt|[from] brn
|faint|p1a: Forretress
|upkeep
|
|t:|1734901619
|switch|p1a: Blissey|Blissey, F|82/100
|-damage|p1a: Blissey|69/100|[from] Stealth Rock
|-damage|p1a: Blissey|52/100|[from] Spikes
|turn|17
|
|t:|1734901632
|move|p2a: Jellicent|Taunt|p1a: Blissey
|-start|p1a: Blissey|move: Taunt
|cant|p1a: Blissey|move: Taunt|Sunny Day
|
|-weather|RainDance|[upkeep]
|-heal|p2a: Jellicent|9/100 tox|[from] item: Leftovers
|-heal|p1a: Blissey|59/100|[from] item: Leftovers
|-damage|p2a: Jellicent|0 fnt|[from] psn
|faint|p2a: Jellicent
|upkeep
|inactive|Battle timer is ON: inactive players will automatically lose when time's up. (requested by Clawdia Chauchat)
|
|t:|1734901666
|switch|p2a: Tornadus|Tornadus, M|100/100
|-damage|p2a: Tornadus|76/100|[from] Stealth Rock
|turn|18
|
|t:|1734901671
|move|p2a: Tornadus|Hurricane|p1a: Blissey
|-damage|p1a: Blissey|39/100
|-start|p1a: Blissey|confusion
|-activate|p1a: Blissey|confusion
|move|p1a: Blissey|Seismic Toss|p2a: Tornadus
|-damage|p2a: Tornadus|42/100
|
|-weather|RainDance|[upkeep]
|-heal|p1a: Blissey|45/100|[from] item: Leftovers
|upkeep
|turn|19
|
|t:|1734901677
|switch|p2a: Starmie|Starmie|100/100
|-damage|p2a: Starmie|88/100|[from] Stealth Rock
|-damage|p2a: Starmie|63/100|[from] Spikes
|-status|p2a: Starmie|psn
|-activate|p1a: Blissey|confusion
|-damage|p1a: Blissey|44/100|[from] confusion
|
|-weather|RainDance|[upkeep]
|-heal|p1a: Blissey|50/100|[from] item: Leftovers
|-damage|p2a: Starmie|51/100 psn|[from] psn
|-end|p1a: Blissey|move: Taunt
|upkeep
|turn|20
|
|t:|1734901686
|move|p2a: Starmie|Rapid Spin|p1a: Blissey
|-damage|p1a: Blissey|47/100
|-sideend|p2: HydreigonSpammer|Spikes|[from] move: Rapid Spin|[of] p2a: Starmie
|-sideend|p2: HydreigonSpammer|Toxic Spikes|[from] move: Rapid Spin|[of] p2a: Starmie
|-sideend|p2: HydreigonSpammer|Stealth Rock|[from] move: Rapid Spin|[of] p2a: Starmie
|-activate|p1a: Blissey|confusion
|move|p1a: Blissey|Sunny Day|p1a: Blissey
|-weather|SunnyDay
|
|-weather|SunnyDay|[upkeep]
|-heal|p1a: Blissey|53/100|[from] item: Leftovers
|-damage|p2a: Starmie|39/100 psn|[from] psn
|upkeep
|turn|21
|
|t:|1734901709
|switch|p2a: Politoed|Politoed, F|100/100
|-weather|RainDance|[from] ability: Drizzle|[of] p2a: Politoed
|-activate|p1a: Blissey|confusion
|move|p1a: Blissey|Soft-Boiled|p1a: Blissey
|-heal|p1a: Blissey|100/100
|
|-weather|RainDance|[upkeep]
|upkeep
|turn|22
|
|t:|1734901719
|move|p2a: Politoed|Encore|p1a: Blissey
|-start|p1a: Blissey|Encore
|-end|p1a: Blissey|confusion
|move|p1a: Blissey|Soft-Boiled||[still]
|-fail|p1a: Blissey|heal
|
|-weather|RainDance|[upkeep]
|upkeep
|turn|23
|inactive|HydreigonSpammer has 120 seconds left.
|inactive|Clawdia Chauchat has 120 seconds left.
|
|t:|1734901753
|switch|p2a: Latios|Latios, M|100/100
|switch|p1a: Starmie|Starmie|88/100
|-damage|p1a: Starmie|76/100|[from] Stealth Rock
|-damage|p1a: Starmie|59/100|[from] Spikes
|
|-weather|RainDance|[upkeep]
|upkeep
|turn|24
|inactive|HydreigonSpammer has 120 seconds left.
|
|t:|1734901763
|move|p1a: Starmie|Rapid Spin|p2a: Latios
|-damage|p2a: Latios|97/100
|-sideend|p1: Clawdia Chauchat|Spikes|[from] move: Rapid Spin|[of] p1a: Starmie
|-sideend|p1: Clawdia Chauchat|Stealth Rock|[from] move: Rapid Spin|[of] p1a: Starmie
|move|p2a: Latios|Thunder|p1a: Starmie
|-supereffective|p1a: Starmie
|-damage|p1a: Starmie|0 fnt
|faint|p1a: Starmie
|
|-weather|RainDance|[upkeep]
|upkeep
|
|t:|1734901770
|switch|p1a: Blissey|Blissey, F|100/100
|turn|25
|
|t:|1734901780
|switch|p2a: Starmie|Starmie|39/100 psn
|move|p1a: Blissey|Stealth Rock|p2a: Starmie
|-sidestart|p2: HydreigonSpammer|move: Stealth Rock
|
|-weather|RainDance|[upkeep]
|-damage|p2a: Starmie|27/100 psn|[from] psn
|upkeep
|turn|26
|inactive|Clawdia Chauchat has 120 seconds left.
|inactive|Clawdia Chauchat has 90 seconds left.
|
|t:|1734901841
|move|p2a: Starmie|Rapid Spin|p1a: Blissey
|-damage|p1a: Blissey|98/100
|-sideend|p2: HydreigonSpammer|Stealth Rock|[from] move: Rapid Spin|[of] p2a: Starmie
|move|p1a: Blissey|Stealth Rock|p2a: Starmie
|-sidestart|p2: HydreigonSpammer|move: Stealth Rock
|
|-weather|RainDance|[upkeep]
|-heal|p1a: Blissey|100/100|[from] item: Leftovers
|-damage|p2a: Starmie|14/100 psn|[from] psn
|upkeep
|turn|27
|
|t:|1734901851
|switch|p2a: Latios|Latios, M|97/100
|-damage|p2a: Latios|85/100|[from] Stealth Rock
|switch|p1a: Tangrowth|Tangrowth, M|100/100
|
|-weather|RainDance|[upkeep]
|upkeep
|turn|28
|inactive|HydreigonSpammer has 120 seconds left.
|
|t:|1734901868
|move|p2a: Latios|Draco Meteor|p1a: Tangrowth
|-damage|p1a: Tangrowth|0 fnt
|-unboost|p2a: Latios|spa|2
|faint|p1a: Tangrowth
|
|-weather|RainDance|[upkeep]
|upkeep
|inactive|Clawdia Chauchat has 90 seconds left.
|
|t:|1734901893
|switch|p1a: Suicune|Suicune|69/100
|-ability|p1a: Suicune|Pressure
|turn|29
|
|t:|1734901905
|switch|p2a: Politoed|Politoed, F|100/100
|-damage|p2a: Politoed|88/100|[from] Stealth Rock
|move|p1a: Suicune|Substitute|p1a: Suicune
|-start|p1a: Suicune|Substitute
|-damage|p1a: Suicune|44/100
|
|-weather|RainDance|[upkeep]
|-heal|p1a: Suicune|50/100|[from] item: Leftovers
|-heal|p2a: Politoed|94/100|[from] item: Leftovers
|upkeep
|turn|30
|
|t:|1734901916
|move|p1a: Suicune|Protect|p1a: Suicune
|-singleturn|p1a: Suicune|Protect
|move|p2a: Politoed|Encore|p1a: Suicune
|-activate|p1a: Suicune|move: Protect
|
|-weather|RainDance|[upkeep]
|-heal|p1a: Suicune|57/100|[from] item: Leftovers
|-heal|p2a: Politoed|99/100|[from] item: Leftovers
|upkeep
|turn|31
|
|t:|1734901931
|move|p1a: Suicune|Calm Mind|p1a: Suicune
|-boost|p1a: Suicune|spa|1
|-boost|p1a: Suicune|spd|1
|move|p2a: Politoed|Scald|p1a: Suicune
|-resisted|p1a: Suicune
|-activate|p1a: Suicune|Substitute|[damage]
|
|-weather|RainDance|[upkeep]
|-heal|p1a: Suicune|63/100|[from] item: Leftovers
|-heal|p2a: Politoed|100/100|[from] item: Leftovers
|upkeep
|turn|32
|
|t:|1734901944
|move|p1a: Suicune|Calm Mind|p1a: Suicune
|-boost|p1a: Suicune|spa|1
|-boost|p1a: Suicune|spd|1
|move|p2a: Politoed|Scald|p1a: Suicune
|-resisted|p1a: Suicune
|-activate|p1a: Suicune|Substitute|[damage]
|
|-weather|RainDance|[upkeep]
|-heal|p1a: Suicune|69/100|[from] item: Leftovers
|upkeep
|turn|33
|
|t:|1734901947
|move|p1a: Suicune|Calm Mind|p1a: Suicune
|-boost|p1a: Suicune|spa|1
|-boost|p1a: Suicune|spd|1
|move|p2a: Politoed|Encore|p1a: Suicune
|-start|p1a: Suicune|Encore
|
|-weather|RainDance|[upkeep]
|-heal|p1a: Suicune|75/100|[from] item: Leftovers
|upkeep
|turn|34
|
|t:|1734901950
|switch|p2a: Skarmory|Skarmory, F|51/100 brn
|-damage|p2a: Skarmory|39/100 brn|[from] Stealth Rock
|move|p1a: Suicune|Calm Mind|p1a: Suicune
|-boost|p1a: Suicune|spa|1
|-boost|p1a: Suicune|spd|1
|
|-weather|RainDance|[upkeep]
|-heal|p1a: Suicune|81/100|[from] item: Leftovers
|-damage|p2a: Skarmory|27/100 brn|[from] brn
|upkeep
|turn|35
|
|t:|1734901953
|move|p1a: Suicune|Calm Mind|p1a: Suicune
|-boost|p1a: Suicune|spa|1
|-boost|p1a: Suicune|spd|1
|move|p2a: Skarmory|Whirlwind|p1a: Suicune
|drag|p1a: Blissey|Blissey, F|100/100
|
|-weather|RainDance|[upkeep]
|-damage|p2a: Skarmory|14/100 brn|[from] brn
|upkeep
|turn|36
|
|t:|1734901968
|move|p2a: Skarmory|Roost|p2a: Skarmory
|-heal|p2a: Skarmory|64/100 brn
|-singleturn|p2a: Skarmory|move: Roost
|move|p1a: Blissey|Seismic Toss|p2a: Skarmory
|-damage|p2a: Skarmory|34/100 brn
|
|-weather|RainDance|[upkeep]
|-damage|p2a: Skarmory|22/100 brn|[from] brn
|upkeep
|turn|37
|
|t:|1734901989
|switch|p1a: Jirachi|Jirachi|100/100
|move|p2a: Skarmory|Spikes|p1a: Jirachi
|-sidestart|p1: Clawdia Chauchat|Spikes
|
|-weather|RainDance|[upkeep]
|-damage|p2a: Skarmory|10/100 brn|[from] brn
|upkeep
|turn|38
|
|t:|1734902001
|move|p1a: Jirachi|Fire Punch|p2a: Skarmory
|-supereffective|p2a: Skarmory
|-damage|p2a: Skarmory|0 fnt
|faint|p2a: Skarmory
|
|-weather|RainDance|[upkeep]
|upkeep
|inactive|HydreigonSpammer has 120 seconds left.
|
|t:|1734902026
|switch|p2a: Politoed|Politoed, F|100/100
|-damage|p2a: Politoed|88/100|[from] Stealth Rock
|turn|39
|inactive|HydreigonSpammer has 90 seconds left.
|
|t:|1734902060
|move|p1a: Jirachi|Substitute|p1a: Jirachi
|-start|p1a: Jirachi|Substitute
|-damage|p1a: Jirachi|76/100
|move|p2a: Politoed|Scald|p1a: Jirachi
|-end|p1a: Jirachi|Substitute
|
|-weather|RainDance|[upkeep]
|-heal|p1a: Jirachi|82/100|[from] item: Leftovers
|-heal|p2a: Politoed|94/100|[from] item: Leftovers
|upkeep
|turn|40
|inactive|Clawdia Chauchat has 120 seconds left.
|
|t:|1734902094
|switch|p1a: Blissey|Blissey, F|100/100
|-damage|p1a: Blissey|88/100|[from] Spikes
|move|p2a: Politoed|Scald|p1a: Blissey
|-damage|p1a: Blissey|75/100
|-status|p1a: Blissey|brn
|
|-weather|RainDance|[upkeep]
|-heal|p2a: Politoed|99/100|[from] item: Leftovers
|-heal|p1a: Blissey|81/100 brn|[from] item: Leftovers
|-damage|p1a: Blissey|69/100 brn|[from] brn
|upkeep
|turn|41
|inactive|HydreigonSpammer has 90 seconds left.
|
|t:|1734902119
|switch|p2a: Latios|Latios, M|85/100
|-damage|p2a: Latios|72/100|[from] Stealth Rock
|move|p1a: Blissey|Sunny Day|p1a: Blissey
|-weather|SunnyDay
|
|-weather|SunnyDay|[upkeep]
|-heal|p1a: Blissey|75/100 brn|[from] item: Leftovers
|-damage|p1a: Blissey|62/100 brn|[from] brn
|upkeep
|turn|42
|inactive|HydreigonSpammer has 90 seconds left.
|inactive|Clawdia Chauchat has 120 seconds left.
|
|t:|1734902145
|-curestatus|p1a: Blissey|brn|[from] ability: Natural Cure
|switch|p1a: Jirachi|Jirachi|82/100
|-damage|p1a: Jirachi|69/100|[from] Spikes
|move|p2a: Latios|Trick|p1a: Jirachi
|-activate|p2a: Latios|move: Trick|[of] p1a: Jirachi
|-item|p1a: Jirachi|Choice Specs|[from] move: Trick
|-item|p2a: Latios|Leftovers|[from] move: Trick
|
|-weather|SunnyDay|[upkeep]
|-heal|p2a: Latios|78/100|[from] item: Leftovers
|upkeep
|turn|43
|
|t:|1734902167
|switch|p2a: Politoed|Politoed, F|99/100
|-damage|p2a: Politoed|88/100|[from] Stealth Rock
|-weather|RainDance|[from] ability: Drizzle|[of] p2a: Politoed
|move|p1a: Jirachi|Ice Punch|p2a: Politoed
|-resisted|p2a: Politoed
|-damage|p2a: Politoed|79/100
|
|-weather|RainDance|[upkeep]
|-heal|p2a: Politoed|85/100|[from] item: Leftovers
|upkeep
|turn|44
|inactive|Clawdia Chauchat has 120 seconds left.
|
|t:|1734902184
|move|p1a: Jirachi|Ice Punch|p2a: Politoed
|-resisted|p2a: Politoed
|-damage|p2a: Politoed|76/100
|move|p2a: Politoed|Scald|p1a: Jirachi
|-damage|p1a: Jirachi|35/100
|
|-weather|RainDance|[upkeep]
|-heal|p2a: Politoed|82/100|[from] item: Leftovers
|upkeep
|turn|45
|
|t:|1734902188
|move|p1a: Jirachi|Ice Punch|p2a: Politoed
|-resisted|p2a: Politoed
|-damage|p2a: Politoed|74/100
|-status|p2a: Politoed|frz
|-curestatus|p2a: Politoed|frz|[from] move: Scald
|move|p2a: Politoed|Scald|p1a: Jirachi
|-damage|p1a: Jirachi|0 fnt
|faint|p1a: Jirachi
|
|-weather|RainDance|[upkeep]
|-heal|p2a: Politoed|80/100|[from] item: Leftovers
|upkeep
|
|t:|1734902190
|switch|p1a: Suicune|Suicune|81/100
|-damage|p1a: Suicune|69/100|[from] Spikes
|-ability|p1a: Suicune|Pressure
|turn|46
|
|t:|1734902208
|move|p1a: Suicune|Substitute|p1a: Suicune
|-start|p1a: Suicune|Substitute
|-damage|p1a: Suicune|44/100
|move|p2a: Politoed|Encore|p1a: Suicune
|-start|p1a: Suicune|Encore
|
|-weather|RainDance|[upkeep]
|-heal|p1a: Suicune|50/100|[from] item: Leftovers
|-heal|p2a: Politoed|86/100|[from] item: Leftovers
|upkeep
|turn|47
|
|t:|1734902228
|switch|p2a: Latios|Latios, M|78/100
|-damage|p2a: Latios|66/100|[from] Stealth Rock
|move|p1a: Suicune|Substitute|p1a: Suicune
|-fail|p1a: Suicune|move: Substitute
|
|-weather|RainDance|[upkeep]
|-heal|p2a: Latios|72/100|[from] item: Leftovers
|-heal|p1a: Suicune|56/100|[from] item: Leftovers
|upkeep
|turn|48
|
|t:|1734902244
|move|p2a: Latios|Thunder|p1a: Suicune
|-supereffective|p1a: Suicune
|-end|p1a: Suicune|Substitute
|move|p1a: Suicune|Substitute|p1a: Suicune
|-start|p1a: Suicune|Substitute
|-damage|p1a: Suicune|31/100
|
|-weather|RainDance|[upkeep]
|-heal|p2a: Latios|78/100|[from] item: Leftovers
|-heal|p1a: Suicune|38/100|[from] item: Leftovers
|upkeep
|turn|49
|
|t:|1734902251
|move|p2a: Latios|Thunder|p1a: Suicune
|-supereffective|p1a: Suicune
|-end|p1a: Suicune|Substitute
|move|p1a: Suicune|Substitute|p1a: Suicune
|-start|p1a: Suicune|Substitute
|-damage|p1a: Suicune|13/100
|
|-weather|RainDance|[upkeep]
|-heal|p2a: Latios|84/100|[from] item: Leftovers
|-heal|p1a: Suicune|19/100|[from] item: Leftovers
|-end|p1a: Suicune|Encore
|upkeep
|turn|50
|
|t:|1734902278
|move|p1a: Suicune|Protect|p1a: Suicune
|-singleturn|p1a: Suicune|Protect
|move|p2a: Latios|Thunder|p1a: Suicune
|-activate|p1a: Suicune|move: Protect
|
|-weather|RainDance|[upkeep]
|-heal|p2a: Latios|90/100|[from] item: Leftovers
|-heal|p1a: Suicune|25/100|[from] item: Leftovers
|upkeep
|turn|51
|
|t:|1734902281
|move|p2a: Latios|Thunder|p1a: Suicune
|-supereffective|p1a: Suicune
|-end|p1a: Suicune|Substitute
|move|p1a: Suicune|Scald|p2a: Latios
|-resisted|p2a: Latios
|-damage|p2a: Latios|70/100
|
|-weather|RainDance|[upkeep]
|-heal|p2a: Latios|76/100|[from] item: Leftovers
|-heal|p1a: Suicune|31/100|[from] item: Leftovers
|upkeep
|turn|52
|
|t:|1734902292
|move|p1a: Suicune|Protect|p1a: Suicune
|-singleturn|p1a: Suicune|Protect
|move|p2a: Latios|Thunder|p1a: Suicune
|-activate|p1a: Suicune|move: Protect
|
|-weather|RainDance|[upkeep]
|-heal|p2a: Latios|82/100|[from] item: Leftovers
|-heal|p1a: Suicune|37/100|[from] item: Leftovers
|upkeep
|turn|53
|inactive|Clawdia Chauchat has 120 seconds left.
|
|t:|1734902327
|move|p2a: Latios|Thunder|p1a: Suicune
|-supereffective|p1a: Suicune
|-damage|p1a: Suicune|0 fnt
|faint|p1a: Suicune
|
|-weather|RainDance|[upkeep]
|-heal|p2a: Latios|88/100|[from] item: Leftovers
|upkeep
|
|t:|1734902330
|switch|p1a: Blissey|Blissey, F|62/100
|-damage|p1a: Blissey|50/100|[from] Spikes
|turn|54
|inactive|HydreigonSpammer has 120 seconds left.
|
|t:|1734902356
|move|p2a: Latios|Thunder|p1a: Blissey
|-damage|p1a: Blissey|35/100
|-status|p1a: Blissey|par
|move|p1a: Blissey|Soft-Boiled|p1a: Blissey
|-heal|p1a: Blissey|85/100 par
|
|-weather|RainDance|[upkeep]
|-heal|p2a: Latios|94/100|[from] item: Leftovers
|-heal|p1a: Blissey|92/100 par|[from] item: Leftovers
|upkeep
|turn|55
|inactive|HydreigonSpammer has 90 seconds left.
|
|t:|1734902381
|move|p2a: Latios|Thunder|p1a: Blissey
|-damage|p1a: Blissey|77/100 par
|move|p1a: Blissey|Seismic Toss|p2a: Latios
|-damage|p2a: Latios|61/100
|
|-weather|RainDance|[upkeep]
|-heal|p2a: Latios|67/100|[from] item: Leftovers
|-heal|p1a: Blissey|83/100 par|[from] item: Leftovers
|upkeep
|turn|56
|inactive|Clawdia Chauchat has 120 seconds left.
|
|t:|1734902425
|move|p2a: Latios|Surf|p1a: Blissey
|-damage|p1a: Blissey|67/100 par
|move|p1a: Blissey|Seismic Toss|p2a: Latios
|-damage|p2a: Latios|33/100
|
|-weather|RainDance|[upkeep]
|-heal|p2a: Latios|39/100|[from] item: Leftovers
|-heal|p1a: Blissey|73/100 par|[from] item: Leftovers
|upkeep
|turn|57
|inactive|HydreigonSpammer has 90 seconds left.
|
|t:|1734902451
|move|p2a: Latios|Surf|p1a: Blissey
|-damage|p1a: Blissey|57/100 par
|move|p1a: Blissey|Seismic Toss|p2a: Latios
|-damage|p2a: Latios|6/100
|
|-weather|RainDance|[upkeep]
|-heal|p2a: Latios|12/100|[from] item: Leftovers
|-heal|p1a: Blissey|63/100 par|[from] item: Leftovers
|upkeep
|turn|58
|
|t:|1734902457
|move|p2a: Latios|Draco Meteor|p1a: Blissey
|-damage|p1a: Blissey|40/100 par
|-unboost|p2a: Latios|spa|2
|cant|p1a: Blissey|par
|
|-weather|RainDance|[upkeep]
|-heal|p2a: Latios|18/100|[from] item: Leftovers
|-heal|p1a: Blissey|46/100 par|[from] item: Leftovers
|upkeep
|turn|59
|inactive|HydreigonSpammer has 90 seconds left.
|
|t:|1734902474
|move|p2a: Latios|Draco Meteor|p1a: Blissey
|-damage|p1a: Blissey|32/100 par
|-unboost|p2a: Latios|spa|2
|move|p1a: Blissey|Soft-Boiled|p1a: Blissey
|-heal|p1a: Blissey|82/100 par
|
|-weather|RainDance|[upkeep]
|-heal|p2a: Latios|24/100|[from] item: Leftovers
|-heal|p1a: Blissey|89/100 par|[from] item: Leftovers
|upkeep
|turn|60
|inactive|Clawdia Chauchat has 120 seconds left.
|inactive|Clawdia Chauchat has 90 seconds left.
|l|☆Clawdia Chauchat
|inactive|Clawdia Chauchat disconnected and has a minute to reconnect!
|player|p1|
|inactive|Clawdia Chauchat has 30 seconds to reconnect!
|inactive|Clawdia Chauchat has 20 seconds to reconnect!
|inactive|Clawdia Chauchat has 15 seconds to reconnect!
|inactive|Clawdia Chauchat has 10 seconds to reconnect!
|inactive|Clawdia Chauchat has 5 seconds to reconnect!
|-message|Clawdia Chauchat lost due to inactivity.
|
|win|HydreigonSpammer
|inactive|Clawdia Chauchat has 25 seconds left this turn.
|raw|Clawdia Chauchat's rating: 1414 &rarr; <strong>1397</strong><br />(-17 for losing)
|raw|HydreigonSpammer's rating: 1461 &rarr; <strong>1478</strong><br />(+17 for winning)
