|j|☆133fcsq
|j|☆Eivoor
|t:|1739869430
|gametype|singles
|player|p1|133fcsq|102|1454
|player|p2|Eivoor|blue|1335
|teamsize|p1|6
|teamsize|p2|6
|gen|5
|tier|[Gen 5] OU
|rated|
|rule|Species Clause: Limit one of each Pokémon
|rule|OHKO Clause: OHKO moves are banned
|rule|Moody Clause: Moody is banned
|rule|Evasion Items Clause: Evasion items are banned
|rule|Evasion Moves Clause: Evasion moves are banned
|rule|Endless Battle Clause: Forcing endless battles is banned
|rule|HP Percentage Mod: HP is shown in percentages
|rule|Evasion Abilities Clause: Evasion abilities are banned
|rule|Sleep Moves Clause: Sleep-inducing moves are banned
|rule|Swagger Clause: Swagger is banned
|rule|Baton Pass Stat Clause: No Baton Passer may have a way to boost its stats
|clearpoke
|poke|p1|Politoed, F|item
|poke|p1|Keldeo|item
|poke|p1|Latios, M|item
|poke|p1|Starmie|item
|poke|p1|Thundurus-Therian, M|item
|poke|p1|Jirachi|item
|poke|p2|Jirachi|item
|poke|p2|Togekiss, F|item
|poke|p2|Starmie|item
|poke|p2|Mamoswine, F|item
|poke|p2|Dragonite, M|item
|poke|p2|Volcarona, F|item
|teampreview
|
|t:|1739869467
|start
|switch|p1a: Politoed|Politoed, F|100/100
|switch|p2a: Togekiss|Togekiss, F|100/100
|-weather|RainDance|[from] ability: Drizzle|[of] p1a: Politoed
|turn|1
|
|t:|1739869472
|move|p2a: Togekiss|Thunder Wave|p1a: Politoed
|-status|p1a: Politoed|par
|cant|p1a: Politoed|par
|
|-weather|RainDance|[upkeep]
|upkeep
|turn|2
|
|t:|1739869479
|move|p2a: Togekiss|Nasty Plot|p2a: Togekiss
|-boost|p2a: Togekiss|spa|2
|move|p1a: Politoed|Refresh|p1a: Politoed
|-curestatus|p1a: Politoed|par|[msg]
|
|-weather|RainDance|[upkeep]
|upkeep
|turn|3
|
|t:|1739869481
|move|p2a: Togekiss|Air Slash|p1a: Politoed
|-damage|p1a: Politoed|25/100
|cant|p1a: Politoed|flinch
|
|-weather|RainDance|[upkeep]
|-heal|p1a: Politoed|31/100|[from] item: Leftovers
|upkeep
|turn|4
|
|t:|1739869486
|switch|p1a: Thundurus|Thundurus-Therian, M|100/100
|move|p2a: Togekiss|Air Slash|p1a: Thundurus
|-resisted|p1a: Thundurus
|-damage|p1a: Thundurus|52/100
|
|-weather|RainDance|[upkeep]
|-heal|p1a: Thundurus|58/100|[from] item: Leftovers
|upkeep
|turn|5
|
|t:|1739869491
|switch|p2a: Mamoswine|Mamoswine, F|100/100
|move|p1a: Thundurus|Thunder|p2a: Mamoswine
|-immune|p2a: Mamoswine
|
|-weather|RainDance|[upkeep]
|-heal|p1a: Thundurus|64/100|[from] item: Leftovers
|upkeep
|turn|6
|
|t:|1739869497
|switch|p1a: Starmie|Starmie|100/100
|-item|p1a: Starmie|Air Balloon
|move|p2a: Mamoswine|Ice Shard|p1a: Starmie
|-resisted|p1a: Starmie
|-damage|p1a: Starmie|81/100
|-enditem|p1a: Starmie|Air Balloon
|
|-weather|RainDance|[upkeep]
|upkeep
|turn|7
|
|t:|1739869506
|switch|p2a: Starmie|Starmie|100/100
|-item|p2a: Starmie|Air Balloon
|move|p1a: Starmie|Hydro Pump|p2a: Starmie
|-resisted|p2a: Starmie
|-damage|p2a: Starmie|22/100
|-enditem|p2a: Starmie|Air Balloon
|
|-weather|RainDance|[upkeep]
|upkeep
|turn|8
|
|t:|1739869509
|move|p1a: Starmie|Thunderbolt|p2a: Starmie
|-supereffective|p2a: Starmie
|-damage|p2a: Starmie|0 fnt
|faint|p2a: Starmie
|
|-weather|RainDance|[upkeep]
|upkeep
|
|t:|1739869516
|switch|p2a: Dragonite|Dragonite, M|100/100
|turn|9
|
|t:|1739869520
|switch|p1a: Politoed|Politoed, F|31/100
|move|p2a: Dragonite|Dragon Dance|p2a: Dragonite
|-boost|p2a: Dragonite|atk|1
|-boost|p2a: Dragonite|spe|1
|
|-weather|RainDance|[upkeep]
|-heal|p1a: Politoed|38/100|[from] item: Leftovers
|upkeep
|turn|10
|
|t:|1739869524
|move|p2a: Dragonite|Extreme Speed|p1a: Politoed
|-damage|p1a: Politoed|5/100
|move|p1a: Politoed|Encore|p2a: Dragonite
|-start|p2a: Dragonite|Encore
|
|-weather|RainDance|[upkeep]
|-heal|p1a: Politoed|11/100|[from] item: Leftovers
|upkeep
|turn|11
|
|t:|1739869529
|switch|p1a: Jirachi|Jirachi|100/100
|move|p2a: Dragonite|Extreme Speed|p1a: Jirachi
|-resisted|p1a: Jirachi
|-crit|p1a: Jirachi
|-damage|p1a: Jirachi|63/100
|
|-weather|RainDance|[upkeep]
|-heal|p1a: Jirachi|69/100|[from] item: Leftovers
|upkeep
|turn|12
|
|t:|1739869532
|switch|p2a: Mamoswine|Mamoswine, F|100/100
|move|p1a: Jirachi|Stealth Rock|p2a: Mamoswine
|-sidestart|p2: Eivoor|move: Stealth Rock
|
|-weather|RainDance|[upkeep]
|-heal|p1a: Jirachi|75/100|[from] item: Leftovers
|upkeep
|turn|13
|
|t:|1739869537
|move|p2a: Mamoswine|Icicle Crash|p1a: Jirachi
|-resisted|p1a: Jirachi
|-damage|p1a: Jirachi|55/100
|move|p1a: Jirachi|U-turn|p2a: Mamoswine
|-damage|p2a: Mamoswine|82/100
|
|t:|1739869543
|switch|p1a: Keldeo|Keldeo|100/100|[from] U-turn
|
|-weather|RainDance|[upkeep]
|upkeep
|turn|14
|
|t:|1739869549
|switch|p2a: Jirachi|Jirachi|100/100
|-damage|p2a: Jirachi|94/100|[from] Stealth Rock
|move|p1a: Keldeo|Surf|p2a: Jirachi
|-damage|p2a: Jirachi|6/100
|
|-weather|RainDance|[upkeep]
|-heal|p2a: Jirachi|12/100|[from] item: Leftovers
|upkeep
|turn|15
|
|t:|1739869553
|move|p1a: Keldeo|Surf|p2a: Jirachi
|-damage|p2a: Jirachi|0 fnt
|faint|p2a: Jirachi
|
|-weather|RainDance|[upkeep]
|upkeep
|
|t:|1739869558
|switch|p2a: Togekiss|Togekiss, F|100/100
|-damage|p2a: Togekiss|76/100|[from] Stealth Rock
|turn|16
|
|t:|1739869561
|move|p1a: Keldeo|Surf|p2a: Togekiss
|-damage|p2a: Togekiss|0 fnt
|faint|p2a: Togekiss
|
|-weather|RainDance|[upkeep]
|upkeep
|
|t:|1739869564
|switch|p2a: Dragonite|Dragonite, M|100/100
|-damage|p2a: Dragonite|76/100|[from] Stealth Rock
|turn|17
|
|t:|1739869568
|switch|p1a: Politoed|Politoed, F|11/100
|move|p2a: Dragonite|Dragon Dance|p2a: Dragonite
|-boost|p2a: Dragonite|atk|1
|-boost|p2a: Dragonite|spe|1
|
|-weather|RainDance|[upkeep]
|-heal|p1a: Politoed|17/100|[from] item: Leftovers
|upkeep
|turn|18
|
|t:|1739869572
|move|p2a: Dragonite|Extreme Speed|p1a: Politoed
|-damage|p1a: Politoed|0 fnt
|faint|p1a: Politoed
|
|-weather|RainDance|[upkeep]
|upkeep
|
|t:|1739869581
|switch|p1a: Latios|Latios, M|100/100
|turn|19
|
|t:|1739869584
|move|p1a: Latios|Dragon Pulse|p2a: Dragonite
|-supereffective|p2a: Dragonite
|-damage|p2a: Dragonite|0 fnt
|faint|p2a: Dragonite
|
|-weather|RainDance|[upkeep]
|upkeep
|
|t:|1739869604
|switch|p2a: Volcarona|Volcarona, F|100/100
|-damage|p2a: Volcarona|51/100|[from] Stealth Rock
|turn|20
|
|t:|1739869608
|move|p1a: Latios|Dragon Pulse|p2a: Volcarona
|-damage|p2a: Volcarona|1/100
|move|p2a: Volcarona|Quiver Dance|p2a: Volcarona
|-boost|p2a: Volcarona|spa|1
|-boost|p2a: Volcarona|spd|1
|-boost|p2a: Volcarona|spe|1
|
|-weather|RainDance|[upkeep]
|upkeep
|turn|21
|
|t:|1739869612
|move|p1a: Latios|Dragon Pulse|p2a: Volcarona
|-damage|p2a: Volcarona|0 fnt
|faint|p2a: Volcarona
|
|-weather|RainDance|[upkeep]
|upkeep
|
|t:|1739869614
|switch|p2a: Mamoswine|Mamoswine, F|82/100
|-damage|p2a: Mamoswine|69/100|[from] Stealth Rock
|turn|22
|
|t:|1739869617
|move|p2a: Mamoswine|Ice Shard|p1a: Latios
|-supereffective|p1a: Latios
|-damage|p1a: Latios|28/100
|move|p1a: Latios|Dragon Pulse|p2a: Mamoswine
|-damage|p2a: Mamoswine|1/100
|
|-weather|RainDance|[upkeep]
|upkeep
|turn|23
|
|t:|1739869620
|move|p2a: Mamoswine|Ice Shard|p1a: Latios
|-supereffective|p1a: Latios
|-damage|p1a: Latios|0 fnt
|faint|p1a: Latios
|
|-weather|RainDance|[upkeep]
|upkeep
|
|t:|1739869622
|switch|p1a: Keldeo|Keldeo|100/100
|turn|24
|
|t:|1739869626
|move|p2a: Mamoswine|Ice Shard|p1a: Keldeo
|-resisted|p1a: Keldeo
|-damage|p1a: Keldeo|85/100
|move|p1a: Keldeo|Surf|p2a: Mamoswine
|-supereffective|p2a: Mamoswine
|-damage|p2a: Mamoswine|0 fnt
|faint|p2a: Mamoswine
|
|win|133fcsq
|raw|133fcsq's rating: 1454 &rarr; <strong>1467</strong><br />(+13 for winning)
|raw|Eivoor's rating: 1335 &rarr; <strong>1322</strong><br />(-13 for losing)
