|j|☆Meatymisc
|j|☆SattleBimulator
|t:|1741880846
|gametype|singles
|player|p1|Meatymisc|101|1456
|player|p2|SattleBimulator|266|1379
|teamsize|p1|6
|teamsize|p2|6
|gen|5
|tier|[Gen 5] OU
|rated|
|rule|Species Clause: Limit one of each Pokémon
|rule|OHKO Clause: OHKO moves are banned
|rule|Moody Clause: Moody is banned
|rule|Evasion Items Clause: Evasion items are banned
|rule|Evasion Moves Clause: Evasion moves are banned
|rule|Endless Battle Clause: Forcing endless battles is banned
|rule|HP Percentage Mod: HP is shown in percentages
|rule|Evasion Abilities Clause: Evasion abilities are banned
|rule|Sleep Moves Clause: Sleep-inducing moves are banned
|rule|Swagger Clause: Swagger is banned
|rule|Baton Pass Stat Clause: No Baton Passer may have a way to boost its stats
|clearpoke
|poke|p1|Politoed, F|item
|poke|p1|Ferrothorn, F|item
|poke|p1|Thundurus-Therian, M|item
|poke|p1|Latias, F|item
|poke|p1|Starmie|item
|poke|p1|Jirachi|item
|poke|p2|Excadrill, M|item
|poke|p2|Garchomp, M|item
|poke|p2|Tyranitar, M|item
|poke|p2|Scizor, M|item
|poke|p2|Skarmory, M|item
|poke|p2|Gengar, F|item
|teampreview
|inactive|Battle timer is ON: inactive players will automatically lose when time's up. (requested by SattleBimulator)
|
|t:|1741880862
|start
|switch|p1a: Politoed|Politoed, F, shiny|100/100
|switch|p2a: Tyranitar|Tyranitar, M|100/100
|-weather|RainDance|[from] ability: Drizzle|[of] p1a: Politoed
|-weather|Sandstorm|[from] ability: Sand Stream|[of] p2a: Tyranitar
|turn|1
|
|t:|1741880874
|move|p1a: Politoed|Scald|p2a: Tyranitar
|-supereffective|p2a: Tyranitar
|-damage|p2a: Tyranitar|74/100
|-status|p2a: Tyranitar|brn
|move|p2a: Tyranitar|Thunder Wave|p1a: Politoed
|-status|p1a: Politoed|par
|
|-weather|Sandstorm|[upkeep]
|-damage|p1a: Politoed|94/100 par|[from] Sandstorm
|-heal|p1a: Politoed|100/100 par|[from] item: Leftovers
|-damage|p2a: Tyranitar|61/100 brn|[from] brn
|upkeep
|turn|2
|
|t:|1741880882
|switch|p2a: Skarmory|Skarmory, M|100/100
|switch|p1a: Ferrothorn|Ferrothorn, F|100/100
|
|-weather|Sandstorm|[upkeep]
|upkeep
|turn|3
|
|t:|1741880886
|move|p2a: Skarmory|Stealth Rock|p1a: Ferrothorn
|-sidestart|p1: Meatymisc|move: Stealth Rock
|move|p1a: Ferrothorn|Stealth Rock|p2a: Skarmory
|-sidestart|p2: SattleBimulator|move: Stealth Rock
|
|-weather|Sandstorm|[upkeep]
|upkeep
|turn|4
|
|t:|1741880888
|switch|p1a: Thundurus|Thundurus-Therian, M|100/100
|-damage|p1a: Thundurus|76/100|[from] Stealth Rock
|move|p2a: Skarmory|Spikes|p1a: Thundurus
|-sidestart|p1: Meatymisc|Spikes
|
|-weather|Sandstorm|[upkeep]
|-damage|p1a: Thundurus|69/100|[from] Sandstorm
|-heal|p1a: Thundurus|76/100|[from] item: Leftovers
|upkeep
|turn|5
|
|t:|1741880894
|move|p1a: Thundurus|Hidden Power|p2a: Skarmory
|-damage|p2a: Skarmory|67/100
|move|p2a: Skarmory|Whirlwind|p1a: Thundurus
|drag|p1a: Politoed|Politoed, F, shiny|100/100 par
|-damage|p1a: Politoed|88/100 par|[from] Stealth Rock
|-damage|p1a: Politoed|75/100 par|[from] Spikes
|-weather|RainDance|[from] ability: Drizzle|[of] p1a: Politoed
|
|-weather|RainDance|[upkeep]
|-heal|p1a: Politoed|82/100 par|[from] item: Leftovers
|upkeep
|turn|6
|
|t:|1741880900
|move|p2a: Skarmory|Spikes|p1a: Politoed
|-sidestart|p1: Meatymisc|Spikes
|move|p1a: Politoed|Scald|p2a: Skarmory
|-damage|p2a: Skarmory|17/100
|
|-weather|RainDance|[upkeep]
|-heal|p1a: Politoed|88/100 par|[from] item: Leftovers
|upkeep
|turn|7
|
|t:|1741880903
|move|p2a: Skarmory|Spikes|p1a: Politoed
|-sidestart|p1: Meatymisc|Spikes
|cant|p1a: Politoed|par
|
|-weather|RainDance|[upkeep]
|-heal|p1a: Politoed|94/100 par|[from] item: Leftovers
|upkeep
|turn|8
|
|t:|1741880906
|move|p2a: Skarmory|Brave Bird|p1a: Politoed
|-damage|p1a: Politoed|66/100 par
|-damage|p2a: Skarmory|6/100|[from] Recoil
|move|p1a: Politoed|Scald|p2a: Skarmory
|-damage|p2a: Skarmory|0 fnt
|faint|p2a: Skarmory
|
|-weather|RainDance|[upkeep]
|-heal|p1a: Politoed|72/100 par|[from] item: Leftovers
|upkeep
|
|t:|1741880910
|switch|p2a: Tyranitar|Tyranitar, M|61/100 brn
|-damage|p2a: Tyranitar|49/100 brn|[from] Stealth Rock
|-weather|Sandstorm|[from] ability: Sand Stream|[of] p2a: Tyranitar
|turn|9
|
|t:|1741880918
|switch|p1a: Jirachi|Jirachi|100/100
|-damage|p1a: Jirachi|94/100|[from] Stealth Rock
|-damage|p1a: Jirachi|69/100|[from] Spikes
|move|p2a: Tyranitar|Rock Slide|p1a: Jirachi
|-resisted|p1a: Jirachi
|-damage|p1a: Jirachi|59/100
|
|-weather|Sandstorm|[upkeep]
|-damage|p2a: Tyranitar|37/100 brn|[from] brn
|upkeep
|turn|10
|
|t:|1741880923
|move|p1a: Jirachi|U-turn|p2a: Tyranitar
|-supereffective|p2a: Tyranitar
|-damage|p2a: Tyranitar|4/100 brn
|
|t:|1741880926
|switch|p1a: Politoed|Politoed, F, shiny|72/100 par|[from] U-turn
|-damage|p1a: Politoed|60/100 par|[from] Stealth Rock
|-damage|p1a: Politoed|35/100 par|[from] Spikes
|-weather|RainDance|[from] ability: Drizzle|[of] p1a: Politoed
|move|p2a: Tyranitar|Rock Slide|p1a: Politoed
|-damage|p1a: Politoed|17/100 par
|
|-weather|RainDance|[upkeep]
|-heal|p1a: Politoed|24/100 par|[from] item: Leftovers
|-damage|p2a: Tyranitar|0 fnt|[from] brn
|faint|p2a: Tyranitar
|upkeep
|
|t:|1741880945
|switch|p2a: Excadrill|Excadrill, M|100/100
|-damage|p2a: Excadrill|97/100|[from] Stealth Rock
|-ability|p2a: Excadrill|Mold Breaker
|-item|p2a: Excadrill|Air Balloon
|turn|11
|
|t:|1741880949
|move|p2a: Excadrill|Earthquake|p1a: Politoed
|-damage|p1a: Politoed|0 fnt
|faint|p1a: Politoed
|
|-weather|RainDance|[upkeep]
|upkeep
|
|t:|1741880957
|switch|p1a: Starmie|Starmie|100/100
|-damage|p1a: Starmie|88/100|[from] Stealth Rock
|-item|p1a: Starmie|Air Balloon
|turn|12
|
|t:|1741880960
|switch|p2a: Gengar|Gengar, F|100/100
|-damage|p2a: Gengar|88/100|[from] Stealth Rock
|move|p1a: Starmie|Hydro Pump|p2a: Gengar
|-damage|p2a: Gengar|0 fnt
|faint|p2a: Gengar
|
|-weather|RainDance|[upkeep]
|upkeep
|
|t:|1741880962
|switch|p2a: Garchomp|Garchomp, M|100/100
|-damage|p2a: Garchomp|94/100|[from] Stealth Rock
|turn|13
|
|t:|1741880970
|move|p2a: Garchomp|Outrage|p1a: Starmie
|-damage|p1a: Starmie|0 fnt
|-enditem|p1a: Starmie|Air Balloon
|faint|p1a: Starmie
|
|-weather|RainDance|[upkeep]
|upkeep
|
|t:|1741880996
|switch|p1a: Ferrothorn|Ferrothorn, F|100/100
|-damage|p1a: Ferrothorn|94/100|[from] Stealth Rock
|-damage|p1a: Ferrothorn|69/100|[from] Spikes
|turn|14
|
|t:|1741881002
|move|p2a: Garchomp|Outrage|p1a: Ferrothorn|[from] lockedmove
|-resisted|p1a: Ferrothorn
|-damage|p1a: Ferrothorn|49/100
|-damage|p2a: Garchomp|82/100|[from] ability: Iron Barbs|[of] p1a: Ferrothorn
|-start|p2a: Garchomp|confusion|[fatigue]
|move|p1a: Ferrothorn|Gyro Ball|p2a: Garchomp
|-damage|p2a: Garchomp|21/100
|-damage|p1a: Ferrothorn|36/100|[from] ability: Rough Skin|[of] p2a: Garchomp
|
|-weather|RainDance|[upkeep]
|-heal|p1a: Ferrothorn|43/100|[from] item: Leftovers
|upkeep
|turn|15
|
|t:|1741881011
|switch|p2a: Excadrill|Excadrill, M|97/100
|-damage|p2a: Excadrill|94/100|[from] Stealth Rock
|-ability|p2a: Excadrill|Mold Breaker
|-item|p2a: Excadrill|Air Balloon
|move|p1a: Ferrothorn|Power Whip|p2a: Excadrill
|-damage|p2a: Excadrill|27/100
|-enditem|p2a: Excadrill|Air Balloon
|
|-weather|RainDance|[upkeep]
|-heal|p1a: Ferrothorn|49/100|[from] item: Leftovers
|upkeep
|turn|16
|
|t:|1741881020
|switch|p1a: Latias|Latias, F, shiny|100/100
|-damage|p1a: Latias|88/100|[from] Stealth Rock
|move|p2a: Excadrill|Earthquake|p1a: Latias
|-damage|p1a: Latias|26/100
|
|-weather|RainDance|[upkeep]
|upkeep
|turn|17
|inactive|Meatymisc has 120 seconds left.
|
|t:|1741881052
|move|p1a: Latias|Surf|p2a: Excadrill
|-supereffective|p2a: Excadrill
|-damage|p2a: Excadrill|0 fnt
|faint|p2a: Excadrill
|
|-weather|RainDance|[upkeep]
|upkeep
|
|t:|1741881055
|switch|p2a: Scizor|Scizor, M|100/100
|-damage|p2a: Scizor|88/100|[from] Stealth Rock
|turn|18
|
|t:|1741881057
|move|p2a: Scizor|Bullet Punch|p1a: Latias
|-damage|p1a: Latias|0 fnt
|faint|p1a: Latias
|-damage|p2a: Scizor|78/100|[from] item: Life Orb
|
|-weather|RainDance|[upkeep]
|upkeep
|
|t:|1741881065
|switch|p1a: Thundurus|Thundurus-Therian, M|76/100
|-damage|p1a: Thundurus|51/100|[from] Stealth Rock
|turn|19
|
|t:|1741881081
|move|p2a: Scizor|Bullet Punch|p1a: Thundurus
|-resisted|p1a: Thundurus
|-damage|p1a: Thundurus|18/100
|-damage|p2a: Scizor|68/100|[from] item: Life Orb
|move|p1a: Thundurus|Thunder|p2a: Scizor
|-damage|p2a: Scizor|0 fnt
|faint|p2a: Scizor
|
|-weather|RainDance|[upkeep]
|-heal|p1a: Thundurus|24/100|[from] item: Leftovers
|upkeep
|
|t:|1741881083
|switch|p2a: Garchomp|Garchomp, M|21/100
|-damage|p2a: Garchomp|15/100|[from] Stealth Rock
|turn|20
|
|t:|1741881089
|move|p2a: Garchomp|Outrage|p1a: Thundurus
|-damage|p1a: Thundurus|0 fnt
|faint|p1a: Thundurus
|
|-weather|RainDance|[upkeep]
|upkeep
|
|t:|1741881091
|switch|p1a: Ferrothorn|Ferrothorn, F|49/100
|-damage|p1a: Ferrothorn|43/100|[from] Stealth Rock
|-damage|p1a: Ferrothorn|18/100|[from] Spikes
|turn|21
|
|t:|1741881094
|move|p2a: Garchomp|Outrage|p1a: Ferrothorn|[from] lockedmove
|-resisted|p1a: Ferrothorn
|-damage|p1a: Ferrothorn|0 fnt
|-damage|p2a: Garchomp|2/100|[from] ability: Iron Barbs|[of] p1a: Ferrothorn
|faint|p1a: Ferrothorn
|-start|p2a: Garchomp|confusion|[fatigue]
|
|-weather|RainDance|[upkeep]
|upkeep
|
|t:|1741881096
|switch|p1a: Jirachi|Jirachi|59/100
|-damage|p1a: Jirachi|53/100|[from] Stealth Rock
|-damage|p1a: Jirachi|28/100|[from] Spikes
|turn|22
|
|t:|1741881098
|-activate|p2a: Garchomp|confusion
|move|p2a: Garchomp|Outrage|p1a: Jirachi
|-resisted|p1a: Jirachi
|-damage|p1a: Jirachi|0 fnt
|faint|p1a: Jirachi
|
|win|SattleBimulator
|raw|Meatymisc's rating: 1456 &rarr; <strong>1432</strong><br />(-24 for losing)
|raw|SattleBimulator's rating: 1379 &rarr; <strong>1403</strong><br />(+24 for winning)
