|join|Pythagorean Python
|join|dtw
|player|p1|Pythagorean Python|15
|player|p2|dtw|2
|gametype|singles
|gen|5
|tier|[Gen 5] OU
|rated
|rule|Evasion Abilities Clause: Evasion abilities are banned
|clearpoke
|poke|p1|Skarmory, M
|poke|p1|Blissey, F
|poke|p1|Hippowdon, F
|poke|p1|Alakazam, M
|poke|p1|Terrakion
|poke|p1|Starmie
|poke|p2|Breloom, F
|poke|p2|Infernape, F
|poke|p2|Scrafty, M
|poke|p2|Conkeldurr, M
|poke|p2|Keldeo
|poke|p2|Lucario, M
|rule|Sleep Clause Mod: Limit one foe put to sleep
|rule|Species Clause: Limit one of each Pokemon
|rule|OHKO Clause: OHKO moves are banned
|rule|Moody Clause: Moody is banned
|rule|Evasion Moves Clause: Evasion moves are banned
|rule|Endless Battle Clause: Forcing endless battles is banned.
|rule|HP Percentage Mod: HP is reported as percentages
|teampreview
|
|start
|switch|p1a: Hippowdon|Hippowdon, F|420/420
|switch|p2a: Infernape|Infernape, F|294/294
|-weather|Sandstorm|[from] ability: Sand Stream|[of] p1a: Hippowdon
|turn|1
|
|move|p2a: Infernape|Taunt|p1a: Hippowdon
|-start|p1a: Hippowdon|move: Taunt
|cant|p1a: Hippowdon|move: Taunt|Stealth Rock
|
|-weather|Sandstorm|[upkeep]
|-damage|p2a: Infernape|276/294|[from] sandstorm
|turn|2
|
|move|p2a: Infernape|Stealth Rock|p1a: Hippowdon
|-sidestart|p1: Pythagorean Python|move: Stealth Rock
|move|p1a: Hippowdon|Earthquake|p2a: Infernape
|-supereffective|p2a: Infernape
|-damage|p2a: Infernape|0 fnt
|faint|p2a: Infernape
|
|-weather|Sandstorm|[upkeep]
|
|switch|p2a: Breloom|Breloom, F|261/261
|turn|3
|
|switch|p1a: Blissey|Blissey, F|714/714
|-damage|p1a: Blissey|625/714|[from] Stealth Rock
|move|p2a: Breloom|Bullet Seed|p1a: Blissey
|-damage|p1a: Blissey|492/714
|-damage|p1a: Blissey|365/714
|-damage|p1a: Blissey|236/714
|-hitcount|p1a: Blissey|3
|
|-weather|Sandstorm|[upkeep]
|-damage|p2a: Breloom|245/261|[from] sandstorm
|-damage|p1a: Blissey|192/714|[from] sandstorm
|-heal|p1a: Blissey|236/714|[from] item: Leftovers
|turn|4
|
|move|p2a: Breloom|Spore|p1a: Blissey
|-status|p1a: Blissey|slp
|cant|p1a: Blissey|slp
|
|-weather|Sandstorm|[upkeep]
|-damage|p2a: Breloom|229/261|[from] sandstorm
|-damage|p1a: Blissey|192/714 slp|[from] sandstorm
|-heal|p1a: Blissey|236/714 slp|[from] item: Leftovers
|turn|5
|
|move|p2a: Breloom|Spore|p1a: Blissey
|-fail|p1a: Blissey|slp
|cant|p1a: Blissey|slp
|
|-weather|Sandstorm|[upkeep]
|-damage|p2a: Breloom|213/261|[from] sandstorm
|-damage|p1a: Blissey|192/714 slp|[from] sandstorm
|-heal|p1a: Blissey|236/714 slp|[from] item: Leftovers
|turn|6
|
|move|p2a: Breloom|Mach Punch|p1a: Blissey
|-supereffective|p1a: Blissey
|-damage|p1a: Blissey|0 fnt
|faint|p1a: Blissey
|
|-weather|Sandstorm|[upkeep]
|-damage|p2a: Breloom|197/261|[from] sandstorm
|
|switch|p1a: Starmie|Starmie|261/261
|-damage|p1a: Starmie|229/261|[from] Stealth Rock
|turn|7
|
|move|p1a: Starmie|Ice Beam|p2a: Breloom
|-supereffective|p2a: Breloom
|-damage|p2a: Breloom|0 fnt
|faint|p2a: Breloom
|
|-weather|Sandstorm|[upkeep]
|-damage|p1a: Starmie|213/261|[from] sandstorm
|
|switch|p2a: Lucario|Lucario, M|281/281
|turn|8
|
|switch|p1a: Hippowdon|Hippowdon, F|420/420
|-damage|p1a: Hippowdon|394/420|[from] Stealth Rock
|move|p2a: Lucario|Swords Dance|p2a: Lucario
|-boost|p2a: Lucario|atk|2
|
|-weather|Sandstorm|[upkeep]
|-heal|p1a: Hippowdon|420/420|[from] item: Leftovers
|turn|9
|
|switch|p2a: Keldeo|Keldeo|323/323
|move|p1a: Hippowdon|Earthquake|p2a: Keldeo
|-damage|p2a: Keldeo|193/323
|
|-weather|Sandstorm|[upkeep]
|-damage|p2a: Keldeo|173/323|[from] sandstorm
|turn|10
|
|move|p2a: Keldeo|Hydro Pump|p1a: Hippowdon
|-supereffective|p1a: Hippowdon
|-damage|p1a: Hippowdon|0 fnt
|-damage|p2a: Keldeo|141/323|[from] item: Life Orb
|faint|p1a: Hippowdon
|
|-weather|Sandstorm|[upkeep]
|-damage|p2a: Keldeo|121/323|[from] sandstorm
|
|switch|p1a: Starmie|Starmie|213/261
|-damage|p1a: Starmie|181/261|[from] Stealth Rock
|turn|11
|
|move|p1a: Starmie|Thunderbolt|p2a: Keldeo
|-supereffective|p2a: Keldeo
|-damage|p2a: Keldeo|0 fnt
|faint|p2a: Keldeo
|
|-weather|Sandstorm|[upkeep]
|-damage|p1a: Starmie|165/261|[from] sandstorm
|
|switch|p2a: Conkeldurr|Conkeldurr, M|414/414
|turn|12
|
|move|p1a: Starmie|Hydro Pump|p2a: Conkeldurr
|-damage|p2a: Conkeldurr|164/414
|move|p2a: Conkeldurr|Payback|p1a: Starmie
|-supereffective|p1a: Starmie
|-damage|p1a: Starmie|0 fnt
|faint|p1a: Starmie
|
|-weather|Sandstorm|[upkeep]
|-damage|p2a: Conkeldurr|139/414|[from] sandstorm
|-status|p2a: Conkeldurr|brn|[from] item: Flame Orb
|
|switch|p1a: Skarmory|Skarmory, M|334/334
|-damage|p1a: Skarmory|293/334|[from] Stealth Rock
|turn|13
|
|move|p1a: Skarmory|Drill Peck|p2a: Conkeldurr
|-supereffective|p2a: Conkeldurr
|-damage|p2a: Conkeldurr|0 fnt
|faint|p2a: Conkeldurr
|
|-weather|Sandstorm|[upkeep]
|-heal|p1a: Skarmory|313/334|[from] item: Leftovers
|
|switch|p2a: Lucario|Lucario, M|281/281
|turn|14
|
|move|p2a: Lucario|Swords Dance|p2a: Lucario
|-boost|p2a: Lucario|atk|2
|move|p1a: Skarmory|Drill Peck|p2a: Lucario
|-damage|p2a: Lucario|170/281
|
|-weather|Sandstorm|[upkeep]
|-heal|p1a: Skarmory|333/334|[from] item: Leftovers
|turn|15
|
|move|p2a: Lucario|Close Combat|p1a: Skarmory
|-damage|p1a: Skarmory|21/334
|-unboost|p2a: Lucario|def|1
|-unboost|p2a: Lucario|spd|1
|-damage|p2a: Lucario|142/281|[from] item: Life Orb
|move|p1a: Skarmory|Drill Peck|p2a: Lucario
|-damage|p2a: Lucario|0 fnt
|faint|p2a: Lucario
|
|-weather|Sandstorm|[upkeep]
|-heal|p1a: Skarmory|41/334|[from] item: Leftovers
|
|switch|p2a: Scrafty|Scrafty, M|334/334
|turn|16
|
|move|p1a: Skarmory|Drill Peck|p2a: Scrafty
|-supereffective|p2a: Scrafty
|-damage|p2a: Scrafty|184/334
|move|p2a: Scrafty|Bulk Up|p2a: Scrafty
|-boost|p2a: Scrafty|atk|1
|-boost|p2a: Scrafty|def|1
|
|-weather|Sandstorm|[upkeep]
|-damage|p2a: Scrafty|164/334|[from] sandstorm
|-heal|p1a: Skarmory|61/334|[from] item: Leftovers
|-heal|p2a: Scrafty|184/334|[from] item: Leftovers
|turn|17
|
|move|p1a: Skarmory|Drill Peck|p2a: Scrafty
|-supereffective|p2a: Scrafty
|-damage|p2a: Scrafty|86/334
|move|p2a: Scrafty|Drain Punch|p1a: Skarmory
|-damage|p1a: Skarmory|0 fnt
|-heal|p2a: Scrafty|117/334|[from] drain|[of] p1a: Skarmory
|faint|p1a: Skarmory
|
|-weather|Sandstorm|[upkeep]
|-damage|p2a: Scrafty|97/334|[from] sandstorm
|-heal|p2a: Scrafty|117/334|[from] item: Leftovers
|
|switch|p1a: Terrakion|Terrakion|324/324
|-damage|p1a: Terrakion|304/324|[from] Stealth Rock
|turn|18
|
|move|p1a: Terrakion|Close Combat|p2a: Scrafty
|-supereffective|p2a: Scrafty
|-damage|p2a: Scrafty|0 fnt
|-unboost|p1a: Terrakion|def|1
|-unboost|p1a: Terrakion|spd|1
|-damage|p1a: Terrakion|272/324|[from] item: Life Orb
|faint|p2a: Scrafty
|
|win|Pythagorean Python
|raw|Ladder updating...
|raw|Pythagorean Python's rating: 1460 &rarr; <strong>1474</strong><br />(+14 for winning)
|raw|dtw's rating: 1355 &rarr; <strong>1341</strong><br />(-14 for losing)
|leave|dtw
|player|p2