|j|☆StrictSceptile1
|j|‽kinetic koko
|t:|1711806161
|gametype|singles
|player|p1|StrictSceptile1|steven|1341
|player|p2|kinetic koko|265|1662
|teamsize|p1|6
|teamsize|p2|6
|gen|5
|tier|[Gen 5] OU
|rated|
|rule|Species Clause: Limit one of each Pokémon
|rule|OHKO Clause: OHKO moves are banned
|rule|Moody Clause: Moody is banned
|rule|Evasion Items Clause: Evasion items are banned
|rule|Evasion Moves Clause: Evasion moves are banned
|rule|Endless Battle Clause: Forcing endless battles is banned
|rule|HP Percentage Mod: HP is shown in percentages
|rule|Evasion Abilities Clause: Evasion abilities are banned
|rule|Sleep Moves Clause: Sleep-inducing moves are banned
|rule|Swagger Clause: Swagger is banned
|rule|Baton Pass Stat Clause: No Baton Passer may have a way to boost its stats
|clearpoke
|poke|p1|Latios, M|item
|poke|p1|Garchomp, M|item
|poke|p1|Jellicent, M|item
|poke|p1|Skarmory, F|item
|poke|p1|Scizor, F|item
|poke|p1|Jirachi|item
|poke|p2|Tyranitar, F|item
|poke|p2|Keldeo|item
|poke|p2|Landorus-Therian, M|item
|poke|p2|Rotom-Wash|item
|poke|p2|Excadrill, M|item
|poke|p2|Celebi|item
|teampreview
|inactive|Battle timer is ON: inactive players will automatically lose when time's up. (requested by StrictSceptile1)
|
|t:|1711806166
|start
|switch|p1a: Skarmory|Skarmory, F|100/100
|switch|p2a: Rotom|Rotom-Wash|100/100
|turn|1
|
|t:|1711806172
|move|p1a: Skarmory|Stealth Rock|p2a: Rotom
|-sidestart|p2: kinetic koko|move: Stealth Rock
|move|p2a: Rotom|Volt Switch|p1a: Skarmory
|-supereffective|p1a: Skarmory
|-damage|p1a: Skarmory|21/100
|
|t:|1711806176
|switch|p2a: Excadrill|Excadrill, M|100/100|[from] Volt Switch
|-damage|p2a: Excadrill|97/100|[from] Stealth Rock
|
|-heal|p2a: Excadrill|100/100|[from] item: Leftovers
|upkeep
|turn|2
|-enditem|p1a: Skarmory|Custap Berry|[eat]
|-activate|p1a: Skarmory|item: Custap Berry|[consumed]
|
|t:|1711806185
|move|p1a: Skarmory|Spikes|p2a: Excadrill
|-sidestart|p2: kinetic koko|Spikes
|move|p2a: Excadrill|Substitute|p2a: Excadrill
|-start|p2a: Excadrill|Substitute
|-damage|p2a: Excadrill|76/100
|
|-heal|p2a: Excadrill|82/100|[from] item: Leftovers
|upkeep
|turn|3
|
|t:|1711806193
|move|p2a: Excadrill|Iron Head|p1a: Skarmory
|-resisted|p1a: Skarmory
|-damage|p1a: Skarmory|1/100
|move|p1a: Skarmory|Brave Bird|p2a: Excadrill
|-resisted|p2a: Excadrill
|-end|p2a: Excadrill|Substitute
|-damage|p1a: Skarmory|0 fnt|[from] Recoil|[of] p2a: Excadrill
|faint|p1a: Skarmory
|
|-heal|p2a: Excadrill|88/100|[from] item: Leftovers
|upkeep
|
|t:|1711806198
|switch|p1a: Jellicent|Jellicent, M|100/100
|turn|4
|
|t:|1711806201
|switch|p2a: Celebi|Celebi|100/100
|-damage|p2a: Celebi|88/100|[from] Stealth Rock
|-damage|p2a: Celebi|76/100|[from] Spikes
|move|p1a: Jellicent|Will-O-Wisp|p2a: Celebi
|-status|p2a: Celebi|brn
|
|-heal|p2a: Celebi|82/100 brn|[from] item: Leftovers
|-damage|p2a: Celebi|70/100 brn|[from] brn
|upkeep
|turn|5
|
|t:|1711806207
|switch|p1a: Scizor|Scizor, F|100/100
|move|p2a: Celebi|Stealth Rock|p1a: Scizor
|-sidestart|p1: StrictSceptile1|move: Stealth Rock
|
|-heal|p2a: Celebi|76/100 brn|[from] item: Leftovers
|-damage|p2a: Celebi|63/100 brn|[from] brn
|upkeep
|turn|6
|
|t:|1711806213
|switch|p1a: Jellicent|Jellicent, M|100/100
|-damage|p1a: Jellicent|88/100|[from] Stealth Rock
|move|p2a: Celebi|U-turn|p1a: Jellicent
|-resisted|p1a: Jellicent
|-damage|p1a: Jellicent|84/100
|
|t:|1711806217
|-curestatus|p2a: Celebi|brn|[from] ability: Natural Cure
|switch|p2a: Rotom|Rotom-Wash|100/100|[from] U-turn
|-damage|p2a: Rotom|88/100|[from] Stealth Rock
|
|-heal|p2a: Rotom|94/100|[from] item: Leftovers
|-heal|p1a: Jellicent|91/100|[from] item: Leftovers
|upkeep
|turn|7
|
|t:|1711806231
|move|p2a: Rotom|Volt Switch|p1a: Jellicent
|-supereffective|p1a: Jellicent
|-damage|p1a: Jellicent|56/100
|
|t:|1711806235
|switch|p2a: Celebi|Celebi|63/100|[from] Volt Switch
|-damage|p2a: Celebi|51/100|[from] Stealth Rock
|-damage|p2a: Celebi|39/100|[from] Spikes
|move|p1a: Jellicent|Will-O-Wisp|p2a: Celebi
|-status|p2a: Celebi|brn
|
|-heal|p2a: Celebi|45/100 brn|[from] item: Leftovers
|-heal|p1a: Jellicent|63/100|[from] item: Leftovers
|-damage|p2a: Celebi|32/100 brn|[from] brn
|upkeep
|turn|8
|
|t:|1711806245
|move|p2a: Celebi|Recover|p2a: Celebi
|-heal|p2a: Celebi|82/100 brn
|move|p1a: Jellicent|Recover|p1a: Jellicent
|-heal|p1a: Jellicent|100/100
|
|-heal|p2a: Celebi|89/100 brn|[from] item: Leftovers
|-damage|p2a: Celebi|76/100 brn|[from] brn
|upkeep
|turn|9
|
|t:|1711806249
|move|p2a: Celebi|Recover|p2a: Celebi
|-heal|p2a: Celebi|100/100 brn
|move|p1a: Jellicent|Night Shade|p2a: Celebi
|-damage|p2a: Celebi|76/100 brn
|
|-heal|p2a: Celebi|82/100 brn|[from] item: Leftovers
|-damage|p2a: Celebi|70/100 brn|[from] brn
|upkeep
|turn|10
|
|t:|1711806254
|move|p2a: Celebi|Psychic|p1a: Jellicent
|-damage|p1a: Jellicent|78/100
|move|p1a: Jellicent|Taunt|p2a: Celebi
|-start|p2a: Celebi|move: Taunt
|
|-heal|p2a: Celebi|76/100 brn|[from] item: Leftovers
|-heal|p1a: Jellicent|84/100|[from] item: Leftovers
|-damage|p2a: Celebi|63/100 brn|[from] brn
|upkeep
|turn|11
|
|t:|1711806260
|move|p2a: Celebi|U-turn|p1a: Jellicent
|-resisted|p1a: Jellicent
|-damage|p1a: Jellicent|81/100
|
|t:|1711806262
|-curestatus|p2a: Celebi|brn|[from] ability: Natural Cure
|switch|p2a: Rotom|Rotom-Wash|94/100|[from] U-turn
|-damage|p2a: Rotom|82/100|[from] Stealth Rock
|move|p1a: Jellicent|Night Shade|p2a: Rotom
|-damage|p2a: Rotom|49/100
|
|-heal|p2a: Rotom|55/100|[from] item: Leftovers
|-heal|p1a: Jellicent|87/100|[from] item: Leftovers
|upkeep
|turn|12
|
|t:|1711806272
|move|p2a: Rotom|Will-O-Wisp|p1a: Jellicent|[miss]
|-miss|p2a: Rotom|p1a: Jellicent
|move|p1a: Jellicent|Taunt|p2a: Rotom
|-start|p2a: Rotom|move: Taunt
|
|-heal|p2a: Rotom|61/100|[from] item: Leftovers
|-heal|p1a: Jellicent|93/100|[from] item: Leftovers
|upkeep
|turn|13
|
|t:|1711806278
|move|p2a: Rotom|Volt Switch|p1a: Jellicent
|-supereffective|p1a: Jellicent
|-damage|p1a: Jellicent|60/100
|
|t:|1711806280
|switch|p2a: Celebi|Celebi|63/100|[from] Volt Switch
|-damage|p2a: Celebi|51/100|[from] Stealth Rock
|-damage|p2a: Celebi|39/100|[from] Spikes
|move|p1a: Jellicent|Will-O-Wisp|p2a: Celebi|[miss]
|-miss|p1a: Jellicent|p2a: Celebi
|
|-heal|p2a: Celebi|45/100|[from] item: Leftovers
|-heal|p1a: Jellicent|66/100|[from] item: Leftovers
|upkeep
|turn|14
|
|t:|1711806288
|move|p2a: Celebi|Recover|p2a: Celebi
|-heal|p2a: Celebi|95/100
|move|p1a: Jellicent|Taunt|p2a: Celebi
|-start|p2a: Celebi|move: Taunt
|
|-heal|p2a: Celebi|100/100|[from] item: Leftovers
|-heal|p1a: Jellicent|72/100|[from] item: Leftovers
|upkeep
|turn|15
|
|t:|1711806304
|move|p2a: Celebi|Psychic|p1a: Jellicent
|-damage|p1a: Jellicent|49/100
|move|p1a: Jellicent|Night Shade|p2a: Celebi
|-damage|p2a: Celebi|76/100
|
|-heal|p2a: Celebi|82/100|[from] item: Leftovers
|-heal|p1a: Jellicent|56/100|[from] item: Leftovers
|upkeep
|turn|16
|
|t:|1711806314
|move|p2a: Celebi|Psychic|p1a: Jellicent
|-crit|p1a: Jellicent
|-damage|p1a: Jellicent|11/100
|move|p1a: Jellicent|Will-O-Wisp|p2a: Celebi
|-status|p2a: Celebi|brn
|
|-heal|p2a: Celebi|88/100 brn|[from] item: Leftovers
|-heal|p1a: Jellicent|17/100|[from] item: Leftovers
|-damage|p2a: Celebi|76/100 brn|[from] brn
|upkeep
|turn|17
|
|t:|1711806318
|switch|p1a: Scizor|Scizor, F|100/100
|-damage|p1a: Scizor|88/100|[from] Stealth Rock
|move|p2a: Celebi|Psychic|p1a: Scizor
|-resisted|p1a: Scizor
|-damage|p1a: Scizor|69/100
|
|-heal|p2a: Celebi|82/100 brn|[from] item: Leftovers
|-damage|p2a: Celebi|70/100 brn|[from] brn
|-end|p2a: Celebi|move: Taunt
|upkeep
|turn|18
|
|t:|1711806327
|move|p2a: Celebi|U-turn|p1a: Scizor
|-resisted|p1a: Scizor
|-damage|p1a: Scizor|66/100
|
|t:|1711806332
|-curestatus|p2a: Celebi|brn|[from] ability: Natural Cure
|switch|p2a: Excadrill|Excadrill, M|88/100|[from] U-turn
|-damage|p2a: Excadrill|85/100|[from] Stealth Rock
|-damage|p2a: Excadrill|72/100|[from] Spikes
|move|p1a: Scizor|Swords Dance|p1a: Scizor
|-boost|p1a: Scizor|atk|2
|
|-heal|p2a: Excadrill|78/100|[from] item: Leftovers
|upkeep
|turn|19
|
|t:|1711806340
|move|p2a: Excadrill|Rapid Spin|p1a: Scizor
|-resisted|p1a: Scizor
|-damage|p1a: Scizor|62/100
|-sideend|p2: kinetic koko|Spikes|[from] move: Rapid Spin|[of] p2a: Excadrill
|-sideend|p2: kinetic koko|Stealth Rock|[from] move: Rapid Spin|[of] p2a: Excadrill
|move|p1a: Scizor|Superpower|p2a: Excadrill
|-supereffective|p2a: Excadrill
|-damage|p2a: Excadrill|0 fnt
|-unboost|p1a: Scizor|atk|1
|-unboost|p1a: Scizor|def|1
|faint|p2a: Excadrill
|-damage|p1a: Scizor|52/100|[from] item: Life Orb
|
|upkeep
|
|t:|1711806351
|switch|p2a: Landorus|Landorus-Therian, M|100/100
|-ability|p2a: Landorus|Intimidate|boost
|-unboost|p1a: Scizor|atk|1
|turn|20
|
|t:|1711806359
|move|p1a: Scizor|Quick Attack|p2a: Landorus
|-damage|p2a: Landorus|76/100
|-damage|p1a: Scizor|42/100|[from] item: Life Orb
|move|p2a: Landorus|Earthquake|p1a: Scizor
|-damage|p1a: Scizor|0 fnt
|faint|p1a: Scizor
|
|upkeep
|
|t:|1711806368
|switch|p1a: Jirachi|Jirachi|100/100
|-damage|p1a: Jirachi|94/100|[from] Stealth Rock
|turn|21
|
|t:|1711806372
|switch|p2a: Celebi|Celebi|70/100
|move|p1a: Jirachi|Hidden Power|p2a: Celebi
|-supereffective|p2a: Celebi
|-damage|p2a: Celebi|46/100
|
|-heal|p1a: Jirachi|100/100|[from] item: Leftovers
|-heal|p2a: Celebi|52/100|[from] item: Leftovers
|upkeep
|turn|22
|
|t:|1711806378
|move|p1a: Jirachi|Fire Punch|p2a: Celebi
|-supereffective|p2a: Celebi
|-damage|p2a: Celebi|19/100
|move|p2a: Celebi|U-turn|p1a: Jirachi
|-damage|p1a: Jirachi|85/100
|
|t:|1711806382
|switch|p2a: Rotom|Rotom-Wash|61/100|[from] U-turn
|
|-heal|p1a: Jirachi|91/100|[from] item: Leftovers
|-heal|p2a: Rotom|68/100|[from] item: Leftovers
|upkeep
|turn|23
|
|t:|1711806388
|move|p1a: Jirachi|Thunder|p2a: Rotom
|-damage|p2a: Rotom|36/100
|-status|p2a: Rotom|par
|move|p2a: Rotom|Will-O-Wisp|p1a: Jirachi
|-status|p1a: Jirachi|brn
|
|-heal|p1a: Jirachi|97/100 brn|[from] item: Leftovers
|-heal|p2a: Rotom|43/100 par|[from] item: Leftovers
|-damage|p1a: Jirachi|85/100 brn|[from] brn
|upkeep
|turn|24
|
|t:|1711806395
|move|p1a: Jirachi|Thunder|p2a: Rotom|[miss]
|-miss|p1a: Jirachi|p2a: Rotom
|move|p2a: Rotom|Pain Split|p1a: Jirachi
|-sethp|p1a: Jirachi|61/100 brn|[from] move: Pain Split|[silent]
|-sethp|p2a: Rotom|70/100 par|[from] move: Pain Split
|
|-heal|p1a: Jirachi|67/100 brn|[from] item: Leftovers
|-heal|p2a: Rotom|76/100 par|[from] item: Leftovers
|-damage|p1a: Jirachi|54/100 brn|[from] brn
|upkeep
|turn|25
|
|t:|1711806405
|switch|p2a: Celebi|Celebi|19/100
|move|p1a: Jirachi|Thunder|p2a: Celebi
|-resisted|p2a: Celebi
|-damage|p2a: Celebi|10/100
|
|-heal|p1a: Jirachi|61/100 brn|[from] item: Leftovers
|-heal|p2a: Celebi|16/100|[from] item: Leftovers
|-damage|p1a: Jirachi|48/100 brn|[from] brn
|upkeep
|turn|26
|
|t:|1711806411
|switch|p2a: Rotom|Rotom-Wash|76/100 par
|move|p1a: Jirachi|Fire Punch|p2a: Rotom
|-resisted|p2a: Rotom
|-damage|p2a: Rotom|72/100 par
|
|-heal|p1a: Jirachi|54/100 brn|[from] item: Leftovers
|-heal|p2a: Rotom|78/100 par|[from] item: Leftovers
|-damage|p1a: Jirachi|42/100 brn|[from] brn
|upkeep
|turn|27
|
|t:|1711806416
|move|p1a: Jirachi|Thunder|p2a: Rotom|[miss]
|-miss|p1a: Jirachi|p2a: Rotom
|move|p2a: Rotom|Volt Switch|p1a: Jirachi
|-damage|p1a: Jirachi|17/100 brn
|
|t:|1711806421
|switch|p2a: Landorus|Landorus-Therian, M|76/100|[from] Volt Switch
|-ability|p2a: Landorus|Intimidate|boost
|-unboost|p1a: Jirachi|atk|1
|
|-heal|p1a: Jirachi|23/100 brn|[from] item: Leftovers
|-damage|p1a: Jirachi|11/100 brn|[from] brn
|upkeep
|turn|28
|
|t:|1711806425
|move|p2a: Landorus|U-turn|p1a: Jirachi
|-damage|p1a: Jirachi|0 fnt
|faint|p1a: Jirachi
|
|t:|1711806427
|switch|p2a: Keldeo|Keldeo|100/100|[from] U-turn
|
|upkeep
|
|t:|1711806435
|switch|p1a: Latios|Latios, M|100/100
|-damage|p1a: Latios|88/100|[from] Stealth Rock
|turn|29
|
|t:|1711806440
|switch|p2a: Tyranitar|Tyranitar, F|100/100
|-weather|Sandstorm|[from] ability: Sand Stream|[of] p2a: Tyranitar
|move|p1a: Latios|Draco Meteor|p2a: Tyranitar
|-damage|p2a: Tyranitar|68/100
|-unboost|p1a: Latios|spa|2
|-enditem|p1a: Latios|White Herb
|-clearnegativeboost|p1a: Latios|[silent]
|
|-weather|Sandstorm|[upkeep]
|-damage|p1a: Latios|82/100|[from] Sandstorm
|upkeep
|turn|30
|
|t:|1711806449
|move|p1a: Latios|Draco Meteor|p2a: Tyranitar
|-damage|p2a: Tyranitar|34/100
|-unboost|p1a: Latios|spa|2
|move|p2a: Tyranitar|Pursuit|p1a: Latios
|-supereffective|p1a: Latios
|-damage|p1a: Latios|30/100
|
|-weather|Sandstorm|[upkeep]
|-damage|p1a: Latios|24/100|[from] Sandstorm
|upkeep
|turn|31
|
|t:|1711806458
|move|p1a: Latios|Surf|p2a: Tyranitar
|-supereffective|p2a: Tyranitar
|-damage|p2a: Tyranitar|19/100
|move|p2a: Tyranitar|Pursuit|p1a: Latios
|-supereffective|p1a: Latios
|-damage|p1a: Latios|0 fnt
|faint|p1a: Latios
|
|-weather|Sandstorm|[upkeep]
|upkeep
|
|t:|1711806471
|switch|p1a: Garchomp|Garchomp, M|100/100
|-damage|p1a: Garchomp|94/100|[from] Stealth Rock
|turn|32
|
|t:|1711806475
|move|p1a: Garchomp|Outrage|p2a: Tyranitar
|-damage|p2a: Tyranitar|0 fnt
|faint|p2a: Tyranitar
|
|-weather|Sandstorm|[upkeep]
|upkeep
|
|t:|1711806478
|switch|p2a: Landorus|Landorus-Therian, M|76/100
|-ability|p2a: Landorus|Intimidate|boost
|-unboost|p1a: Garchomp|atk|1
|turn|33
|
|t:|1711806481
|move|p1a: Garchomp|Outrage|p2a: Landorus|[from]lockedmove
|-damage|p2a: Landorus|42/100
|move|p2a: Landorus|Hidden Power|p1a: Garchomp
|-supereffective|p1a: Garchomp
|-damage|p1a: Garchomp|18/100
|
|-weather|Sandstorm|[upkeep]
|upkeep
|turn|34
|
|t:|1711806488
|move|p1a: Garchomp|Outrage|p2a: Landorus|[from]lockedmove
|-damage|p2a: Landorus|9/100
|-start|p1a: Garchomp|confusion|[fatigue]
|move|p2a: Landorus|Hidden Power|p1a: Garchomp
|-supereffective|p1a: Garchomp
|-crit|p1a: Garchomp
|-damage|p1a: Garchomp|0 fnt
|faint|p1a: Garchomp
|
|-weather|Sandstorm|[upkeep]
|upkeep
|
|t:|1711806491
|switch|p1a: Jellicent|Jellicent, M|17/100
|-damage|p1a: Jellicent|4/100|[from] Stealth Rock
|turn|35
|
|t:|1711806494
|move|p2a: Landorus|Hidden Power|p1a: Jellicent
|-resisted|p1a: Jellicent
|-damage|p1a: Jellicent|0 fnt
|faint|p1a: Jellicent
|
|win|kinetic koko
|raw|StrictSceptile1's rating: 1341 &rarr; <strong>1336</strong><br />(-5 for losing)
|raw|kinetic koko's rating: 1668 &rarr; <strong>1673</strong><br />(+5 for winning)
|l|‽kinetic koko
|player|p2|
|c|☆StrictSceptile1|GG
