|j|☆MP58
|j|☆XXSuperNova
|player|p1|MP58|ltsurge|1312
|player|p2|XXSuperNova|medium|1306
|teamsize|p1|6
|teamsize|p2|6
|gametype|singles
|gen|5
|tier|[Gen 5] OU
|rated|
|rule|Species Clause: Limit one of each Pokémon
|rule|OHKO Clause: OHKO moves are banned
|rule|Moody Clause: Moody is banned
|rule|Evasion Moves Clause: Evasion moves are banned
|rule|Endless Battle Clause: Forcing endless battles is banned
|rule|HP Percentage Mod: HP is shown in percentages
|rule|Evasion Abilities Clause: Evasion abilities are banned
|rule|Baton Pass Clause: Limit one Baton Passer, can't pass Spe and other stats simultaneously
|rule|Sleep Clause: Sleep-inducing moves are banned
|rule|Swagger Clause: Swagger is banned
|clearpoke
|poke|p1|Ferrothorn, M|item
|poke|p1|Politoed, F|item
|poke|p1|Rotom-Wash|item
|poke|p1|Toxicroak, F|item
|poke|p1|Jellicent, M|item
|poke|p1|Tornadus, M|item
|poke|p2|Espeon, F|item
|poke|p2|Scizor, F|item
|poke|p2|Rotom-Wash|item
|poke|p2|Landorus-Therian, M|item
|poke|p2|Blissey, F|item
|poke|p2|Conkeldurr, M|item
|teampreview
|j| uytuytuyt
|inactive|Battle timer is ON: inactive players will automatically lose when time's up. (requested by MP58)
|l| uytuytuyt
|
|start
|switch|p1a: Ferrothorn|Ferrothorn, M|100/100
|switch|p2a: Rotom|Rotom-Wash|100/100
|turn|1
|
|move|p2a: Rotom|Volt Switch|p1a: Ferrothorn
|-resisted|p1a: Ferrothorn
|-damage|p1a: Ferrothorn|89/100
|
|switch|p2a: Conkeldurr|Conkeldurr, M|100/100|[from]move: Volt Switch
|move|p1a: Ferrothorn|Leech Seed|p2a: Conkeldurr
|-start|p2a: Conkeldurr|move: Leech Seed
|
|-heal|p1a: Ferrothorn|96/100|[from] item: Leftovers
|-damage|p2a: Conkeldurr|88/100|[from] Leech Seed|[of] p1a: Ferrothorn
|-heal|p1a: Ferrothorn|100/100|[silent]
|upkeep
|turn|2
|
|move|p2a: Conkeldurr|Drain Punch|p1a: Ferrothorn
|-supereffective|p1a: Ferrothorn
|-damage|p1a: Ferrothorn|34/100
|-heal|p2a: Conkeldurr|100/100|[from] drain|[of] p1a: Ferrothorn
|-damage|p2a: Conkeldurr|88/100|[from] ability: Iron Barbs|[of] p1a: Ferrothorn
|move|p1a: Ferrothorn|Spikes|p2a: Conkeldurr
|-sidestart|p2: XXSuperNova|Spikes
|
|-heal|p2a: Conkeldurr|94/100|[from] item: Leftovers
|-heal|p1a: Ferrothorn|40/100|[from] item: Leftovers
|-damage|p2a: Conkeldurr|82/100|[from] Leech Seed|[of] p1a: Ferrothorn
|-heal|p1a: Ferrothorn|53/100|[silent]
|upkeep
|turn|3
|inactive|XXSuperNova has 120 seconds left.
|
|move|p1a: Ferrothorn|Protect|p1a: Ferrothorn
|-singleturn|p1a: Ferrothorn|Protect
|move|p2a: Conkeldurr|Ice Punch|p1a: Ferrothorn
|-activate|p1a: Ferrothorn|move: Protect
|
|-heal|p2a: Conkeldurr|88/100|[from] item: Leftovers
|-heal|p1a: Ferrothorn|59/100|[from] item: Leftovers
|-damage|p2a: Conkeldurr|75/100|[from] Leech Seed|[of] p1a: Ferrothorn
|-heal|p1a: Ferrothorn|72/100|[silent]
|upkeep
|turn|4
|
|switch|p1a: Politoed|Politoed, F|100/100
|-weather|RainDance|[from] ability: Drizzle|[of] p1a: Politoed
|move|p2a: Conkeldurr|Drain Punch|p1a: Politoed
|-damage|p1a: Politoed|68/100
|-heal|p2a: Conkeldurr|93/100|[from] drain|[of] p1a: Politoed
|
|-weather|RainDance|[upkeep]
|-heal|p1a: Politoed|74/100|[from] item: Leftovers
|-heal|p2a: Conkeldurr|99/100|[from] item: Leftovers
|-damage|p2a: Conkeldurr|87/100|[from] Leech Seed|[of] p1a: Politoed
|-heal|p1a: Politoed|86/100|[silent]
|upkeep
|turn|5
|inactive|XXSuperNova has 120 seconds left.
|
|switch|p2a: Blissey|Blissey, F|100/100
|-damage|p2a: Blissey|88/100|[from] Spikes
|move|p1a: Politoed|Protect||[still]
|-fail|p1a: Politoed
|
|-weather|RainDance|[upkeep]
|-heal|p1a: Politoed|92/100|[from] item: Leftovers
|-heal|p2a: Blissey|94/100|[from] item: Leftovers
|upkeep
|turn|6
|inactive|XXSuperNova has 120 seconds left.
|
|move|p1a: Politoed|Encore||[still]
|-fail|p1a: Politoed
|move|p2a: Blissey|Seismic Toss|p1a: Politoed
|-damage|p1a: Politoed|66/100
|
|-weather|RainDance|[upkeep]
|-heal|p1a: Politoed|72/100|[from] item: Leftovers
|-heal|p2a: Blissey|99/100|[from] item: Leftovers
|upkeep
|turn|7
|
|switch|p1a: Ferrothorn|Ferrothorn, M|72/100
|move|p2a: Blissey|Seismic Toss|p1a: Ferrothorn
|-damage|p1a: Ferrothorn|43/100
|-damage|p2a: Blissey|88/100|[from] ability: Iron Barbs|[of] p1a: Ferrothorn
|
|-weather|RainDance|[upkeep]
|-heal|p2a: Blissey|94/100|[from] item: Leftovers
|-heal|p1a: Ferrothorn|49/100|[from] item: Leftovers
|upkeep
|turn|8
|inactive|XXSuperNova has 120 seconds left.
|
|switch|p2a: Espeon|Espeon, F|100/100
|-damage|p2a: Espeon|88/100|[from] Spikes
|move|p1a: Ferrothorn|Leech Seed|p2a: Espeon
|move|p2a: Espeon|Leech Seed|p1a: Ferrothorn|[from]Magic Bounce
|-immune|p1a: Ferrothorn
|
|-weather|RainDance|[upkeep]
|-heal|p1a: Ferrothorn|56/100|[from] item: Leftovers
|upkeep
|turn|9
|inactive|XXSuperNova has 120 seconds left.
|
|move|p1a: Ferrothorn|Protect|p1a: Ferrothorn
|-singleturn|p1a: Ferrothorn|Protect
|move|p2a: Espeon|Reflect|p2a: Espeon
|-sidestart|p2: XXSuperNova|Reflect
|
|-weather|RainDance|[upkeep]
|-heal|p1a: Ferrothorn|62/100|[from] item: Leftovers
|upkeep
|turn|10
|
|move|p2a: Espeon|Light Screen|p2a: Espeon
|-sidestart|p2: XXSuperNova|move: Light Screen
|move|p1a: Ferrothorn|Gyro Ball|p2a: Espeon
|-crit|p2a: Espeon
|-damage|p2a: Espeon|0 fnt
|faint|p2a: Espeon
|
|-weather|RainDance|[upkeep]
|-heal|p1a: Ferrothorn|68/100|[from] item: Leftovers
|upkeep
|inactive|XXSuperNova has 120 seconds left.
|
|switch|p2a: Conkeldurr|Conkeldurr, M|87/100
|-damage|p2a: Conkeldurr|74/100|[from] Spikes
|turn|11
|inactive|MP58 has 120 seconds left.
|
|move|p2a: Conkeldurr|Bulk Up|p2a: Conkeldurr
|-boost|p2a: Conkeldurr|atk|1
|-boost|p2a: Conkeldurr|def|1
|move|p1a: Ferrothorn|Spikes|p2a: Conkeldurr
|-sidestart|p2: XXSuperNova|Spikes
|
|-weather|RainDance|[upkeep]
|-heal|p2a: Conkeldurr|81/100|[from] item: Leftovers
|-heal|p1a: Ferrothorn|74/100|[from] item: Leftovers
|upkeep
|turn|12
|inactive|MP58 has 120 seconds left.
|inactive|XXSuperNova has 90 seconds left.
|
|move|p2a: Conkeldurr|Drain Punch|p1a: Ferrothorn
|-supereffective|p1a: Ferrothorn
|-damage|p1a: Ferrothorn|0 fnt
|-heal|p2a: Conkeldurr|100/100|[from] drain|[of] p1a: Ferrothorn
|-damage|p2a: Conkeldurr|88/100|[from] ability: Iron Barbs|[of] p1a: Ferrothorn
|faint|p1a: Ferrothorn
|
|-weather|RainDance|[upkeep]
|-heal|p2a: Conkeldurr|94/100|[from] item: Leftovers
|upkeep
|
|switch|p1a: Tornadus|Tornadus, M|100/100
|turn|13
|
|move|p1a: Tornadus|Hurricane|p2a: Conkeldurr
|-supereffective|p2a: Conkeldurr
|-damage|p2a: Conkeldurr|7/100
|move|p2a: Conkeldurr|Ice Punch|p1a: Tornadus
|-supereffective|p1a: Tornadus
|-damage|p1a: Tornadus|0 fnt
|faint|p1a: Tornadus
|
|-weather|RainDance|[upkeep]
|-heal|p2a: Conkeldurr|14/100|[from] item: Leftovers
|upkeep
|
|switch|p1a: Rotom|Rotom-Wash|100/100
|turn|14
|
|move|p2a: Conkeldurr|Mach Punch|p1a: Rotom
|-damage|p1a: Rotom|54/100
|move|p1a: Rotom|Volt Switch|p2a: Conkeldurr
|-damage|p2a: Conkeldurr|0 fnt
|faint|p2a: Conkeldurr
|
|switch|p1a: Politoed|Politoed, F|72/100|[from]move: Volt Switch
|
|-weather|RainDance|[upkeep]
|-heal|p1a: Politoed|79/100|[from] item: Leftovers
|upkeep
|inactive|XXSuperNova has 90 seconds left.
|
|switch|p2a: Blissey|Blissey, F|94/100
|-damage|p2a: Blissey|77/100|[from] Spikes
|turn|15
|inactive|XXSuperNova has 90 seconds left.
|
|move|p1a: Politoed|Protect|p1a: Politoed
|-singleturn|p1a: Politoed|Protect
|move|p2a: Blissey|Toxic|p1a: Politoed
|-activate|p1a: Politoed|move: Protect
|
|-weather|RainDance|[upkeep]
|-heal|p1a: Politoed|85/100|[from] item: Leftovers
|-heal|p2a: Blissey|84/100|[from] item: Leftovers
|upkeep
|turn|16
|
|move|p1a: Politoed|Encore|p2a: Blissey
|-start|p2a: Blissey|Encore
|move|p2a: Blissey|Toxic|p1a: Politoed
|-status|p1a: Politoed|tox
|
|-weather|RainDance|[upkeep]
|-heal|p1a: Politoed|91/100 tox|[from] item: Leftovers
|-heal|p2a: Blissey|90/100|[from] item: Leftovers
|-damage|p1a: Politoed|85/100 tox|[from] psn
|-sideend|p2: XXSuperNova|Reflect
|upkeep
|turn|17
|inactive|XXSuperNova has 90 seconds left.
|
|switch|p1a: Toxicroak|Toxicroak, F|100/100
|move|p2a: Blissey|Toxic|p1a: Toxicroak
|-immune|p1a: Toxicroak
|
|-weather|RainDance|[upkeep]
|-heal|p2a: Blissey|96/100|[from] item: Leftovers
|-sideend|p2: XXSuperNova|move: Light Screen
|upkeep
|turn|18
|inactive|MP58 has 120 seconds left.
|
|switch|p2a: Landorus|Landorus-Therian, M|100/100
|-ability|p2a: Landorus|Intimidate|boost
|-unboost|p1a: Toxicroak|atk|1
|move|p1a: Toxicroak|Bulk Up|p1a: Toxicroak
|-boost|p1a: Toxicroak|atk|1
|-boost|p1a: Toxicroak|def|1
|
|-weather|RainDance|[upkeep]
|upkeep
|turn|19
|inactive|XXSuperNova has 90 seconds left.
|
|move|p2a: Landorus|Earthquake|p1a: Toxicroak
|-supereffective|p1a: Toxicroak
|-crit|p1a: Toxicroak
|-damage|p1a: Toxicroak|0 fnt
|faint|p1a: Toxicroak
|
|-weather|RainDance|[upkeep]
|upkeep
|
|switch|p1a: Rotom|Rotom-Wash|54/100
|turn|20
|
|switch|p2a: Blissey|Blissey, F|96/100
|-damage|p2a: Blissey|79/100|[from] Spikes
|move|p1a: Rotom|Hydro Pump|p2a: Blissey
|-damage|p2a: Blissey|50/100
|
|-weather|RainDance|[upkeep]
|-heal|p2a: Blissey|56/100|[from] item: Leftovers
|upkeep
|turn|21
|inactive|XXSuperNova has 90 seconds left.
|inactive|MP58 has 90 seconds left.
|
|switch|p1a: Politoed|Politoed, F|85/100 tox
|move|p2a: Blissey|Soft-Boiled|p2a: Blissey
|-heal|p2a: Blissey|100/100
|
|-weather|RainDance|[upkeep]
|-heal|p1a: Politoed|91/100 tox|[from] item: Leftovers
|-damage|p1a: Politoed|85/100 tox|[from] psn
|upkeep
|turn|22
|inactive|XXSuperNova has 90 seconds left.
|
|move|p1a: Politoed|Encore|p2a: Blissey
|-start|p2a: Blissey|Encore
|move|p2a: Blissey|Soft-Boiled||[still]
|-fail|p2a: Blissey|heal
|
|-weather|RainDance|[upkeep]
|-heal|p1a: Politoed|91/100 tox|[from] item: Leftovers
|-damage|p1a: Politoed|79/100 tox|[from] psn
|upkeep
|turn|23
|inactive|XXSuperNova has 90 seconds left.
|
|move|p1a: Politoed|Toxic|p2a: Blissey
|-status|p2a: Blissey|tox
|move|p2a: Blissey|Soft-Boiled||[still]
|-fail|p2a: Blissey|heal
|
|-weather|RainDance|[upkeep]
|-heal|p1a: Politoed|85/100 tox|[from] item: Leftovers
|-damage|p1a: Politoed|66/100 tox|[from] psn
|-damage|p2a: Blissey|94/100 tox|[from] psn
|upkeep
|turn|24
|
|switch|p1a: Jellicent|Jellicent, M|100/100
|switch|p2a: Rotom|Rotom-Wash|100/100
|
|-weather|RainDance|[upkeep]
|upkeep
|turn|25
|inactive|MP58 has 60 seconds left.
|
|move|p2a: Rotom|Volt Switch|p1a: Jellicent
|-supereffective|p1a: Jellicent
|-damage|p1a: Jellicent|61/100
|
|switch|p2a: Blissey|Blissey, F|94/100|[from]move: Volt Switch
|-damage|p2a: Blissey|78/100|[from] Spikes
|move|p1a: Jellicent|Toxic|p2a: Blissey
|-status|p2a: Blissey|tox
|
|-weather|RainDance|[upkeep]
|-heal|p1a: Jellicent|68/100|[from] item: Leftovers
|-heal|p2a: Blissey|84/100 tox|[from] item: Leftovers
|-damage|p2a: Blissey|78/100 tox|[from] psn
|upkeep
|turn|26
|inactive|XXSuperNova has 90 seconds left.
|j| mbzzz
|
|move|p1a: Jellicent|Scald|p2a: Blissey
|-damage|p2a: Blissey|67/100 tox
|move|p2a: Blissey|Aromatherapy|p2a: Blissey
|-activate|p2a: Blissey|move: Aromatherapy
|-curestatus|p2a: Blissey|tox|[msg]
|
|-weather|RainDance|[upkeep]
|-heal|p1a: Jellicent|74/100|[from] item: Leftovers
|-heal|p2a: Blissey|73/100|[from] item: Leftovers
|upkeep
|turn|27
|inactive|XXSuperNova has 90 seconds left.
|
|move|p1a: Jellicent|Scald|p2a: Blissey
|-damage|p2a: Blissey|61/100
|-status|p2a: Blissey|brn
|move|p2a: Blissey|Toxic|p1a: Jellicent|[miss]
|-miss|p2a: Blissey|p1a: Jellicent
|
|-weather|RainDance|[upkeep]
|-heal|p1a: Jellicent|80/100|[from] item: Leftovers
|-heal|p2a: Blissey|67/100 brn|[from] item: Leftovers
|-damage|p2a: Blissey|55/100 brn|[from] brn
|upkeep
|turn|28
|inactive|MP58 has 60 seconds left.
|inactive|XXSuperNova has 90 seconds left.
|
|switch|p1a: Rotom|Rotom-Wash|54/100
|move|p2a: Blissey|Toxic|p1a: Rotom
|-status|p1a: Rotom|tox
|
|-weather|RainDance|[upkeep]
|-heal|p2a: Blissey|61/100 brn|[from] item: Leftovers
|-damage|p1a: Rotom|48/100 tox|[from] psn
|-damage|p2a: Blissey|49/100 brn|[from] brn
|upkeep
|turn|29
|
|move|p1a: Rotom|Trick|p2a: Blissey
|-activate|p1a: Rotom|move: Trick|[of] p2a: Blissey
|-item|p2a: Blissey|Choice Scarf|[from] move: Trick
|-item|p1a: Rotom|Leftovers|[from] move: Trick
|move|p2a: Blissey|Soft-Boiled|p2a: Blissey
|-heal|p2a: Blissey|99/100 brn
|
|-weather|RainDance|[upkeep]
|-heal|p1a: Rotom|54/100 tox|[from] item: Leftovers
|-damage|p1a: Rotom|42/100 tox|[from] psn
|-damage|p2a: Blissey|86/100 brn|[from] brn
|upkeep
|turn|30
|inactive|XXSuperNova has 90 seconds left.
|
|move|p1a: Rotom|Thunder|p2a: Blissey
|-damage|p2a: Blissey|67/100 brn
|move|p2a: Blissey|Soft-Boiled|p2a: Blissey
|-heal|p2a: Blissey|100/100 brn
|
|-weather|RainDance|[upkeep]
|-heal|p1a: Rotom|48/100 tox|[from] item: Leftovers
|-damage|p1a: Rotom|30/100 tox|[from] psn
|-damage|p2a: Blissey|88/100 brn|[from] brn
|upkeep
|turn|31
|inactive|XXSuperNova has 90 seconds left.
|
|switch|p1a: Jellicent|Jellicent, M|80/100
|move|p2a: Blissey|Soft-Boiled|p2a: Blissey
|-heal|p2a: Blissey|100/100 brn
|
|-weather|RainDance|[upkeep]
|-heal|p1a: Jellicent|86/100|[from] item: Leftovers
|-damage|p2a: Blissey|88/100 brn|[from] brn
|upkeep
|turn|32
|inactive|XXSuperNova has 90 seconds left.
|
|move|p2a: Blissey|Soft-Boiled|p2a: Blissey
|-heal|p2a: Blissey|100/100 brn
|move|p1a: Jellicent|Scald|p2a: Blissey
|-damage|p2a: Blissey|90/100 brn
|
|-weather|RainDance|[upkeep]
|-heal|p1a: Jellicent|92/100|[from] item: Leftovers
|-damage|p2a: Blissey|78/100 brn|[from] brn
|upkeep
|turn|33
|inactive|XXSuperNova has 90 seconds left.
|
|move|p2a: Blissey|Soft-Boiled|p2a: Blissey
|-heal|p2a: Blissey|100/100 brn
|move|p1a: Jellicent|Scald|p2a: Blissey
|-damage|p2a: Blissey|89/100 brn
|
|-weather|RainDance|[upkeep]
|-heal|p1a: Jellicent|99/100|[from] item: Leftovers
|-damage|p2a: Blissey|76/100 brn|[from] brn
|upkeep
|turn|34
|inactive|XXSuperNova has 90 seconds left.
|
|-curestatus|p2a: Blissey|brn|[from] ability: Natural Cure
|switch|p2a: Rotom|Rotom-Wash|100/100
|move|p1a: Jellicent|Scald|p2a: Rotom
|-resisted|p2a: Rotom
|-damage|p2a: Rotom|76/100
|
|-weather|RainDance|[upkeep]
|-heal|p1a: Jellicent|100/100|[from] item: Leftovers
|upkeep
|turn|35
|
|move|p2a: Rotom|Volt Switch|p1a: Jellicent
|-supereffective|p1a: Jellicent
|-damage|p1a: Jellicent|65/100
|
|switch|p2a: Blissey|Blissey, F|76/100|[from]move: Volt Switch
|-damage|p2a: Blissey|60/100|[from] Spikes
|move|p1a: Jellicent|Toxic|p2a: Blissey|[miss]
|-miss|p1a: Jellicent|p2a: Blissey
|
|-weather|RainDance|[upkeep]
|-heal|p1a: Jellicent|71/100|[from] item: Leftovers
|upkeep
|turn|36
|
|move|p2a: Blissey|Toxic|p1a: Jellicent
|-status|p1a: Jellicent|tox
|move|p1a: Jellicent|Scald|p2a: Blissey
|-damage|p2a: Blissey|49/100
|-status|p2a: Blissey|brn
|
|-weather|RainDance|[upkeep]
|-heal|p1a: Jellicent|77/100 tox|[from] item: Leftovers
|-damage|p2a: Blissey|36/100 brn|[from] brn
|-damage|p1a: Jellicent|71/100 tox|[from] psn
|upkeep
|turn|37
|inactive|MP58 has 90 seconds left.
|
|-curestatus|p2a: Blissey|brn|[from] ability: Natural Cure
|switch|p2a: Rotom|Rotom-Wash|76/100
|move|p1a: Jellicent|Scald|p2a: Rotom
|-resisted|p2a: Rotom
|-damage|p2a: Rotom|53/100
|
|-weather|RainDance|[upkeep]
|-heal|p1a: Jellicent|77/100 tox|[from] item: Leftovers
|-damage|p1a: Jellicent|65/100 tox|[from] psn
|upkeep
|turn|38
|inactive|MP58 has 90 seconds left.
|
|move|p2a: Rotom|Volt Switch|p1a: Jellicent
|-supereffective|p1a: Jellicent
|-damage|p1a: Jellicent|25/100 tox
|inactive|XXSuperNova has 90 seconds left.
|
|switch|p2a: Scizor|Scizor, F|100/100|[from]move: Volt Switch
|-damage|p2a: Scizor|84/100|[from] Spikes
|move|p1a: Jellicent|Toxic|p2a: Scizor
|-immune|p2a: Scizor
|
|-weather|RainDance|[upkeep]
|-heal|p1a: Jellicent|31/100 tox|[from] item: Leftovers
|-damage|p1a: Jellicent|12/100 tox|[from] psn
|upkeep
|turn|39
|inactive|XXSuperNova has 90 seconds left.
|
|move|p2a: Scizor|Bullet Punch|p1a: Jellicent
|-resisted|p1a: Jellicent
|-damage|p1a: Jellicent|0 fnt
|-damage|p2a: Scizor|74/100|[from] item: Life Orb
|faint|p1a: Jellicent
|
|-weather|RainDance|[upkeep]
|upkeep
|
|switch|p1a: Politoed|Politoed, F|66/100 tox
|turn|40
|
|move|p1a: Politoed|Scald|p2a: Scizor
|-damage|p2a: Scizor|26/100
|-status|p2a: Scizor|brn
|move|p2a: Scizor|Swords Dance|p2a: Scizor
|-boost|p2a: Scizor|atk|2
|
|-weather|RainDance|[upkeep]
|-heal|p1a: Politoed|72/100 tox|[from] item: Leftovers
|-damage|p1a: Politoed|66/100 tox|[from] psn
|-damage|p2a: Scizor|14/100 brn|[from] brn
|upkeep
|turn|41
|
|move|p1a: Politoed|Protect|p1a: Politoed
|-singleturn|p1a: Politoed|Protect
|move|p2a: Scizor|Bullet Punch|p1a: Politoed
|-activate|p1a: Politoed|move: Protect
|
|-weather|RainDance|[upkeep]
|-heal|p1a: Politoed|72/100 tox|[from] item: Leftovers
|-damage|p1a: Politoed|60/100 tox|[from] psn
|-damage|p2a: Scizor|1/100 brn|[from] brn
|upkeep
|turn|42
|
|move|p1a: Politoed|Protect|p1a: Politoed
|-singleturn|p1a: Politoed|Protect
|move|p2a: Scizor|Bullet Punch|p1a: Politoed
|-activate|p1a: Politoed|move: Protect
|
|-weather|RainDance|[upkeep]
|-heal|p1a: Politoed|66/100 tox|[from] item: Leftovers
|-damage|p1a: Politoed|47/100 tox|[from] psn
|-damage|p2a: Scizor|0 fnt|[from] brn
|faint|p2a: Scizor
|upkeep
|
|switch|p2a: Blissey|Blissey, F|36/100
|-damage|p2a: Blissey|20/100|[from] Spikes
|turn|43
|
|move|p2a: Blissey|Soft-Boiled|p2a: Blissey
|-heal|p2a: Blissey|70/100
|move|p1a: Politoed|Scald|p2a: Blissey
|-damage|p2a: Blissey|58/100
|
|-weather|RainDance|[upkeep]
|-heal|p1a: Politoed|54/100 tox|[from] item: Leftovers
|-damage|p1a: Politoed|29/100 tox|[from] psn
|upkeep
|turn|44
|inactive|MP58 has 120 seconds left.
|
|move|p2a: Blissey|Soft-Boiled|p2a: Blissey
|-heal|p2a: Blissey|100/100
|move|p1a: Politoed|Scald|p2a: Blissey
|-crit|p2a: Blissey
|-damage|p2a: Blissey|76/100
|
|-weather|RainDance|[upkeep]
|-heal|p1a: Politoed|35/100 tox|[from] item: Leftovers
|-damage|p1a: Politoed|4/100 tox|[from] psn
|upkeep
|turn|45
|
|move|p2a: Blissey|Soft-Boiled|p2a: Blissey
|-heal|p2a: Blissey|100/100
|move|p1a: Politoed|Scald|p2a: Blissey
|-damage|p2a: Blissey|89/100
|
|-weather|RainDance|[upkeep]
|-heal|p1a: Politoed|10/100 tox|[from] item: Leftovers
|-damage|p1a: Politoed|0 fnt|[from] psn
|faint|p1a: Politoed
|upkeep
|
|switch|p1a: Rotom|Rotom-Wash|30/100 tox
|turn|46
|c|☆MP58|gg
|c|☆XXSuperNova|gg
|
|move|p1a: Rotom|Thunder|p2a: Blissey
|-damage|p2a: Blissey|71/100
|move|p2a: Blissey|Soft-Boiled|p2a: Blissey
|-heal|p2a: Blissey|100/100
|
|-weather|RainDance|[upkeep]
|-heal|p1a: Rotom|36/100 tox|[from] item: Leftovers
|-damage|p1a: Rotom|30/100 tox|[from] psn
|upkeep
|turn|47
|
|move|p1a: Rotom|Thunder|p2a: Blissey
|-damage|p2a: Blissey|81/100
|move|p2a: Blissey|Soft-Boiled|p2a: Blissey
|-heal|p2a: Blissey|100/100
|
|-weather|RainDance|[upkeep]
|-heal|p1a: Rotom|36/100 tox|[from] item: Leftovers
|-damage|p1a: Rotom|23/100 tox|[from] psn
|upkeep
|turn|48
|c|☆XXSuperNova|was definitely worried once I got tricked
|
|move|p1a: Rotom|Thunder|p2a: Blissey
|-damage|p2a: Blissey|81/100
|-status|p2a: Blissey|par
|move|p2a: Blissey|Soft-Boiled|p2a: Blissey
|-heal|p2a: Blissey|100/100 par
|
|-weather|RainDance|[upkeep]
|-heal|p1a: Rotom|30/100 tox|[from] item: Leftovers
|-damage|p1a: Rotom|11/100 tox|[from] psn
|upkeep
|turn|49
|c|☆MP58|I get that
|
|move|p1a: Rotom|Thunder|p2a: Blissey
|-damage|p2a: Blissey|82/100 par
|move|p2a: Blissey|Soft-Boiled|p2a: Blissey
|-heal|p2a: Blissey|100/100 par
|
|-weather|RainDance|[upkeep]
|-heal|p1a: Rotom|17/100 tox|[from] item: Leftovers
|-damage|p1a: Rotom|0 fnt|[from] psn
|faint|p1a: Rotom
|
|win|XXSuperNova
|upkeep
|l|☆MP58
|raw|MP58's rating: 1326 &rarr; <strong>1304</strong><br />(-22 for losing)
|raw|XXSuperNova's rating: 1306 &rarr; <strong>1327</strong><br />(+21 for winning)
