|j|☆Shaqzhou23
|j|☆dice
|t:|1716065419
|gametype|singles
|player|p1|Shaqzhou23|linebacker|1361
|player|p2|dice|#splxvwolfpack2|1597
|teamsize|p1|6
|teamsize|p2|6
|gen|5
|tier|[Gen 5] OU
|rated|
|rule|Species Clause: Limit one of each Pokémon
|rule|OHKO Clause: OHKO moves are banned
|rule|Moody Clause: Moody is banned
|rule|Evasion Items Clause: Evasion items are banned
|rule|Evasion Moves Clause: Evasion moves are banned
|rule|Endless Battle Clause: Forcing endless battles is banned
|rule|HP Percentage Mod: HP is shown in percentages
|rule|Evasion Abilities Clause: Evasion abilities are banned
|rule|Sleep Moves Clause: Sleep-inducing moves are banned
|rule|Swagger Clause: Swagger is banned
|rule|Baton Pass Stat Clause: No Baton Passer may have a way to boost its stats
|clearpoke
|poke|p1|Keldeo-Resolute|item
|poke|p1|Politoed, M|item
|poke|p1|Scizor, M|item
|poke|p1|Thundurus-Therian, M|item
|poke|p1|Ferrothorn, M|item
|poke|p1|Starmie|item
|poke|p2|Hippowdon, F|item
|poke|p2|Slowbro, M|item
|poke|p2|Xatu, M|item
|poke|p2|Excadrill, F|item
|poke|p2|Blissey, F|item
|poke|p2|Ditto|item
|teampreview
|inactive|Battle timer is ON: inactive players will automatically lose when time's up. (requested by Shaqzhou23)
|inactiveoff|Battle timer is now OFF.
|c|☆Shaqzhou23|gl hf
|
|t:|1716065465
|start
|switch|p1a: Ferrothorn|Ferrothorn, M|100/100
|switch|p2a: Hippowdon|Hippowdon, F|100/100
|-weather|Sandstorm|[from] ability: Sand Stream|[of] p2a: Hippowdon
|turn|1
|
|t:|1716065469
|switch|p2a: Xatu|Xatu, M|100/100
|move|p1a: Ferrothorn|Power Whip|p2a: Xatu
|-resisted|p2a: Xatu
|-damage|p2a: Xatu|81/100
|
|-weather|Sandstorm|[upkeep]
|-damage|p2a: Xatu|75/100|[from] Sandstorm
|-heal|p2a: Xatu|81/100|[from] item: Leftovers
|upkeep
|turn|2
|
|t:|1716065474
|switch|p1a: Thundurus|Thundurus-Therian, M|100/100
|move|p2a: Xatu|Reflect|p2a: Xatu
|-sidestart|p2: dice|Reflect
|
|-weather|Sandstorm|[upkeep]
|-damage|p1a: Thundurus|94/100|[from] Sandstorm
|-damage|p2a: Xatu|75/100|[from] Sandstorm
|-heal|p2a: Xatu|81/100|[from] item: Leftovers
|upkeep
|turn|3
|
|t:|1716065481
|switch|p2a: Blissey|Blissey, F|100/100
|move|p1a: Thundurus|Hidden Power|p2a: Blissey
|-damage|p2a: Blissey|91/100
|
|-weather|Sandstorm|[upkeep]
|-damage|p1a: Thundurus|88/100|[from] Sandstorm
|-damage|p2a: Blissey|85/100|[from] Sandstorm
|-heal|p2a: Blissey|91/100|[from] item: Leftovers
|upkeep
|turn|4
|
|t:|1716065487
|switch|p1a: Ferrothorn|Ferrothorn, M|100/100
|move|p2a: Blissey|Thunder Wave|p1a: Ferrothorn
|-status|p1a: Ferrothorn|par
|
|-weather|Sandstorm|[upkeep]
|-damage|p2a: Blissey|85/100|[from] Sandstorm
|-heal|p2a: Blissey|91/100|[from] item: Leftovers
|upkeep
|turn|5
|
|t:|1716065492
|switch|p2a: Xatu|Xatu, M|81/100
|cant|p1a: Ferrothorn|par
|
|-weather|Sandstorm|[upkeep]
|-damage|p2a: Xatu|75/100|[from] Sandstorm
|-heal|p2a: Xatu|81/100|[from] item: Leftovers
|upkeep
|turn|6
|
|t:|1716065500
|switch|p1a: Thundurus|Thundurus-Therian, M|88/100
|move|p2a: Xatu|Night Shade|p1a: Thundurus
|-damage|p1a: Thundurus|55/100
|
|-weather|Sandstorm|[upkeep]
|-damage|p1a: Thundurus|49/100|[from] Sandstorm
|-damage|p2a: Xatu|75/100|[from] Sandstorm
|-heal|p2a: Xatu|81/100|[from] item: Leftovers
|-sideend|p2: dice|Reflect
|upkeep
|turn|7
|
|t:|1716065508
|switch|p2a: Blissey|Blissey, F|91/100
|move|p1a: Thundurus|Volt Switch|p2a: Blissey
|-damage|p2a: Blissey|78/100
|
|t:|1716065512
|switch|p1a: Scizor|Scizor, M|100/100|[from] Volt Switch
|
|-weather|Sandstorm|[upkeep]
|-damage|p2a: Blissey|72/100|[from] Sandstorm
|-heal|p2a: Blissey|78/100|[from] item: Leftovers
|upkeep
|turn|8
|
|t:|1716065522
|move|p1a: Scizor|U-turn|p2a: Blissey
|-damage|p2a: Blissey|28/100
|
|t:|1716065526
|switch|p1a: Keldeo|Keldeo-Resolute|100/100|[from] U-turn
|move|p2a: Blissey|Soft-Boiled|p2a: Blissey
|-heal|p2a: Blissey|78/100
|
|-weather|Sandstorm|[upkeep]
|-damage|p1a: Keldeo|94/100|[from] Sandstorm
|-damage|p2a: Blissey|72/100|[from] Sandstorm
|-heal|p2a: Blissey|78/100|[from] item: Leftovers
|upkeep
|turn|9
|
|t:|1716065533
|switch|p2a: Slowbro|Slowbro, M|100/100
|move|p1a: Keldeo|Secret Sword|p2a: Slowbro
|-resisted|p2a: Slowbro
|-crit|p2a: Slowbro
|-damage|p2a: Slowbro|59/100
|
|-weather|Sandstorm|[upkeep]
|-damage|p1a: Keldeo|88/100|[from] Sandstorm
|-damage|p2a: Slowbro|53/100|[from] Sandstorm
|upkeep
|turn|10
|
|t:|1716065539
|switch|p1a: Ferrothorn|Ferrothorn, M|100/100 par
|move|p2a: Slowbro|Scald|p1a: Ferrothorn
|-resisted|p1a: Ferrothorn
|-damage|p1a: Ferrothorn|91/100 par
|
|-weather|Sandstorm|[upkeep]
|-damage|p2a: Slowbro|47/100|[from] Sandstorm
|-heal|p1a: Ferrothorn|97/100 par|[from] item: Leftovers
|upkeep
|turn|11
|
|t:|1716065549
|switch|p2a: Xatu|Xatu, M|81/100
|switch|p1a: Thundurus|Thundurus-Therian, M|49/100
|
|-weather|Sandstorm|[upkeep]
|-damage|p1a: Thundurus|43/100|[from] Sandstorm
|-damage|p2a: Xatu|75/100|[from] Sandstorm
|-heal|p2a: Xatu|81/100|[from] item: Leftovers
|upkeep
|turn|12
|
|t:|1716065561
|switch|p1a: Keldeo|Keldeo-Resolute|88/100
|switch|p2a: Hippowdon|Hippowdon, F|100/100
|
|-weather|Sandstorm|[upkeep]
|-damage|p1a: Keldeo|82/100|[from] Sandstorm
|upkeep
|turn|13
|
|t:|1716065568
|switch|p2a: Slowbro|Slowbro, M|80/100
|move|p1a: Keldeo|Hydro Pump|p2a: Slowbro
|-resisted|p2a: Slowbro
|-damage|p2a: Slowbro|32/100
|
|-weather|Sandstorm|[upkeep]
|-damage|p1a: Keldeo|76/100|[from] Sandstorm
|-damage|p2a: Slowbro|26/100|[from] Sandstorm
|upkeep
|turn|14
|
|t:|1716065576
|switch|p1a: Scizor|Scizor, M|100/100
|switch|p2a: Ditto|Ditto|100/100
|-transform|p2a: Ditto|p1a: Scizor|[from] ability: Imposter
|
|-weather|Sandstorm|[upkeep]
|upkeep
|turn|15
|
|t:|1716065584
|move|p2a: Ditto|U-turn|p1a: Scizor
|-resisted|p1a: Scizor
|-damage|p1a: Scizor|78/100
|
|t:|1716065592
|switch|p2a: Excadrill|Excadrill, F|100/100|[from] U-turn
|move|p1a: Scizor|U-turn|p2a: Excadrill
|-resisted|p2a: Excadrill
|-crit|p2a: Excadrill
|-damage|p2a: Excadrill|23/100
|
|t:|1716065605
|switch|p1a: Keldeo|Keldeo-Resolute|76/100|[from] U-turn
|
|-weather|Sandstorm|[upkeep]
|-damage|p1a: Keldeo|70/100|[from] Sandstorm
|upkeep
|turn|16
|
|t:|1716065612
|switch|p2a: Blissey|Blissey, F|78/100
|move|p1a: Keldeo|Secret Sword|p2a: Blissey
|-supereffective|p2a: Blissey
|-damage|p2a: Blissey|0 fnt
|faint|p2a: Blissey
|
|-weather|Sandstorm|[upkeep]
|-damage|p1a: Keldeo|63/100|[from] Sandstorm
|upkeep
|
|t:|1716065619
|switch|p2a: Xatu|Xatu, M|81/100
|turn|17
|
|t:|1716065630
|switch|p1a: Politoed|Politoed, M|100/100
|-weather|RainDance|[from] ability: Drizzle|[of] p1a: Politoed
|move|p2a: Xatu|U-turn|p1a: Politoed
|-damage|p1a: Politoed|84/100
|
|t:|1716065634
|switch|p2a: Hippowdon|Hippowdon, F|100/100|[from] U-turn
|-weather|Sandstorm|[from] ability: Sand Stream|[of] p2a: Hippowdon
|
|-weather|Sandstorm|[upkeep]
|-damage|p1a: Politoed|78/100|[from] Sandstorm
|upkeep
|turn|18
|
|t:|1716065643
|switch|p2a: Slowbro|Slowbro, M|59/100
|move|p1a: Politoed|Hydro Pump|p2a: Slowbro|[miss]
|-miss|p1a: Politoed|p2a: Slowbro
|
|-weather|Sandstorm|[upkeep]
|-damage|p1a: Politoed|71/100|[from] Sandstorm
|-damage|p2a: Slowbro|53/100|[from] Sandstorm
|upkeep
|turn|19
|
|t:|1716065651
|switch|p1a: Ferrothorn|Ferrothorn, M|97/100 par
|move|p2a: Slowbro|Slack Off|p2a: Slowbro
|-heal|p2a: Slowbro|100/100
|
|-weather|Sandstorm|[upkeep]
|-damage|p2a: Slowbro|94/100|[from] Sandstorm
|-heal|p1a: Ferrothorn|100/100 par|[from] item: Leftovers
|upkeep
|turn|20
|
|t:|1716065655
|move|p2a: Slowbro|Scald|p1a: Ferrothorn
|-resisted|p1a: Ferrothorn
|-damage|p1a: Ferrothorn|91/100 par
|move|p1a: Ferrothorn|Gyro Ball|p2a: Slowbro
|-resisted|p2a: Slowbro
|-damage|p2a: Slowbro|80/100
|-damage|p1a: Ferrothorn|74/100 par|[from] item: Rocky Helmet|[of] p2a: Slowbro
|
|-weather|Sandstorm|[upkeep]
|-damage|p2a: Slowbro|74/100|[from] Sandstorm
|-heal|p1a: Ferrothorn|80/100 par|[from] item: Leftovers
|upkeep
|turn|21
|
|t:|1716065661
|switch|p2a: Xatu|Xatu, M|81/100
|cant|p1a: Ferrothorn|par
|
|-weather|Sandstorm|[upkeep]
|-damage|p2a: Xatu|75/100|[from] Sandstorm
|-heal|p2a: Xatu|81/100|[from] item: Leftovers
|-heal|p1a: Ferrothorn|87/100 par|[from] item: Leftovers
|upkeep
|turn|22
|
|t:|1716065668
|move|p2a: Xatu|Reflect|p2a: Xatu
|-sidestart|p2: dice|Reflect
|cant|p1a: Ferrothorn|par
|
|-weather|Sandstorm|[upkeep]
|-damage|p2a: Xatu|75/100|[from] Sandstorm
|-heal|p2a: Xatu|81/100|[from] item: Leftovers
|-heal|p1a: Ferrothorn|93/100 par|[from] item: Leftovers
|upkeep
|turn|23
|
|t:|1716065675
|switch|p1a: Thundurus|Thundurus-Therian, M|43/100
|move|p2a: Xatu|Night Shade|p1a: Thundurus
|-damage|p1a: Thundurus|10/100
|
|-weather|Sandstorm|[upkeep]
|-damage|p1a: Thundurus|4/100|[from] Sandstorm
|-damage|p2a: Xatu|75/100|[from] Sandstorm
|-heal|p2a: Xatu|81/100|[from] item: Leftovers
|upkeep
|turn|24
|
|t:|1716065686
|switch|p2a: Excadrill|Excadrill, F|23/100
|move|p1a: Thundurus|Thunder|p2a: Excadrill
|-immune|p2a: Excadrill
|
|-weather|Sandstorm|[upkeep]
|-damage|p1a: Thundurus|0 fnt|[from] Sandstorm
|faint|p1a: Thundurus
|upkeep
|
|t:|1716065696
|switch|p1a: Keldeo|Keldeo-Resolute|63/100
|turn|25
|
|t:|1716065701
|switch|p2a: Slowbro|Slowbro, M|100/100
|move|p1a: Keldeo|Hydro Pump|p2a: Slowbro
|-resisted|p2a: Slowbro
|-damage|p2a: Slowbro|54/100
|
|-weather|Sandstorm|[upkeep]
|-damage|p1a: Keldeo|57/100|[from] Sandstorm
|-damage|p2a: Slowbro|48/100|[from] Sandstorm
|upkeep
|turn|26
|
|t:|1716065707
|move|p1a: Keldeo|Hydro Pump|p2a: Slowbro
|-resisted|p2a: Slowbro
|-damage|p2a: Slowbro|0 fnt
|faint|p2a: Slowbro
|
|-weather|Sandstorm|[upkeep]
|-damage|p1a: Keldeo|51/100|[from] Sandstorm
|-sideend|p2: dice|Reflect
|upkeep
|
|t:|1716065711
|switch|p2a: Excadrill|Excadrill, F|23/100
|turn|27
|
|t:|1716065715
|switch|p1a: Ferrothorn|Ferrothorn, M|93/100 par
|move|p2a: Excadrill|Earthquake|p1a: Ferrothorn
|-damage|p1a: Ferrothorn|23/100 par
|
|-weather|Sandstorm|[upkeep]
|-heal|p1a: Ferrothorn|29/100 par|[from] item: Leftovers
|upkeep
|turn|28
|
|t:|1716065723
|move|p2a: Excadrill|Earthquake|p1a: Ferrothorn
|-damage|p1a: Ferrothorn|0 fnt
|faint|p1a: Ferrothorn
|
|-weather|Sandstorm|[upkeep]
|upkeep
|
|t:|1716065727
|switch|p1a: Starmie|Starmie|100/100
|turn|29
|
|t:|1716065732
|switch|p2a: Ditto|Ditto|100/100
|-transform|p2a: Ditto|p1a: Starmie|[from] ability: Imposter
|move|p1a: Starmie|Hydro Pump|p2a: Ditto
|-resisted|p2a: Ditto
|-damage|p2a: Ditto|55/100
|
|-weather|Sandstorm|[upkeep]
|-damage|p2a: Ditto|49/100|[from] Sandstorm
|-damage|p1a: Starmie|94/100|[from] Sandstorm
|upkeep
|turn|30
|
|t:|1716065743
|move|p2a: Ditto|Hydro Pump|p1a: Starmie
|-resisted|p1a: Starmie
|-damage|p1a: Starmie|53/100
|move|p1a: Starmie|Hydro Pump|p2a: Ditto
|-resisted|p2a: Ditto
|-damage|p2a: Ditto|5/100
|
|-weather|Sandstorm|[upkeep]
|-damage|p2a: Ditto|0 fnt|[from] Sandstorm
|-damage|p1a: Starmie|47/100|[from] Sandstorm
|faint|p2a: Ditto
|upkeep
|-message|dice forfeited.
|
|win|Shaqzhou23
|raw|Shaqzhou23's rating: 1361 &rarr; <strong>1393</strong><br />(+32 for winning)
|raw|dice's rating: 1597 &rarr; <strong>1565</strong><br />(-32 for losing)
|l|☆dice
|player|p2|
|c|☆Shaqzhou23|gg
