|j|☆daddy_days2
|j|☆Cinema Staff Fan
|t:|1741947321
|gametype|singles
|player|p1|daddy_days2|benga|1411
|player|p2|Cinema Staff Fan|iris|1420
|teamsize|p1|6
|teamsize|p2|6
|gen|5
|tier|[Gen 5] OU
|rated|
|rule|Species Clause: Limit one of each Pokémon
|rule|OHKO Clause: OHKO moves are banned
|rule|Moody Clause: Moody is banned
|rule|Evasion Items Clause: Evasion items are banned
|rule|Evasion Moves Clause: Evasion moves are banned
|rule|Endless Battle Clause: Forcing endless battles is banned
|rule|HP Percentage Mod: HP is shown in percentages
|rule|Evasion Abilities Clause: Evasion abilities are banned
|rule|Sleep Moves Clause: Sleep-inducing moves are banned
|rule|Swagger Clause: Swagger is banned
|rule|Baton Pass Stat Clause: No Baton Passer may have a way to boost its stats
|clearpoke
|poke|p1|Kyurem-Black|item
|poke|p1|Garchomp, M|item
|poke|p1|Conkeldurr, M|item
|poke|p1|Starmie|item
|poke|p1|Bisharp, M|item
|poke|p1|Scyther, M|item
|poke|p2|Keldeo|item
|poke|p2|Politoed, M|item
|poke|p2|Excadrill, M|item
|poke|p2|Conkeldurr, F|item
|poke|p2|Toxicroak, F|item
|poke|p2|Alakazam, F|item
|teampreview
|inactive|Battle timer is ON: inactive players will automatically lose when time's up. (requested by Cinema Staff Fan)
|
|t:|1741947341
|start
|switch|p1a: Insane Dwayne|Kyurem-Black|100/100
|switch|p2a: Keldeo|Keldeo|100/100
|-ability|p1a: Insane Dwayne|Teravolt
|turn|1
|
|t:|1741947352
|switch|p1a: Blade|Scyther, M|100/100
|move|p2a: Keldeo|Secret Sword|p1a: Blade
|-resisted|p1a: Blade
|-damage|p1a: Blade|76/100
|
|upkeep
|turn|2
|
|t:|1741947367
|switch|p2a: Conkeldurr|Conkeldurr, F|100/100
|move|p1a: Blade|U-turn|p2a: Conkeldurr
|-resisted|p2a: Conkeldurr
|-damage|p2a: Conkeldurr|84/100
|
|t:|1741947377
|switch|p1a: Shrekster|Conkeldurr, M|100/100|[from] U-turn
|
|upkeep
|turn|3
|
|t:|1741947384
|move|p2a: Conkeldurr|Drain Punch|p1a: Shrekster
|-damage|p1a: Shrekster|42/100
|-heal|p2a: Conkeldurr|100/100|[from] drain|[of] p1a: Shrekster
|-damage|p2a: Conkeldurr|91/100|[from] item: Life Orb
|move|p1a: Shrekster|Drain Punch|p2a: Conkeldurr
|-damage|p2a: Conkeldurr|38/100
|-heal|p1a: Shrekster|70/100|[from] drain|[of] p2a: Conkeldurr
|
|-heal|p1a: Shrekster|77/100|[from] item: Leftovers
|upkeep
|turn|4
|
|t:|1741947396
|move|p2a: Conkeldurr|Drain Punch|p1a: Shrekster
|-damage|p1a: Shrekster|24/100
|-heal|p2a: Conkeldurr|62/100|[from] drain|[of] p1a: Shrekster
|-damage|p2a: Conkeldurr|52/100|[from] item: Life Orb
|move|p1a: Shrekster|Drain Punch|p2a: Conkeldurr
|-crit|p2a: Conkeldurr
|-damage|p2a: Conkeldurr|0 fnt
|-heal|p1a: Shrekster|52/100|[from] drain|[of] p2a: Conkeldurr
|faint|p2a: Conkeldurr
|
|-heal|p1a: Shrekster|58/100|[from] item: Leftovers
|upkeep
|
|t:|1741947411
|switch|p2a: Alakazam|Alakazam, F|100/100
|turn|5
|
|t:|1741947416
|switch|p1a: Adolf|Bisharp, M|100/100
|-item|p1a: Adolf|Air Balloon
|move|p2a: Alakazam|Focus Blast|p1a: Adolf
|-supereffective|p1a: Adolf
|-damage|p1a: Adolf|0 fnt
|-enditem|p1a: Adolf|Air Balloon
|faint|p1a: Adolf
|
|upkeep
|
|t:|1741947427
|switch|p1a: Starlight|Starmie|100/100
|turn|6
|
|t:|1741947436
|switch|p2a: Excadrill|Excadrill, M|100/100
|-ability|p2a: Excadrill|Mold Breaker
|move|p1a: Starlight|Thunder Wave|p2a: Excadrill
|-immune|p2a: Excadrill
|
|upkeep
|turn|7
|
|t:|1741947444
|move|p1a: Starlight|Hydro Pump|p2a: Excadrill
|-supereffective|p2a: Excadrill
|-damage|p2a: Excadrill|35/100
|move|p2a: Excadrill|Earthquake|p1a: Starlight
|-damage|p1a: Starlight|49/100
|
|-heal|p1a: Starlight|56/100|[from] item: Leftovers
|-heal|p2a: Excadrill|41/100|[from] item: Leftovers
|upkeep
|turn|8
|
|t:|1741947455
|move|p1a: Starlight|Hydro Pump|p2a: Excadrill
|-supereffective|p2a: Excadrill
|-damage|p2a: Excadrill|0 fnt
|faint|p2a: Excadrill
|
|-heal|p1a: Starlight|62/100|[from] item: Leftovers
|upkeep
|
|t:|1741947475
|switch|p2a: Alakazam|Alakazam, F|100/100
|turn|9
|
|t:|1741947481
|switch|p1a: Blade|Scyther, M|76/100
|move|p2a: Alakazam|Shadow Ball|p1a: Blade
|-damage|p1a: Blade|31/100
|
|upkeep
|turn|10
|
|t:|1741947495
|move|p1a: Blade|U-turn|p2a: Alakazam
|-supereffective|p2a: Alakazam
|-enditem|p2a: Alakazam|Focus Sash
|-damage|p2a: Alakazam|1/100
|inactive|daddy_days2 has 120 seconds left.
|
|t:|1741947525
|switch|p1a: Shrekster|Conkeldurr, M|58/100|[from] U-turn
|move|p2a: Alakazam|Psychic|p1a: Shrekster
|-supereffective|p1a: Shrekster
|-damage|p1a: Shrekster|0 fnt
|faint|p1a: Shrekster
|
|upkeep
|inactive|daddy_days2 has 120 seconds left.
|
|t:|1741947534
|switch|p1a: Blade|Scyther, M|31/100
|turn|11
|
|t:|1741947538
|move|p1a: Blade|Aerial Ace|p2a: Alakazam
|-damage|p2a: Alakazam|0 fnt
|faint|p2a: Alakazam
|
|upkeep
|
|t:|1741947557
|switch|p2a: Politoed|Politoed, M|100/100
|-weather|RainDance|[from] ability: Drizzle|[of] p2a: Politoed
|turn|12
|
|t:|1741947563
|switch|p1a: Starlight|Starmie|62/100
|move|p2a: Politoed|Scald|p1a: Starlight
|-resisted|p1a: Starlight
|-damage|p1a: Starlight|30/100
|
|-weather|RainDance|[upkeep]
|-heal|p1a: Starlight|36/100|[from] item: Leftovers
|upkeep
|turn|13
|
|t:|1741947572
|move|p2a: Politoed|Scald|p1a: Starlight
|-resisted|p1a: Starlight
|-damage|p1a: Starlight|8/100
|-status|p1a: Starlight|brn
|move|p1a: Starlight|Thunder Wave|p2a: Politoed
|-status|p2a: Politoed|par
|
|-weather|RainDance|[upkeep]
|-heal|p1a: Starlight|14/100 brn|[from] item: Leftovers
|-damage|p1a: Starlight|2/100 brn|[from] brn
|upkeep
|turn|14
|
|t:|1741947584
|move|p1a: Starlight|Psyshock|p2a: Politoed
|-crit|p2a: Politoed
|-damage|p2a: Politoed|30/100 par
|cant|p2a: Politoed|par
|
|-weather|RainDance|[upkeep]
|-heal|p1a: Starlight|8/100 brn|[from] item: Leftovers
|-damage|p1a: Starlight|0 fnt|[from] brn
|faint|p1a: Starlight
|upkeep
|
|t:|1741947595
|switch|p1a: Insane Dwayne|Kyurem-Black|100/100
|-ability|p1a: Insane Dwayne|Teravolt
|turn|15
|
|t:|1741947600
|move|p1a: Insane Dwayne|Fusion Bolt|p2a: Politoed
|-supereffective|p2a: Politoed
|-damage|p2a: Politoed|0 fnt
|faint|p2a: Politoed
|
|-weather|RainDance|[upkeep]
|upkeep
|
|t:|1741947618
|switch|p2a: Keldeo|Keldeo|100/100
|turn|16
|
|t:|1741947621
|move|p2a: Keldeo|Scald|p1a: Insane Dwayne
|-resisted|p1a: Insane Dwayne
|-damage|p1a: Insane Dwayne|59/100
|-status|p1a: Insane Dwayne|brn
|move|p1a: Insane Dwayne|Fusion Bolt|p2a: Keldeo
|-supereffective|p2a: Keldeo
|-crit|p2a: Keldeo
|-damage|p2a: Keldeo|0 fnt
|faint|p2a: Keldeo
|
|-weather|RainDance|[upkeep]
|-damage|p1a: Insane Dwayne|47/100 brn|[from] brn
|upkeep
|
|t:|1741947632
|switch|p2a: Toxicroak|Toxicroak, F|100/100
|-item|p2a: Toxicroak|Air Balloon
|turn|17
|
|t:|1741947637
|move|p1a: Insane Dwayne|Fusion Bolt|p2a: Toxicroak
|-damage|p2a: Toxicroak|48/100
|-enditem|p2a: Toxicroak|Air Balloon
|move|p2a: Toxicroak|Swords Dance|p2a: Toxicroak
|-boost|p2a: Toxicroak|atk|2
|
|-weather|RainDance|[upkeep]
|-heal|p2a: Toxicroak|60/100|[from] ability: Dry Skin
|-damage|p1a: Insane Dwayne|35/100 brn|[from] brn
|upkeep
|turn|18
|
|t:|1741947658
|move|p1a: Insane Dwayne|Fusion Bolt|p2a: Toxicroak
|-damage|p2a: Toxicroak|3/100
|move|p2a: Toxicroak|Swords Dance|p2a: Toxicroak
|-boost|p2a: Toxicroak|atk|2
|
|-weather|RainDance|[upkeep]
|-heal|p2a: Toxicroak|15/100|[from] ability: Dry Skin
|-damage|p1a: Insane Dwayne|22/100 brn|[from] brn
|upkeep
|turn|19
|
|t:|1741947669
|move|p2a: Toxicroak|Sucker Punch|p1a: Insane Dwayne
|-damage|p1a: Insane Dwayne|0 fnt
|faint|p1a: Insane Dwayne
|
|-weather|RainDance|[upkeep]
|-heal|p2a: Toxicroak|28/100|[from] ability: Dry Skin
|upkeep
|
|t:|1741947676
|switch|p1a: Painkiller|Garchomp, M|100/100
|turn|20
|
|t:|1741947684
|move|p2a: Toxicroak|Ice Punch|p1a: Painkiller
|-supereffective|p1a: Painkiller
|-damage|p1a: Painkiller|0 fnt
|-damage|p2a: Toxicroak|15/100|[from] ability: Rough Skin|[of] p1a: Painkiller
|-damage|p2a: Toxicroak|0 fnt|[from] item: Rocky Helmet|[of] p1a: Painkiller
|faint|p2a: Toxicroak
|faint|p1a: Painkiller
|
|win|daddy_days2
|raw|daddy_days2's rating: 1411 &rarr; <strong>1432</strong><br />(+21 for winning)
|raw|Cinema Staff Fan's rating: 1420 &rarr; <strong>1399</strong><br />(-21 for losing)
|c|☆daddy_days2|gg
|l|☆Cinema Staff Fan
|player|p2|
