|j|☆jonathangamezr
|j|☆BookofConke
|t:|1702799233
|gametype|singles
|player|p1|jonathangamezr|n|1348
|player|p2|BookofConke|silver-masters|1487
|teamsize|p1|6
|teamsize|p2|6
|gen|5
|tier|[Gen 5] OU
|rated|
|rule|Species Clause: Limit one of each Pokémon
|rule|OHKO Clause: OHKO moves are banned
|rule|Moody Clause: Moody is banned
|rule|Evasion Items Clause: Evasion items are banned
|rule|Evasion Moves Clause: Evasion moves are banned
|rule|Endless Battle Clause: Forcing endless battles is banned
|rule|HP Percentage Mod: HP is shown in percentages
|rule|Evasion Abilities Clause: Evasion abilities are banned
|rule|Sleep Moves Clause: Sleep-inducing moves are banned
|rule|Swagger Clause: Swagger is banned
|rule|Baton Pass Stat Clause: No Baton Passer may have a way to boost its stats
|clearpoke
|poke|p1|Gastrodon, M|item
|poke|p1|Ferrothorn, M|item
|poke|p1|Blissey, F|item
|poke|p1|Gliscor, F|item
|poke|p1|Tentacruel, F|item
|poke|p1|Cofagrigus, F|item
|poke|p2|Kyurem-Black|item
|poke|p2|Garchomp, M|item
|poke|p2|Magnezone|item
|poke|p2|Salamence, F|item
|poke|p2|Scizor, M|item
|poke|p2|Starmie|item
|teampreview
|inactive|Battle timer is ON: inactive players will automatically lose when time's up. (requested by jonathangamezr)
|
|t:|1702799249
|start
|switch|p1a: Ferrothorn|Ferrothorn, M|100/100
|switch|p2a: Garchomp|Garchomp, M|100/100
|turn|1
|
|t:|1702799256
|switch|p2a: Magnezone|Magnezone|100/100
|move|p1a: Ferrothorn|Stealth Rock|p2a: Magnezone
|-sidestart|p2: BookofConke|move: Stealth Rock
|
|upkeep
|turn|2
|
|t:|1702799263
|move|p2a: Magnezone|Hidden Power|p1a: Ferrothorn
|-supereffective|p1a: Ferrothorn
|-damage|p1a: Ferrothorn|37/100
|move|p1a: Ferrothorn|Leech Seed|p2a: Magnezone|[miss]
|-miss|p1a: Ferrothorn|p2a: Magnezone
|
|upkeep
|turn|3
|
|t:|1702799271
|move|p2a: Magnezone|Hidden Power|p1a: Ferrothorn
|-supereffective|p1a: Ferrothorn
|-damage|p1a: Ferrothorn|0 fnt
|faint|p1a: Ferrothorn
|
|upkeep
|
|t:|1702799278
|switch|p1a: Tentacruel|Tentacruel, F|100/100
|turn|4
|
|t:|1702799284
|move|p2a: Magnezone|Thunderbolt|p1a: Tentacruel
|-supereffective|p1a: Tentacruel
|-damage|p1a: Tentacruel|36/100
|move|p1a: Tentacruel|Ice Beam|p2a: Magnezone
|-resisted|p2a: Magnezone
|-damage|p2a: Magnezone|88/100
|
|-heal|p1a: Tentacruel|42/100|[from] item: Leftovers
|upkeep
|turn|5
|
|t:|1702799304
|switch|p2a: Starmie|Starmie|100/100
|-damage|p2a: Starmie|88/100|[from] Stealth Rock
|-item|p2a: Starmie|Air Balloon
|switch|p1a: Gliscor|Gliscor, F|100/100
|
|-status|p1a: Gliscor|tox|[from] item: Toxic Orb
|upkeep
|turn|6
|
|t:|1702799325
|switch|p1a: Cofagrigus|Cofagrigus, F|100/100
|move|p2a: Starmie|Rapid Spin|p1a: Cofagrigus
|-immune|p1a: Cofagrigus
|
|upkeep
|turn|7
|
|t:|1702799350
|switch|p2a: Magnezone|Magnezone|88/100
|-damage|p2a: Magnezone|82/100|[from] Stealth Rock
|move|p1a: Cofagrigus|Will-O-Wisp|p2a: Magnezone|[miss]
|-miss|p1a: Cofagrigus|p2a: Magnezone
|
|upkeep
|turn|8
|
|t:|1702799361
|switch|p1a: Gliscor|Gliscor, F|100/100 tox
|move|p2a: Magnezone|Thunderbolt|p1a: Gliscor
|-immune|p1a: Gliscor
|
|upkeep
|turn|9
|inactive|BookofConke has 120 seconds left.
|
|t:|1702799378
|move|p1a: Gliscor|Substitute|p1a: Gliscor
|-start|p1a: Gliscor|Substitute
|-damage|p1a: Gliscor|76/100 tox
|move|p2a: Magnezone|Hidden Power|p1a: Gliscor
|-end|p1a: Gliscor|Substitute
|
|-heal|p1a: Gliscor|88/100 tox|[from] ability: Poison Heal
|upkeep
|turn|10
|inactive|BookofConke has 120 seconds left.
|
|t:|1702799394
|move|p1a: Gliscor|Earthquake|p2a: Magnezone
|-supereffective|p2a: Magnezone
|-damage|p2a: Magnezone|0 fnt
|faint|p2a: Magnezone
|
|-heal|p1a: Gliscor|100/100 tox|[from] ability: Poison Heal
|upkeep
|
|t:|1702799409
|switch|p2a: Kyurem|Kyurem-Black|100/100
|-damage|p2a: Kyurem|76/100|[from] Stealth Rock
|-ability|p2a: Kyurem|Teravolt
|turn|11
|
|t:|1702799415
|switch|p1a: Cofagrigus|Cofagrigus, F|100/100
|move|p2a: Kyurem|Outrage|p1a: Cofagrigus
|-damage|p1a: Cofagrigus|26/100
|-activate|p1a: Cofagrigus|ability: Mummy|Teravolt|[of] p2a: Kyurem
|
|-heal|p1a: Cofagrigus|33/100|[from] item: Leftovers
|upkeep
|turn|12
|
|t:|1702799429
|switch|p1a: Gliscor|Gliscor, F|100/100 tox
|move|p2a: Kyurem|Outrage|p1a: Gliscor|[from]lockedmove
|-damage|p1a: Gliscor|21/100 tox
|-start|p2a: Kyurem|confusion|[fatigue]
|
|-heal|p1a: Gliscor|33/100 tox|[from] ability: Poison Heal
|upkeep
|turn|13
|
|t:|1702799444
|move|p1a: Gliscor|Protect|p1a: Gliscor
|-singleturn|p1a: Gliscor|Protect
|-activate|p2a: Kyurem|confusion
|-damage|p2a: Kyurem|61/100|[from] confusion
|
|-heal|p1a: Gliscor|46/100 tox|[from] ability: Poison Heal
|upkeep
|turn|14
|
|t:|1702799455
|switch|p1a: Cofagrigus|Cofagrigus, F|33/100
|-activate|p2a: Kyurem|confusion
|-damage|p2a: Kyurem|47/100|[from] confusion
|
|-heal|p1a: Cofagrigus|39/100|[from] item: Leftovers
|upkeep
|turn|15
|
|t:|1702799463
|-end|p2a: Kyurem|confusion
|move|p2a: Kyurem|Outrage|p1a: Cofagrigus
|-damage|p1a: Cofagrigus|0 fnt
|faint|p1a: Cofagrigus
|
|upkeep
|
|t:|1702799471
|switch|p1a: Gastrodon|Gastrodon, M|100/100
|turn|16
|
|t:|1702799480
|move|p2a: Kyurem|Outrage|p1a: Gastrodon|[from]lockedmove
|-damage|p1a: Gastrodon|0 fnt
|faint|p1a: Gastrodon
|
|upkeep
|
|t:|1702799486
|switch|p1a: Tentacruel|Tentacruel, F|42/100
|turn|17
|
|t:|1702799490
|move|p2a: Kyurem|Outrage|p1a: Tentacruel|[from]lockedmove
|-damage|p1a: Tentacruel|0 fnt
|faint|p1a: Tentacruel
|-start|p2a: Kyurem|confusion|[fatigue]
|
|upkeep
|
|t:|1702799497
|switch|p1a: Gliscor|Gliscor, F|46/100 tox
|turn|18
|
|t:|1702799503
|switch|p2a: Starmie|Starmie|88/100
|-damage|p2a: Starmie|76/100|[from] Stealth Rock
|-item|p2a: Starmie|Air Balloon
|move|p1a: Gliscor|Earthquake|p2a: Starmie
|-immune|p2a: Starmie
|
|-heal|p1a: Gliscor|58/100 tox|[from] ability: Poison Heal
|upkeep
|turn|19
|
|t:|1702799514
|move|p2a: Starmie|Rapid Spin|p1a: Gliscor
|-damage|p1a: Gliscor|56/100 tox
|-sideend|p2: BookofConke|Stealth Rock|[from] move: Rapid Spin|[of] p2a: Starmie
|move|p1a: Gliscor|Toxic|p2a: Starmie
|-status|p2a: Starmie|tox
|
|-damage|p2a: Starmie|70/100 tox|[from] psn
|-heal|p1a: Gliscor|69/100 tox|[from] ability: Poison Heal
|upkeep
|turn|20
|
|t:|1702799527
|move|p1a: Gliscor|Protect|p1a: Gliscor
|-singleturn|p1a: Gliscor|Protect
|move|p2a: Starmie|Ice Beam|p1a: Gliscor
|-activate|p1a: Gliscor|move: Protect
|
|-damage|p2a: Starmie|58/100 tox|[from] psn
|-heal|p1a: Gliscor|81/100 tox|[from] ability: Poison Heal
|upkeep
|turn|21
|
|t:|1702799538
|switch|p2a: Kyurem|Kyurem-Black|47/100
|-ability|p2a: Kyurem|Teravolt
|switch|p1a: Blissey|Blissey, F|100/100
|
|upkeep
|turn|22
|
|t:|1702799547
|move|p1a: Blissey|Protect|p1a: Blissey
|-singleturn|p1a: Blissey|Protect
|move|p2a: Kyurem|Outrage|p1a: Blissey
|-activate|p1a: Blissey|move: Protect
|
|upkeep
|turn|23
|
|t:|1702799554
|move|p2a: Kyurem|Outrage|p1a: Blissey
|-damage|p1a: Blissey|0 fnt
|faint|p1a: Blissey
|
|upkeep
|
|t:|1702799560
|switch|p1a: Gliscor|Gliscor, F|81/100 tox
|turn|24
|
|t:|1702799563
|move|p1a: Gliscor|Protect|p1a: Gliscor
|-singleturn|p1a: Gliscor|Protect
|move|p2a: Kyurem|Outrage|p1a: Gliscor|[from]lockedmove
|-activate|p1a: Gliscor|move: Protect
|-start|p2a: Kyurem|confusion|[fatigue]
|
|-heal|p1a: Gliscor|93/100 tox|[from] ability: Poison Heal
|upkeep
|turn|25
|
|t:|1702799584
|switch|p2a: Scizor|Scizor, M|100/100
|move|p1a: Gliscor|Toxic|p2a: Scizor|[miss]
|-miss|p1a: Gliscor|p2a: Scizor
|
|-heal|p1a: Gliscor|100/100 tox|[from] ability: Poison Heal
|upkeep
|turn|26
|
|t:|1702799593
|move|p1a: Gliscor|Earthquake|p2a: Scizor
|-damage|p2a: Scizor|66/100
|move|p2a: Scizor|U-turn|p1a: Gliscor
|-resisted|p1a: Gliscor
|-damage|p1a: Gliscor|80/100 tox
|
|t:|1702799601
|switch|p2a: Garchomp|Garchomp, M|100/100|[from] U-turn
|
|-heal|p1a: Gliscor|93/100 tox|[from] ability: Poison Heal
|upkeep
|turn|27
|
|t:|1702799608
|move|p2a: Garchomp|Swords Dance|p2a: Garchomp
|-boost|p2a: Garchomp|atk|2
|move|p1a: Gliscor|Earthquake|p2a: Garchomp
|-damage|p2a: Garchomp|65/100
|
|-heal|p1a: Gliscor|100/100 tox|[from] ability: Poison Heal
|upkeep
|turn|28
|
|t:|1702799617
|move|p2a: Garchomp|Swords Dance|p2a: Garchomp
|-boost|p2a: Garchomp|atk|2
|move|p1a: Gliscor|Toxic|p2a: Garchomp
|-status|p2a: Garchomp|tox
|
|-damage|p2a: Garchomp|59/100 tox|[from] psn
|upkeep
|turn|29
|
|t:|1702799625
|move|p1a: Gliscor|Protect|p1a: Gliscor
|-singleturn|p1a: Gliscor|Protect
|move|p2a: Garchomp|Outrage|p1a: Gliscor
|-activate|p1a: Gliscor|move: Protect
|
|-damage|p2a: Garchomp|47/100 tox|[from] psn
|upkeep
|turn|30
|
|t:|1702799634
|move|p1a: Gliscor|Protect||[still]
|-fail|p1a: Gliscor
|move|p2a: Garchomp|Outrage|p1a: Gliscor
|-damage|p1a: Gliscor|0 fnt
|faint|p1a: Gliscor
|
|win|BookofConke
|raw|jonathangamezr's rating: 1348 &rarr; <strong>1336</strong><br />(-12 for losing)
|raw|BookofConke's rating: 1487 &rarr; <strong>1499</strong><br />(+12 for winning)
