|j|☆italian sauce 123
|j|☆WhatBKCFailed
|player|p1|italian sauce 123|flint|1451
|player|p2|WhatBKCFailed|cress|1494
|teamsize|p1|6
|teamsize|p2|6
|gametype|singles
|gen|5
|tier|[Gen 5] OU
|rated|
|clearpoke
|poke|p1|Politoed, F|item
|poke|p1|Thundurus-Therian, M|item
|poke|p1|Ferrothorn, M|item
|poke|p1|Latios, M|item
|poke|p1|Tentacruel, F|item
|poke|p1|Starmie|item
|poke|p2|Ninetales, F|item
|poke|p2|Seismitoad, M|item
|poke|p2|Dragonite, M|item
|poke|p2|Excadrill, F|item
|poke|p2|Victini|item
|poke|p2|Bronzong|item
|rule|Species Clause: Limit one of each Pokémon
|rule|OHKO Clause: OHKO moves are banned
|rule|Moody Clause: Moody is banned
|rule|Evasion Moves Clause: Evasion moves are banned
|rule|Endless Battle Clause: Forcing endless battles is banned
|rule|HP Percentage Mod: HP is shown in percentages
|rule|Evasion Abilities Clause: Evasion abilities are banned
|rule|Baton Pass Clause: Limit one Baton Passer, can't pass Spe and other stats simultaneously
|rule|Sleep Clause: Sleep-inducing moves are banned
|rule|Swagger Clause: Swagger is banned
|teampreview
|c|☆italian sauce 123|lol zokuru?
|c|☆WhatBKCFailed|who are you ?
|c|☆italian sauce 123|mikmer
|c|☆WhatBKCFailed|oh lol
|c|☆italian sauce 123|this is like my first 20 games in bw
|
|start
|switch|p1a: Politoed|Politoed, F|100/100
|switch|p2a: Seismitoad|Seismitoad, M|100/100
|-weather|RainDance|[from] ability: Drizzle|[of] p1a: Politoed
|turn|1
|
|move|p2a: Seismitoad|Stealth Rock|p1a: Politoed
|-sidestart|p1: italian sauce 123|move: Stealth Rock
|move|p1a: Politoed|Toxic|p2a: Seismitoad|[miss]
|-miss|p1a: Politoed|p2a: Seismitoad
|
|-weather|RainDance|[upkeep]
|upkeep
|turn|2
|
|move|p2a: Seismitoad|Earthquake|p1a: Politoed
|-damage|p1a: Politoed|55/100
|move|p1a: Politoed|Toxic|p2a: Seismitoad
|-status|p2a: Seismitoad|tox
|
|-weather|RainDance|[upkeep]
|-heal|p1a: Politoed|61/100|[from] item: Leftovers
|-damage|p2a: Seismitoad|94/100 tox|[from] psn
|upkeep
|turn|3
|
|switch|p2a: Ninetales|Ninetales, F, shiny|100/100
|-weather|SunnyDay|[from] ability: Drought|[of] p2a: Ninetales
|move|p1a: Politoed|Protect||[still]
|-fail|p1a: Politoed
|
|-weather|SunnyDay|[upkeep]
|-heal|p1a: Politoed|67/100|[from] item: Leftovers
|upkeep
|turn|4
|
|switch|p2a: Seismitoad|Seismitoad, M|94/100 tox
|move|p1a: Politoed|Toxic|p2a: Seismitoad
|-fail|p2a: Seismitoad|tox
|
|-weather|SunnyDay|[upkeep]
|-heal|p2a: Seismitoad|100/100 tox|[from] item: Leftovers
|-heal|p1a: Politoed|74/100|[from] item: Leftovers
|-damage|p2a: Seismitoad|94/100 tox|[from] psn
|upkeep
|turn|5
|
|move|p1a: Politoed|Protect|p1a: Politoed
|-singleturn|p1a: Politoed|Protect
|move|p2a: Seismitoad|Refresh|p2a: Seismitoad
|-curestatus|p2a: Seismitoad|tox|[msg]
|
|-weather|SunnyDay|[upkeep]
|-heal|p2a: Seismitoad|100/100|[from] item: Leftovers
|-heal|p1a: Politoed|80/100|[from] item: Leftovers
|upkeep
|turn|6
|
|switch|p2a: Victini|Victini|100/100
|switch|p1a: Ferrothorn|Ferrothorn, M|100/100
|-damage|p1a: Ferrothorn|94/100|[from] Stealth Rock
|
|-weather|SunnyDay|[upkeep]
|-heal|p1a: Ferrothorn|100/100|[from] item: Leftovers
|upkeep
|turn|7
|
|switch|p1a: Politoed|Politoed, F|80/100
|-damage|p1a: Politoed|67/100|[from] Stealth Rock
|-weather|RainDance|[from] ability: Drizzle|[of] p1a: Politoed
|move|p2a: Victini|Bolt Strike|p1a: Politoed
|-supereffective|p1a: Politoed
|-damage|p1a: Politoed|0 fnt
|faint|p1a: Politoed
|
|-weather|RainDance|[upkeep]
|upkeep
|
|switch|p1a: Latios|Latios, M|100/100
|-damage|p1a: Latios|88/100|[from] Stealth Rock
|turn|8
|
|switch|p1a: Starmie|Starmie|100/100
|-damage|p1a: Starmie|88/100|[from] Stealth Rock
|switch|p2a: Ninetales|Ninetales, F, shiny|100/100
|-weather|SunnyDay|[from] ability: Drought|[of] p2a: Ninetales
|
|-weather|SunnyDay|[upkeep]
|-heal|p1a: Starmie|94/100|[from] item: Leftovers
|upkeep
|turn|9
|
|switch|p2a: Seismitoad|Seismitoad, M|100/100
|move|p1a: Starmie|Rapid Spin|p2a: Seismitoad
|-damage|p2a: Seismitoad|98/100
|-sideend|p1: italian sauce 123|Stealth Rock|[from] move: Rapid Spin|[of] p1a: Starmie
|
|-weather|SunnyDay|[upkeep]
|-heal|p1a: Starmie|100/100|[from] item: Leftovers
|-heal|p2a: Seismitoad|100/100|[from] item: Leftovers
|upkeep
|turn|10
|
|switch|p2a: Victini|Victini|100/100
|move|p1a: Starmie|Psychic|p2a: Victini
|-resisted|p2a: Victini
|-damage|p2a: Victini|85/100
|
|-weather|SunnyDay|[upkeep]
|upkeep
|turn|11
|
|move|p1a: Starmie|Hydro Pump|p2a: Victini
|-supereffective|p2a: Victini
|-damage|p2a: Victini|43/100
|move|p2a: Victini|V-create|p1a: Starmie
|-resisted|p1a: Starmie
|-damage|p1a: Starmie|0 fnt
|-unboost|p2a: Victini|spe|1
|-unboost|p2a: Victini|def|1
|-unboost|p2a: Victini|spd|1
|faint|p1a: Starmie
|
|-weather|SunnyDay|[upkeep]
|upkeep
|
|switch|p1a: Latios|Latios, M|88/100
|turn|12
|
|switch|p2a: Bronzong|Bronzong|100/100
|move|p1a: Latios|Surf|p2a: Bronzong
|-damage|p2a: Bronzong|87/100
|
|-weather|SunnyDay|[upkeep]
|-heal|p2a: Bronzong|93/100|[from] item: Leftovers
|upkeep
|turn|13
|
|switch|p1a: Ferrothorn|Ferrothorn, M|100/100
|switch|p2a: Ninetales|Ninetales, F, shiny|100/100
|
|-weather|SunnyDay|[upkeep]
|upkeep
|turn|14
|
|move|p2a: Ninetales|Will-O-Wisp|p1a: Ferrothorn
|-status|p1a: Ferrothorn|brn
|move|p1a: Ferrothorn|Stealth Rock|p2a: Ninetales
|-sidestart|p2: WhatBKCFailed|move: Stealth Rock
|
|-weather|SunnyDay|[upkeep]
|-damage|p1a: Ferrothorn|88/100 brn|[from] brn
|upkeep
|turn|15
|
|switch|p1a: Tentacruel|Tentacruel, F|100/100
|move|p2a: Ninetales|Will-O-Wisp|p1a: Tentacruel|[miss]
|-miss|p2a: Ninetales|p1a: Tentacruel
|
|-weather|SunnyDay|[upkeep]
|upkeep
|turn|16
|
|move|p2a: Ninetales|Will-O-Wisp|p1a: Tentacruel
|-status|p1a: Tentacruel|brn
|move|p1a: Tentacruel|Toxic|p2a: Ninetales
|-status|p2a: Ninetales|tox
|
|-weather|SunnyDay|[upkeep]
|-damage|p2a: Ninetales|94/100 tox|[from] psn
|-damage|p1a: Tentacruel|88/100 brn|[from] brn
|upkeep
|turn|17
|
|switch|p2a: Excadrill|Excadrill, F|100/100
|-damage|p2a: Excadrill|98/100|[from] Stealth Rock
|-ability|p2a: Excadrill|Mold Breaker
|move|p1a: Tentacruel|Scald|p2a: Excadrill
|-supereffective|p2a: Excadrill
|-damage|p2a: Excadrill|78/100
|-status|p2a: Excadrill|brn
|
|-weather|SunnyDay|[upkeep]
|-heal|p1a: Tentacruel|94/100 brn|[from] item: Leftovers
|-heal|p2a: Excadrill|84/100 brn|[from] item: Leftovers
|-damage|p1a: Tentacruel|82/100 brn|[from] brn
|-damage|p2a: Excadrill|72/100 brn|[from] brn
|upkeep
|turn|18
|
|move|p1a: Tentacruel|Scald|p2a: Excadrill
|-supereffective|p2a: Excadrill
|-crit|p2a: Excadrill
|-damage|p2a: Excadrill|29/100 brn
|move|p2a: Excadrill|Rapid Spin|p1a: Tentacruel
|-damage|p1a: Tentacruel|78/100 brn
|-sideend|p2: WhatBKCFailed|Stealth Rock|[from] move: Rapid Spin|[of] p2a: Excadrill
|
|-weather|SunnyDay|[upkeep]
|-heal|p1a: Tentacruel|84/100 brn|[from] item: Leftovers
|-heal|p2a: Excadrill|35/100 brn|[from] item: Leftovers
|-damage|p1a: Tentacruel|72/100 brn|[from] brn
|-damage|p2a: Excadrill|22/100 brn|[from] brn
|upkeep
|turn|19
|
|switch|p1a: Ferrothorn|Ferrothorn, M|88/100 brn
|switch|p2a: Dragonite|Dragonite, M|100/100
|
|-weather|SunnyDay|[upkeep]
|-heal|p1a: Ferrothorn|94/100 brn|[from] item: Leftovers
|-damage|p1a: Ferrothorn|82/100 brn|[from] brn
|upkeep
|turn|20
|
|switch|p1a: Latios|Latios, M|88/100
|move|p2a: Dragonite|Superpower|p1a: Latios
|-resisted|p1a: Latios
|-damage|p1a: Latios|40/100
|-unboost|p2a: Dragonite|atk|1
|-unboost|p2a: Dragonite|def|1
|
|-weather|SunnyDay|[upkeep]
|upkeep
|turn|21
|
|switch|p1a: Ferrothorn|Ferrothorn, M|82/100 brn
|switch|p2a: Bronzong|Bronzong|93/100
|
|-weather|SunnyDay|[upkeep]
|-heal|p2a: Bronzong|99/100|[from] item: Leftovers
|-heal|p1a: Ferrothorn|88/100 brn|[from] item: Leftovers
|-damage|p1a: Ferrothorn|75/100 brn|[from] brn
|upkeep
|turn|22
|
|move|p2a: Bronzong|Hidden Power|p1a: Ferrothorn
|-supereffective|p1a: Ferrothorn
|-damage|p1a: Ferrothorn|22/100 brn
|move|p1a: Ferrothorn|Stealth Rock|p2a: Bronzong
|-sidestart|p2: WhatBKCFailed|move: Stealth Rock
|
|-weather|SunnyDay|[upkeep]
|-heal|p2a: Bronzong|100/100|[from] item: Leftovers
|-heal|p1a: Ferrothorn|28/100 brn|[from] item: Leftovers
|-damage|p1a: Ferrothorn|16/100 brn|[from] brn
|upkeep
|turn|23
|
|switch|p1a: Tentacruel|Tentacruel, F|72/100 brn
|move|p2a: Bronzong|Hidden Power|p1a: Tentacruel
|-resisted|p1a: Tentacruel
|-damage|p1a: Tentacruel|63/100 brn
|
|-weather|SunnyDay|[upkeep]
|-heal|p1a: Tentacruel|69/100 brn|[from] item: Leftovers
|-damage|p1a: Tentacruel|57/100 brn|[from] brn
|upkeep
|turn|24
|
|switch|p2a: Seismitoad|Seismitoad, M|100/100
|-damage|p2a: Seismitoad|94/100|[from] Stealth Rock
|move|p1a: Tentacruel|Scald|p2a: Seismitoad
|-heal|p2a: Seismitoad|100/100|[from] ability: Water Absorb|[of] p1a: Tentacruel
|
|-weather|SunnyDay|[upkeep]
|-heal|p1a: Tentacruel|63/100 brn|[from] item: Leftovers
|-damage|p1a: Tentacruel|50/100 brn|[from] brn
|upkeep
|turn|25
|
|switch|p1a: Thundurus|Thundurus-Therian, M|100/100
|move|p2a: Seismitoad|Stealth Rock|p1a: Thundurus
|-sidestart|p1: italian sauce 123|move: Stealth Rock
|
|-weather|SunnyDay|[upkeep]
|upkeep
|turn|26
|
|move|p1a: Thundurus|Focus Blast|p2a: Seismitoad
|-damage|p2a: Seismitoad|55/100
|move|p2a: Seismitoad|Ice Punch|p1a: Thundurus
|-supereffective|p1a: Thundurus
|-damage|p1a: Thundurus|37/100
|
|-weather|SunnyDay|[upkeep]
|-heal|p1a: Thundurus|43/100|[from] item: Leftovers
|-heal|p2a: Seismitoad|61/100|[from] item: Leftovers
|upkeep
|turn|27
|
|move|p1a: Thundurus|Focus Blast|p2a: Seismitoad
|-damage|p2a: Seismitoad|11/100
|move|p2a: Seismitoad|Ice Punch|p1a: Thundurus
|-supereffective|p1a: Thundurus
|-damage|p1a: Thundurus|0 fnt
|faint|p1a: Thundurus
|
|-weather|SunnyDay|[upkeep]
|-heal|p2a: Seismitoad|17/100|[from] item: Leftovers
|upkeep
|
|switch|p1a: Latios|Latios, M|40/100
|-damage|p1a: Latios|28/100|[from] Stealth Rock
|turn|28
|
|switch|p2a: Bronzong|Bronzong|100/100
|-damage|p2a: Bronzong|94/100|[from] Stealth Rock
|move|p1a: Latios|Draco Meteor|p2a: Bronzong
|-resisted|p2a: Bronzong
|-damage|p2a: Bronzong|63/100
|-unboost|p1a: Latios|spa|2
|
|-weather|SunnyDay|[upkeep]
|-heal|p2a: Bronzong|69/100|[from] item: Leftovers
|upkeep
|turn|29
|
|switch|p1a: Ferrothorn|Ferrothorn, M|16/100 brn
|-damage|p1a: Ferrothorn|10/100 brn|[from] Stealth Rock
|move|p2a: Bronzong|Gyro Ball|p1a: Ferrothorn
|-resisted|p1a: Ferrothorn
|-crit|p1a: Ferrothorn
|-damage|p1a: Ferrothorn|5/100 brn
|-damage|p2a: Bronzong|57/100|[from] ability: Iron Barbs|[of] p1a: Ferrothorn
|
|-weather|SunnyDay|[upkeep]
|-heal|p2a: Bronzong|63/100|[from] item: Leftovers
|-heal|p1a: Ferrothorn|11/100 brn|[from] item: Leftovers
|-damage|p1a: Ferrothorn|0 fnt|[from] brn
|faint|p1a: Ferrothorn
|upkeep
|
|switch|p1a: Tentacruel|Tentacruel, F|50/100 brn
|-damage|p1a: Tentacruel|38/100 brn|[from] Stealth Rock
|turn|30
|
|move|p1a: Tentacruel|Scald|p2a: Bronzong
|-damage|p2a: Bronzong|53/100
|-status|p2a: Bronzong|brn
|move|p2a: Bronzong|Gyro Ball|p1a: Tentacruel
|-resisted|p1a: Tentacruel
|-damage|p1a: Tentacruel|25/100 brn
|
|-weather|SunnyDay|[upkeep]
|-heal|p1a: Tentacruel|32/100 brn|[from] item: Leftovers
|-heal|p2a: Bronzong|60/100 brn|[from] item: Leftovers
|-damage|p1a: Tentacruel|19/100 brn|[from] brn
|-damage|p2a: Bronzong|47/100 brn|[from] brn
|upkeep
|turn|31
|
|move|p1a: Tentacruel|Toxic||[still]
|-fail|p1a: Tentacruel
|move|p2a: Bronzong|Trick Room|p2a: Bronzong
|-fieldstart|move: Trick Room|[of] p2a: Bronzong
|
|-weather|SunnyDay|[upkeep]
|-heal|p2a: Bronzong|53/100 brn|[from] item: Leftovers
|-heal|p1a: Tentacruel|25/100 brn|[from] item: Leftovers
|-damage|p2a: Bronzong|41/100 brn|[from] brn
|-damage|p1a: Tentacruel|13/100 brn|[from] brn
|upkeep
|turn|32
|
|switch|p2a: Excadrill|Excadrill, F|22/100 brn
|-damage|p2a: Excadrill|20/100 brn|[from] Stealth Rock
|-ability|p2a: Excadrill|Mold Breaker
|move|p1a: Tentacruel|Protect||[still]
|-fail|p1a: Tentacruel
|
|-weather|SunnyDay|[upkeep]
|-heal|p2a: Excadrill|26/100 brn|[from] item: Leftovers
|-heal|p1a: Tentacruel|19/100 brn|[from] item: Leftovers
|-damage|p2a: Excadrill|13/100 brn|[from] brn
|-damage|p1a: Tentacruel|7/100 brn|[from] brn
|upkeep
|turn|33
|
|move|p1a: Tentacruel|Protect|p1a: Tentacruel
|-singleturn|p1a: Tentacruel|Protect
|move|p2a: Excadrill|Rapid Spin|p1a: Tentacruel
|-activate|p1a: Tentacruel|move: Protect
|
|-weather|SunnyDay|[upkeep]
|-heal|p2a: Excadrill|20/100 brn|[from] item: Leftovers
|-heal|p1a: Tentacruel|13/100 brn|[from] item: Leftovers
|-damage|p2a: Excadrill|7/100 brn|[from] brn
|-damage|p1a: Tentacruel|0 fnt|[from] brn
|faint|p1a: Tentacruel
|upkeep
|
|switch|p1a: Latios|Latios, M|28/100
|-damage|p1a: Latios|15/100|[from] Stealth Rock
|turn|34
|
|move|p2a: Excadrill|Rapid Spin|p1a: Latios
|-damage|p1a: Latios|10/100
|-sideend|p2: WhatBKCFailed|Stealth Rock|[from] move: Rapid Spin|[of] p2a: Excadrill
|move|p1a: Latios|Surf|p2a: Excadrill
|-supereffective|p2a: Excadrill
|-damage|p2a: Excadrill|0 fnt
|faint|p2a: Excadrill
|
|-weather|SunnyDay|[upkeep]
|upkeep
|
|switch|p2a: Victini|Victini|43/100
|turn|35
|c|☆WhatBKCFailed|g
|
|move|p2a: Victini|V-create|p1a: Latios
|-resisted|p1a: Latios
|-damage|p1a: Latios|0 fnt
|-unboost|p2a: Victini|spe|1
|-unboost|p2a: Victini|def|1
|-unboost|p2a: Victini|spd|1
|faint|p1a: Latios
|
|win|WhatBKCFailed
|c|☆WhatBKCFailed|gg
|c|☆italian sauce 123|gg
|raw|italian sauce 123's rating: 1451 &rarr; <strong>1434</strong><br />(-17 for losing)
|raw|WhatBKCFailed's rating: 1494 &rarr; <strong>1512</strong><br />(+18 for winning)
