|j|☆SattleBimulator
|j|☆Mirail02
|t:|1747949050
|gametype|singles
|player|p1|SattleBimulator|2|1446
|player|p2|Mirail02|n|1319
|teamsize|p1|6
|teamsize|p2|6
|gen|5
|tier|[Gen 5] OU
|rated|
|rule|Species Clause: Limit one of each Pokémon
|rule|OHKO Clause: OHKO moves are banned
|rule|Moody Clause: Moody is banned
|rule|Evasion Items Clause: Evasion items are banned
|rule|Evasion Moves Clause: Evasion moves are banned
|rule|Endless Battle Clause: Forcing endless battles is banned
|rule|HP Percentage Mod: HP is shown in percentages
|rule|Evasion Abilities Clause: Evasion abilities are banned
|rule|Sleep Moves Clause: Sleep-inducing moves are banned
|rule|Swagger Clause: Swagger is banned
|rule|Baton Pass Stat Clause: No Baton Passer may have a way to boost its stats
|clearpoke
|poke|p1|Excadrill, F|item
|poke|p1|Garchomp, F|item
|poke|p1|Tyranitar, M|item
|poke|p1|Scizor, F|item
|poke|p1|Skarmory, F|item
|poke|p1|Gengar, F|item
|poke|p2|Lucario, M|item
|poke|p2|Azelf|item
|poke|p2|Dragonite, M|item
|poke|p2|Garchomp, M|item
|poke|p2|Starmie|item
|poke|p2|Volcarona, M|item
|teampreview
|inactive|Battle timer is ON: inactive players will automatically lose when time's up. (requested by SattleBimulator)
|
|t:|1747949059
|start
|switch|p1a: Skarmory|Skarmory, F|100/100
|switch|p2a: Azelf|Azelf|100/100
|turn|1
|
|t:|1747949065
|move|p2a: Azelf|Taunt|p1a: Skarmory
|-start|p1a: Skarmory|move: Taunt
|cant|p1a: Skarmory|move: Taunt|Stealth Rock
|
|upkeep
|turn|2
|
|t:|1747949071
|move|p2a: Azelf|Stealth Rock|p1a: Skarmory
|-sidestart|p1: SattleBimulator|move: Stealth Rock
|move|p1a: Skarmory|Brave Bird|p2a: Azelf
|-damage|p2a: Azelf|42/100
|-damage|p1a: Skarmory|84/100|[from] Recoil
|
|upkeep
|turn|3
|
|t:|1747949077
|move|p2a: Azelf|Flamethrower|p1a: Skarmory
|-supereffective|p1a: Skarmory
|-damage|p1a: Skarmory|6/100
|move|p1a: Skarmory|Brave Bird|p2a: Azelf
|-damage|p2a: Azelf|0 fnt
|faint|p2a: Azelf
|-damage|p1a: Skarmory|0 fnt|[from] Recoil
|faint|p1a: Skarmory
|
|upkeep
|
|t:|1747949096
|switch|p2a: Garchomp|Garchomp, M|100/100
|switch|p1a: Scizor|Scizor, F|100/100
|-damage|p1a: Scizor|88/100|[from] Stealth Rock
|turn|4
|inactive|Mirail02 has 120 seconds left.
|
|t:|1747949134
|move|p2a: Garchomp|Swords Dance|p2a: Garchomp
|-boost|p2a: Garchomp|atk|2
|move|p1a: Scizor|Swords Dance|p1a: Scizor
|-boost|p1a: Scizor|atk|2
|
|upkeep
|turn|5
|
|t:|1747949139
|move|p1a: Scizor|Bullet Punch|p2a: Garchomp
|-damage|p2a: Garchomp|10/100
|-damage|p1a: Scizor|76/100|[from] ability: Rough Skin|[of] p2a: Garchomp
|-damage|p1a: Scizor|66/100|[from] item: Life Orb
|move|p2a: Garchomp|Fire Fang|p1a: Scizor
|-supereffective|p1a: Scizor
|-damage|p1a: Scizor|0 fnt
|faint|p1a: Scizor
|
|upkeep
|
|t:|1747949152
|switch|p1a: Gengar|Gengar, F|100/100
|-damage|p1a: Gengar|88/100|[from] Stealth Rock
|turn|6
|
|t:|1747949166
|move|p1a: Gengar|Shadow Ball|p2a: Garchomp
|-damage|p2a: Garchomp|0 fnt
|faint|p2a: Garchomp
|
|upkeep
|
|t:|1747949172
|switch|p2a: Starmie|Starmie|100/100
|-item|p2a: Starmie|Air Balloon
|turn|7
|
|t:|1747949176
|switch|p2a: Volcarona|Volcarona, M|100/100
|move|p1a: Gengar|Shadow Ball|p2a: Volcarona
|-damage|p2a: Volcarona|55/100
|
|upkeep
|turn|8
|inactive|Mirail02 has 120 seconds left.
|
|t:|1747949182
|move|p1a: Gengar|Shadow Ball|p2a: Volcarona
|-damage|p2a: Volcarona|10/100
|-unboost|p2a: Volcarona|spd|1
|move|p2a: Volcarona|Flamethrower|p1a: Gengar
|-damage|p1a: Gengar|5/100
|
|upkeep
|turn|9
|
|t:|1747949190
|move|p1a: Gengar|Shadow Ball|p2a: Volcarona
|-damage|p2a: Volcarona|0 fnt
|faint|p2a: Volcarona
|
|upkeep
|
|t:|1747949193
|switch|p2a: Dragonite|Dragonite, M|100/100
|turn|10
|
|t:|1747949196
|move|p1a: Gengar|Shadow Ball|p2a: Dragonite
|-damage|p2a: Dragonite|79/100
|-unboost|p2a: Dragonite|spd|1
|move|p2a: Dragonite|Dragon Dance|p2a: Dragonite
|-boost|p2a: Dragonite|atk|1
|-boost|p2a: Dragonite|spe|1
|
|upkeep
|turn|11
|
|t:|1747949203
|move|p1a: Gengar|Shadow Ball|p2a: Dragonite
|-damage|p2a: Dragonite|8/100
|move|p2a: Dragonite|Dragon Dance|p2a: Dragonite
|-boost|p2a: Dragonite|atk|1
|-boost|p2a: Dragonite|spe|1
|
|upkeep
|turn|12
|
|t:|1747949209
|move|p1a: Gengar|Shadow Ball|p2a: Dragonite
|-damage|p2a: Dragonite|0 fnt
|faint|p2a: Dragonite
|
|upkeep
|l|☆Mirail02
|inactive|Mirail02 disconnected and has a minute to reconnect!
|player|p2|
|j|☆Mirail02
|inactive|Mirail02 reconnected and has 135 seconds left.
|player|p2|Mirail02|n|
|c|☆SattleBimulator|that last DD was greedy pal
|
|t:|1747949228
|switch|p2a: Starmie|Starmie|100/100
|-item|p2a: Starmie|Air Balloon
|turn|13
|
|t:|1747949232
|move|p1a: Gengar|Shadow Ball|p2a: Starmie
|-supereffective|p2a: Starmie
|-damage|p2a: Starmie|0 fnt
|-enditem|p2a: Starmie|Air Balloon
|faint|p2a: Starmie
|
|upkeep
|
|t:|1747949234
|switch|p2a: Lucario|Lucario, M|100/100
|turn|14
|
|t:|1747949241
|switch|p1a: Excadrill|Excadrill, F|100/100
|-damage|p1a: Excadrill|97/100|[from] Stealth Rock
|-ability|p1a: Excadrill|Mold Breaker
|-item|p1a: Excadrill|Air Balloon
|move|p2a: Lucario|Ice Punch|p1a: Excadrill
|-damage|p1a: Excadrill|53/100
|-enditem|p1a: Excadrill|Air Balloon
|-damage|p2a: Lucario|91/100|[from] item: Life Orb
|
|upkeep
|turn|15
|c|☆Mirail02|nice spe def drop gg for having luck
|
|t:|1747949261
|move|p2a: Lucario|Close Combat|p1a: Excadrill
|-supereffective|p1a: Excadrill
|-damage|p1a: Excadrill|0 fnt
|-unboost|p2a: Lucario|def|1
|-unboost|p2a: Lucario|spd|1
|faint|p1a: Excadrill
|-damage|p2a: Lucario|81/100|[from] item: Life Orb
|
|upkeep
|c|☆SattleBimulator|is that really what happened lol
|
|t:|1747949270
|switch|p1a: Garchomp|Garchomp, F|100/100
|-damage|p1a: Garchomp|94/100|[from] Stealth Rock
|turn|16
|c|☆Mirail02|yeah
|inactive|Mirail02 has 120 seconds left.
|c|☆Mirail02|on dragonite
|
|t:|1747949293
|move|p1a: Garchomp|Earthquake|p2a: Lucario
|-supereffective|p2a: Lucario
|-damage|p2a: Lucario|0 fnt
|faint|p2a: Lucario
|
|win|SattleBimulator
|raw|SattleBimulator's rating: 1446 &rarr; <strong>1459</strong><br />(+13 for winning)
|raw|Mirail02's rating: 1319 &rarr; <strong>1306</strong><br />(-13 for losing)
|l|☆Mirail02
|player|p2|
|c|☆SattleBimulator|so you getting a spdef drop when you were on 10 percent mattered
|c|☆SattleBimulator|lol
