|j|Dragon Lords6
|j|The Daisuke
|player|p1|Dragon Lords6|53
|player|p2|The Daisuke|290
|gametype|singles
|gen|5
|tier|[Gen 5] OU
|rated
|seed|52291,29916,50685,9993
|rule|Evasion Abilities Clause: Evasion abilities are banned
|rule|Baton Pass Clause: Limit one Baton Passer, can't pass Spe and other stats simultaneously
|rule|Swagger Clause: Swagger is banned
|clearpoke
|poke|p1|Landorus-Therian, M|item
|poke|p1|Alakazam, M|item
|poke|p1|Rotom-Wash|item
|poke|p1|Tyranitar, F|item
|poke|p1|Jirachi|item
|poke|p1|Conkeldurr, M|item
|poke|p2|Garchomp, M|item
|poke|p2|Alakazam, M|item
|poke|p2|Tyranitar, M|item
|poke|p2|Landorus-Therian, M|item
|poke|p2|Ferrothorn, M|item
|poke|p2|Latios, M|item
|rule|Sleep Clause Mod: Limit one foe put to sleep
|rule|Species Clause: Limit one of each Pokémon
|rule|OHKO Clause: OHKO moves are banned
|rule|Moody Clause: Moody is banned
|rule|Evasion Moves Clause: Evasion moves are banned
|rule|Endless Battle Clause: Forcing endless battles is banned
|rule|HP Percentage Mod: HP is shown in percentages
|teampreview
|choice|team 4, team 2, team 3, team 1, team 5, team 6|team 4, team 2, team 3, team 1, team 5, team 6
|
|start
|switch|p1a: Tyranitar|Tyranitar, F|341/341
|switch|p2a: Landorus|Landorus-Therian, M|319/319
|-ability|p2a: Landorus|Intimidate|boost
|-unboost|p1a: Tyranitar|atk|1
|-weather|Sandstorm|[from] ability: Sand Stream|[of] p1a: Tyranitar
|turn|1
|choice|switch 4|move uturn
|
|switch|p1a: Landorus|Landorus-Therian, M|369/369
|-ability|p1a: Landorus|Intimidate|boost
|-unboost|p2a: Landorus|atk|1
|move|p2a: Landorus|U-turn|p1a: Landorus
|-resisted|p1a: Landorus
|-damage|p1a: Landorus|337/369
|choice||switch 5
|
|switch|p2a: Ferrothorn|Ferrothorn, M|351/351
|
|-weather|Sandstorm|[upkeep]
|-heal|p1a: Landorus|360/369|[from] item: Leftovers
|upkeep
|turn|2
|choice|move earthquake|move spikes
|
|move|p1a: Landorus|Earthquake|p2a: Ferrothorn
|-damage|p2a: Ferrothorn|228/351
|move|p2a: Ferrothorn|Spikes|p1a: Landorus
|-sidestart|p1: Dragon Lords6|Spikes
|
|-weather|Sandstorm|[upkeep]
|-heal|p1a: Landorus|369/369|[from] item: Leftovers
|-heal|p2a: Ferrothorn|249/351|[from] item: Leftovers
|upkeep
|turn|3
|c|★Dragon Lords6|play fast
|choice|move stealthrock|switch 5
|
|switch|p2a: Landorus|Landorus-Therian, M|319/319
|-ability|p2a: Landorus|Intimidate|boost
|-unboost|p1a: Landorus|atk|1
|move|p1a: Landorus|Stealth Rock|p2a: Landorus
|-sidestart|p2: The Daisuke|move: Stealth Rock
|
|-weather|Sandstorm|[upkeep]
|upkeep
|turn|4
|choice|switch 3|move hiddenpower
|
|switch|p1a: Rotom|Rotom-Wash|299/299
|move|p2a: Landorus|Hidden Power|p1a: Rotom
|-resisted|p1a: Rotom
|-damage|p1a: Rotom|272/299
|
|-weather|Sandstorm|[upkeep]
|-damage|p1a: Rotom|254/299|[from] sandstorm
|-heal|p1a: Rotom|272/299|[from] item: Leftovers
|upkeep
|turn|5
|choice|move voltswitch|switch 6
|
|switch|p2a: Latios|Latios, M|301/301
|-damage|p2a: Latios|264/301|[from] Stealth Rock
|move|p1a: Rotom|Volt Switch|p2a: Latios
|-resisted|p2a: Latios
|-damage|p2a: Latios|214/301
|choice|switch 5|
|
|switch|p1a: Jirachi|Jirachi|404/404
|-damage|p1a: Jirachi|354/404|[from] Spikes
|
|-weather|Sandstorm|[upkeep]
|-damage|p2a: Latios|196/301|[from] sandstorm
|-heal|p1a: Jirachi|379/404|[from] item: Leftovers
|upkeep
|turn|6
|choice|move uturn|move hiddenpower
|
|move|p2a: Latios|Hidden Power|p1a: Jirachi
|-supereffective|p1a: Jirachi
|-damage|p1a: Jirachi|228/404
|-damage|p2a: Latios|166/301|[from] item: Life Orb
|move|p1a: Jirachi|U-turn|p2a: Latios
|-supereffective|p2a: Latios
|-damage|p2a: Latios|28/301
|choice|switch 4|
|
|switch|p1a: Tyranitar|Tyranitar, F|341/341
|-damage|p1a: Tyranitar|299/341|[from] Spikes
|
|-weather|Sandstorm|[upkeep]
|-damage|p2a: Latios|10/301|[from] sandstorm
|upkeep
|turn|7
|choice|move crunch|move surf
|
|move|p1a: Tyranitar|Crunch|p2a: Latios
|-supereffective|p2a: Latios
|-damage|p2a: Latios|0 fnt
|faint|p2a: Latios
|
|-weather|Sandstorm|[upkeep]
|upkeep
|choice||switch 5
|
|switch|p2a: Ferrothorn|Ferrothorn, M|249/351
|-damage|p2a: Ferrothorn|228/351|[from] Stealth Rock
|turn|8
|choice|switch 6|move leechseed
|
|switch|p1a: Conkeldurr|Conkeldurr, M|381/381
|-damage|p1a: Conkeldurr|334/381|[from] Spikes
|move|p2a: Ferrothorn|Leech Seed|p1a: Conkeldurr
|-start|p1a: Conkeldurr|move: Leech Seed
|
|-weather|Sandstorm|[upkeep]
|-damage|p1a: Conkeldurr|311/381|[from] sandstorm
|-heal|p2a: Ferrothorn|249/351|[from] item: Leftovers
|-damage|p1a: Conkeldurr|264/381|[from] Leech Seed|[of] p2a: Ferrothorn
|-heal|p2a: Ferrothorn|296/351|[silent]
|upkeep
|turn|9
|choice|move drainpunch|switch 6
|
|switch|p2a: Landorus|Landorus-Therian, M|319/319
|-damage|p2a: Landorus|280/319|[from] Stealth Rock
|-ability|p2a: Landorus|Intimidate|boost
|-unboost|p1a: Conkeldurr|atk|1
|move|p1a: Conkeldurr|Drain Punch|p2a: Landorus
|-resisted|p2a: Landorus
|-damage|p2a: Landorus|205/319
|-heal|p1a: Conkeldurr|302/381|[from] drain|[of] p2a: Landorus
|-damage|p1a: Conkeldurr|264/381|[from] item: Life Orb
|
|-weather|Sandstorm|[upkeep]
|-damage|p1a: Conkeldurr|241/381|[from] sandstorm
|-damage|p1a: Conkeldurr|194/381|[from] Leech Seed|[of] p2a: Landorus
|-heal|p2a: Landorus|252/319|[silent]
|upkeep
|turn|10
|choice|switch 5|move uturn
|
|switch|p1a: Rotom|Rotom-Wash|272/299
|move|p2a: Landorus|U-turn|p1a: Rotom
|-damage|p1a: Rotom|187/299
|choice||switch 2
|
|switch|p2a: Alakazam|Alakazam, M|251/251
|
|-weather|Sandstorm|[upkeep]
|-damage|p1a: Rotom|169/299|[from] sandstorm
|-heal|p1a: Rotom|187/299|[from] item: Leftovers
|upkeep
|turn|11
|choice|move voltswitch|move focusblast
|
|move|p2a: Alakazam|Focus Blast|p1a: Rotom|[miss]
|-miss|p2a: Alakazam|p1a: Rotom
|move|p1a: Rotom|Volt Switch|p2a: Alakazam
|-crit|p2a: Alakazam
|-damage|p2a: Alakazam|16/251
|choice|switch 4|
|
|switch|p1a: Jirachi|Jirachi|228/404
|-damage|p1a: Jirachi|178/404|[from] Spikes
|
|-weather|Sandstorm|[upkeep]
|-heal|p1a: Jirachi|203/404|[from] item: Leftovers
|upkeep
|turn|12
|choice|move uturn|switch 6
|
|switch|p2a: Ferrothorn|Ferrothorn, M|296/351
|-damage|p2a: Ferrothorn|275/351|[from] Stealth Rock
|move|p1a: Jirachi|U-turn|p2a: Ferrothorn
|-damage|p2a: Ferrothorn|235/351
|-damage|p1a: Jirachi|153/404|[from] ability: Iron Barbs|[of] p2a: Ferrothorn
|choice|switch 5|
|
|switch|p1a: Conkeldurr|Conkeldurr, M|194/381
|-damage|p1a: Conkeldurr|147/381|[from] Spikes
|
|-weather|Sandstorm|[upkeep]
|-damage|p1a: Conkeldurr|124/381|[from] sandstorm
|-heal|p2a: Ferrothorn|256/351|[from] item: Leftovers
|upkeep
|turn|13
|choice|move drainpunch|move powerwhip
|
|move|p1a: Conkeldurr|Drain Punch|p2a: Ferrothorn
|-supereffective|p2a: Ferrothorn
|-damage|p2a: Ferrothorn|0 fnt
|-heal|p1a: Conkeldurr|252/381|[from] drain|[of] p2a: Ferrothorn
|-damage|p1a: Conkeldurr|205/381|[from] ability: Iron Barbs|[of] p2a: Ferrothorn
|-damage|p1a: Conkeldurr|167/381|[from] item: Life Orb
|faint|p2a: Ferrothorn
|
|-weather|Sandstorm|[upkeep]
|-damage|p1a: Conkeldurr|144/381|[from] sandstorm
|upkeep
|-message|The Daisuke forfeited.
|
|win|Dragon Lords6
|player|p1
|player|p2
|l|The Daisuke
|raw|Dragon Lords6's rating: 1379 &rarr; <strong>1403</strong><br />(+24 for winning)
|raw|The Daisuke's rating: 1448 &rarr; <strong>1424</strong><br />(-24 for losing)