|j|☆seanb143
|j|☆JaVpad1spi
|t:|1702067438
|gametype|singles
|player|p1|seanb143|emmet|1468
|player|p2|JaVpad1spi|265|1393
|teamsize|p1|6
|teamsize|p2|6
|gen|5
|tier|[Gen 5] OU
|rated|
|rule|Species Clause: Limit one of each Pokémon
|rule|OHKO Clause: OHKO moves are banned
|rule|Moody Clause: Moody is banned
|rule|Evasion Items Clause: Evasion items are banned
|rule|Evasion Moves Clause: Evasion moves are banned
|rule|Endless Battle Clause: Forcing endless battles is banned
|rule|HP Percentage Mod: HP is shown in percentages
|rule|Evasion Abilities Clause: Evasion abilities are banned
|rule|Sleep Moves Clause: Sleep-inducing moves are banned
|rule|Swagger Clause: Swagger is banned
|rule|Baton Pass Stat Clause: No Baton Passer may have a way to boost its stats
|clearpoke
|poke|p1|Heatran, F|item
|poke|p1|Jellicent, M|item
|poke|p1|Haxorus, F|item
|poke|p1|Forretress, F|item
|poke|p1|Thundurus-Therian, M|item
|poke|p1|Breloom, M|item
|poke|p2|Politoed, M|item
|poke|p2|Riolu, F|item
|poke|p2|Ferrothorn, M|item
|poke|p2|Thundurus-Therian, M|item
|poke|p2|Starmie|item
|poke|p2|Gengar, M|item
|teampreview
|inactive|Battle timer is ON: inactive players will automatically lose when time's up. (requested by seanb143)
|
|t:|1702067448
|start
|switch|p1a: Jellicent|Jellicent, M, shiny|100/100
|switch|p2a: Fire x))))))|Ferrothorn, M|100/100
|turn|1
|
|t:|1702067452
|move|p1a: Jellicent|Taunt|p2a: Fire x))))))
|-start|p2a: Fire x))))))|move: Taunt
|move|p2a: Fire x))))))|Power Whip|p1a: Jellicent
|-supereffective|p1a: Jellicent
|-damage|p1a: Jellicent|30/100
|
|-heal|p1a: Jellicent|36/100|[from] item: Leftovers
|upkeep
|turn|2
|
|t:|1702067455
|switch|p1a: Heatran|Heatran, F, shiny|100/100
|move|p2a: Fire x))))))|Knock Off|p1a: Heatran
|-resisted|p1a: Heatran
|-damage|p1a: Heatran|98/100
|-enditem|p1a: Heatran|Leftovers|[from] move: Knock Off|[of] p2a: Fire x))))))
|
|upkeep
|turn|3
|
|t:|1702067460
|switch|p2a: Belly drum ^^|Politoed, M|100/100
|-weather|RainDance|[from] ability: Drizzle|[of] p2a: Belly drum ^^
|move|p1a: Heatran|Stealth Rock|p2a: Belly drum ^^
|-sidestart|p2: JaVpad1spi|move: Stealth Rock
|
|-weather|RainDance|[upkeep]
|upkeep
|turn|4
|
|t:|1702067467
|switch|p2a: Speeeeeeeeen ;D|Starmie|100/100
|-damage|p2a: Speeeeeeeeen ;D|88/100|[from] Stealth Rock
|move|p1a: Heatran|Lava Plume|p2a: Speeeeeeeeen ;D
|-resisted|p2a: Speeeeeeeeen ;D
|-damage|p2a: Speeeeeeeeen ;D|76/100
|
|-weather|RainDance|[upkeep]
|upkeep
|turn|5
|j| ReallyFunTeams
|
|t:|1702067475
|move|p1a: Heatran|Protect|p1a: Heatran
|-singleturn|p1a: Heatran|Protect
|move|p2a: Speeeeeeeeen ;D|Thunder|p1a: Heatran
|-activate|p1a: Heatran|move: Protect
|
|-weather|RainDance|[upkeep]
|upkeep
|turn|6
|
|t:|1702067479
|move|p2a: Speeeeeeeeen ;D|Thunder|p1a: Heatran
|-damage|p1a: Heatran|67/100
|-status|p1a: Heatran|par
|move|p1a: Heatran|Lava Plume|p2a: Speeeeeeeeen ;D
|-resisted|p2a: Speeeeeeeeen ;D
|-damage|p2a: Speeeeeeeeen ;D|62/100
|
|-weather|RainDance|[upkeep]
|upkeep
|turn|7
|
|t:|1702067485
|move|p2a: Speeeeeeeeen ;D|Thunder|p1a: Heatran
|-damage|p1a: Heatran|33/100 par
|cant|p1a: Heatran|par
|
|-weather|RainDance|[upkeep]
|upkeep
|turn|8
|
|t:|1702067499
|switch|p2a: Fire x))))))|Ferrothorn, M|100/100
|-damage|p2a: Fire x))))))|94/100|[from] Stealth Rock
|cant|p1a: Heatran|par
|
|-weather|RainDance|[upkeep]
|-heal|p2a: Fire x))))))|100/100|[from] item: Leftovers
|upkeep
|turn|9
|
|t:|1702067508
|move|p2a: Fire x))))))|Stealth Rock|p1a: Heatran
|-sidestart|p1: seanb143|move: Stealth Rock
|move|p1a: Heatran|Lava Plume|p2a: Fire x))))))
|-supereffective|p2a: Fire x))))))
|-damage|p2a: Fire x))))))|58/100
|
|-weather|RainDance|[upkeep]
|-heal|p2a: Fire x))))))|65/100|[from] item: Leftovers
|upkeep
|turn|10
|
|t:|1702067513
|move|p2a: Fire x))))))|Spikes|p1a: Heatran
|-sidestart|p1: seanb143|Spikes
|move|p1a: Heatran|Lava Plume|p2a: Fire x))))))
|-supereffective|p2a: Fire x))))))
|-damage|p2a: Fire x))))))|24/100
|
|-weather|RainDance|[upkeep]
|-heal|p2a: Fire x))))))|30/100|[from] item: Leftovers
|upkeep
|turn|11
|
|t:|1702067519
|move|p2a: Fire x))))))|Spikes|p1a: Heatran
|-sidestart|p1: seanb143|Spikes
|move|p1a: Heatran|Lava Plume|p2a: Fire x))))))
|-supereffective|p2a: Fire x))))))
|-damage|p2a: Fire x))))))|0 fnt
|faint|p2a: Fire x))))))
|
|-weather|RainDance|[upkeep]
|upkeep
|
|t:|1702067522
|switch|p2a: Groaaar :p|Riolu, F|100/100
|-damage|p2a: Groaaar :p|95/100|[from] Stealth Rock
|turn|12
|
|t:|1702067524
|move|p2a: Groaaar :p|Roar|p1a: Heatran
|drag|p1a: Haxorus|Haxorus, F, shiny|100/100
|-damage|p1a: Haxorus|88/100|[from] Stealth Rock
|-damage|p1a: Haxorus|72/100|[from] Spikes
|-ability|p1a: Haxorus|Mold Breaker
|
|-weather|RainDance|[upkeep]
|upkeep
|turn|13
|
|t:|1702067530
|move|p2a: Groaaar :p|Copycat|p2a: Groaaar :p
|move|p2a: Groaaar :p|Roar|p1a: Haxorus|[from]move: Copycat
|drag|p1a: Thundurus|Thundurus-Therian, M, shiny|100/100
|-damage|p1a: Thundurus|76/100|[from] Stealth Rock
|
|-weather|RainDance|[upkeep]
|-heal|p1a: Thundurus|82/100|[from] item: Leftovers
|upkeep
|turn|14
|
|t:|1702067537
|move|p2a: Groaaar :p|Copycat|p2a: Groaaar :p
|move|p2a: Groaaar :p|Roar|p1a: Thundurus|[from]move: Copycat
|drag|p1a: Forretress|Forretress, F, shiny|100/100
|-damage|p1a: Forretress|88/100|[from] Stealth Rock
|-damage|p1a: Forretress|71/100|[from] Spikes
|
|-weather|RainDance|[upkeep]
|-heal|p1a: Forretress|78/100|[from] item: Leftovers
|upkeep
|turn|15
|
|t:|1702067541
|move|p2a: Groaaar :p|Copycat|p2a: Groaaar :p
|move|p2a: Groaaar :p|Roar|p1a: Forretress|[from]move: Copycat
|drag|p1a: Breloom|Breloom, M, shiny|100/100
|-damage|p1a: Breloom|94/100|[from] Stealth Rock
|-damage|p1a: Breloom|78/100|[from] Spikes
|
|-weather|RainDance|[upkeep]
|-heal|p1a: Breloom|84/100|[from] item: Leftovers
|upkeep
|turn|16
|
|t:|1702067546
|move|p2a: Groaaar :p|Copycat|p2a: Groaaar :p
|move|p2a: Groaaar :p|Roar|p1a: Breloom|[from]move: Copycat
|drag|p1a: Heatran|Heatran, F, shiny|33/100 par
|-damage|p1a: Heatran|21/100 par|[from] Stealth Rock
|-damage|p1a: Heatran|4/100 par|[from] Spikes
|
|-weather|RainDance|[upkeep]
|upkeep
|turn|17
|
|t:|1702067551
|move|p1a: Heatran|Lava Plume|p2a: Groaaar :p
|-damage|p2a: Groaaar :p|58/100
|move|p2a: Groaaar :p|Roar|p1a: Heatran
|drag|p1a: Thundurus|Thundurus-Therian, M, shiny|82/100
|-damage|p1a: Thundurus|57/100|[from] Stealth Rock
|
|-weather|RainDance|[upkeep]
|-heal|p1a: Thundurus|63/100|[from] item: Leftovers
|upkeep
|turn|18
|
|t:|1702067554
|move|p2a: Groaaar :p|Copycat|p2a: Groaaar :p
|move|p2a: Groaaar :p|Roar|p1a: Thundurus|[from]move: Copycat
|drag|p1a: Jellicent|Jellicent, M, shiny|36/100
|-damage|p1a: Jellicent|24/100|[from] Stealth Rock
|-damage|p1a: Jellicent|7/100|[from] Spikes
|
|-weather|RainDance|[upkeep]
|-heal|p1a: Jellicent|14/100|[from] item: Leftovers
|upkeep
|turn|19
|
|t:|1702067556
|move|p2a: Groaaar :p|Copycat|p2a: Groaaar :p
|move|p2a: Groaaar :p|Roar|p1a: Jellicent|[from]move: Copycat
|drag|p1a: Breloom|Breloom, M, shiny|84/100
|-damage|p1a: Breloom|78/100|[from] Stealth Rock
|-damage|p1a: Breloom|61/100|[from] Spikes
|
|-weather|RainDance|[upkeep]
|-heal|p1a: Breloom|68/100|[from] item: Leftovers
|upkeep
|turn|20
|
|t:|1702067559
|move|p2a: Groaaar :p|Copycat|p2a: Groaaar :p
|move|p2a: Groaaar :p|Roar|p1a: Breloom|[from]move: Copycat
|drag|p1a: Forretress|Forretress, F, shiny|78/100
|-damage|p1a: Forretress|65/100|[from] Stealth Rock
|-damage|p1a: Forretress|49/100|[from] Spikes
|
|-weather|RainDance|[upkeep]
|-heal|p1a: Forretress|55/100|[from] item: Leftovers
|upkeep
|turn|21
|
|t:|1702067561
|move|p2a: Groaaar :p|Copycat|p2a: Groaaar :p
|move|p2a: Groaaar :p|Roar|p1a: Forretress|[from]move: Copycat
|drag|p1a: Thundurus|Thundurus-Therian, M, shiny|63/100
|-damage|p1a: Thundurus|38/100|[from] Stealth Rock
|
|-weather|RainDance|[upkeep]
|-heal|p1a: Thundurus|44/100|[from] item: Leftovers
|upkeep
|turn|22
|
|t:|1702067567
|move|p2a: Groaaar :p|Copycat|p2a: Groaaar :p
|move|p2a: Groaaar :p|Roar|p1a: Thundurus|[from]move: Copycat
|drag|p1a: Forretress|Forretress, F, shiny|55/100
|-damage|p1a: Forretress|42/100|[from] Stealth Rock
|-damage|p1a: Forretress|26/100|[from] Spikes
|
|-weather|RainDance|[upkeep]
|-heal|p1a: Forretress|32/100|[from] item: Leftovers
|upkeep
|turn|23
|
|t:|1702067570
|move|p2a: Groaaar :p|Copycat|p2a: Groaaar :p
|move|p2a: Groaaar :p|Roar|p1a: Forretress|[from]move: Copycat
|drag|p1a: Heatran|Heatran, F, shiny|4/100 par
|-damage|p1a: Heatran|0 fnt|[from] Stealth Rock
|faint|p1a: Heatran
|
|-weather|RainDance|[upkeep]
|upkeep
|
|t:|1702067573
|switch|p1a: Jellicent|Jellicent, M, shiny|14/100
|-damage|p1a: Jellicent|1/100|[from] Stealth Rock
|-damage|p1a: Jellicent|0 fnt|[from] Spikes
|faint|p1a: Jellicent
|
|t:|1702067574
|switch|p1a: Forretress|Forretress, F, shiny|32/100
|-damage|p1a: Forretress|19/100|[from] Stealth Rock
|-damage|p1a: Forretress|3/100|[from] Spikes
|turn|24
|
|t:|1702067577
|move|p2a: Groaaar :p|Copycat|p2a: Groaaar :p
|move|p2a: Groaaar :p|Roar|p1a: Forretress|[from]move: Copycat
|drag|p1a: Thundurus|Thundurus-Therian, M, shiny|44/100
|-damage|p1a: Thundurus|20/100|[from] Stealth Rock
|
|-weather|RainDance|[upkeep]
|-heal|p1a: Thundurus|26/100|[from] item: Leftovers
|upkeep
|turn|25
|
|t:|1702067579
|move|p2a: Groaaar :p|Copycat|p2a: Groaaar :p
|move|p2a: Groaaar :p|Roar|p1a: Thundurus|[from]move: Copycat
|drag|p1a: Breloom|Breloom, M, shiny|68/100
|-damage|p1a: Breloom|61/100|[from] Stealth Rock
|-damage|p1a: Breloom|45/100|[from] Spikes
|
|-weather|RainDance|[upkeep]
|-heal|p1a: Breloom|51/100|[from] item: Leftovers
|upkeep
|turn|26
|
|t:|1702067583
|move|p2a: Groaaar :p|Copycat|p2a: Groaaar :p
|move|p2a: Groaaar :p|Roar|p1a: Breloom|[from]move: Copycat
|drag|p1a: Forretress|Forretress, F, shiny|3/100
|-damage|p1a: Forretress|0 fnt|[from] Stealth Rock
|faint|p1a: Forretress
|
|-weather|RainDance|[upkeep]
|upkeep
|
|t:|1702067586
|switch|p1a: Thundurus|Thundurus-Therian, M, shiny|26/100
|-damage|p1a: Thundurus|1/100|[from] Stealth Rock
|turn|27
|
|t:|1702067588
|move|p2a: Groaaar :p|Copycat|p2a: Groaaar :p
|move|p2a: Groaaar :p|Roar|p1a: Thundurus|[from]move: Copycat
|drag|p1a: Haxorus|Haxorus, F, shiny|72/100
|-damage|p1a: Haxorus|60/100|[from] Stealth Rock
|-damage|p1a: Haxorus|43/100|[from] Spikes
|-ability|p1a: Haxorus|Mold Breaker
|
|-weather|RainDance|[upkeep]
|upkeep
|turn|28
|
|t:|1702067592
|switch|p1a: Thundurus|Thundurus-Therian, M, shiny|1/100
|-damage|p1a: Thundurus|0 fnt|[from] Stealth Rock
|faint|p1a: Thundurus
|move|p2a: Groaaar :p|Copycat|p2a: Groaaar :p
|move|p2a: Groaaar :p|Roar|p1: Thundurus|[from]move: Copycat|[notarget]
|-fail|p2a: Groaaar :p
|
|-weather|RainDance|[upkeep]
|upkeep
|
|t:|1702067594
|switch|p1a: Breloom|Breloom, M, shiny|51/100
|-damage|p1a: Breloom|45/100|[from] Stealth Rock
|-damage|p1a: Breloom|29/100|[from] Spikes
|turn|29
|
|t:|1702067598
|move|p2a: Groaaar :p|Copycat|p2a: Groaaar :p
|move|p2a: Groaaar :p|Roar|p1a: Breloom|[from]move: Copycat
|drag|p1a: Haxorus|Haxorus, F, shiny|43/100
|-damage|p1a: Haxorus|31/100|[from] Stealth Rock
|-damage|p1a: Haxorus|14/100|[from] Spikes
|-ability|p1a: Haxorus|Mold Breaker
|
|-weather|RainDance|[upkeep]
|upkeep
|turn|30
|
|t:|1702067602
|move|p2a: Groaaar :p|Copycat|p2a: Groaaar :p
|move|p2a: Groaaar :p|Roar|p1a: Haxorus|[from]move: Copycat
|drag|p1a: Breloom|Breloom, M, shiny|29/100
|-damage|p1a: Breloom|22/100|[from] Stealth Rock
|-damage|p1a: Breloom|6/100|[from] Spikes
|
|-weather|RainDance|[upkeep]
|-heal|p1a: Breloom|12/100|[from] item: Leftovers
|upkeep
|turn|31
|
|t:|1702067606
|move|p2a: Groaaar :p|Copycat|p2a: Groaaar :p
|move|p2a: Groaaar :p|Roar|p1a: Breloom|[from]move: Copycat
|drag|p1a: Haxorus|Haxorus, F, shiny|14/100
|-damage|p1a: Haxorus|2/100|[from] Stealth Rock
|-damage|p1a: Haxorus|0 fnt|[from] Spikes
|faint|p1a: Haxorus
|
|-weather|RainDance|[upkeep]
|upkeep
|-message|seanb143 forfeited.
|
|win|JaVpad1spi
|raw|seanb143's rating: 1468 &rarr; <strong>1444</strong><br />(-24 for losing)
|raw|JaVpad1spi's rating: 1393 &rarr; <strong>1417</strong><br />(+24 for winning)
|l|☆seanb143
|l| ReallyFunTeams
