|j|‽Carnelia Rose
|j|☆Pilif
|player|p1|Carnelia Rose|51
|player|p2|Pilif|101
|teamsize|p1|6
|teamsize|p2|6
|gametype|singles
|gen|5
|tier|[Gen 5] OU
|rated|
|rule|Sleep Clause Mod: Limit one foe put to sleep
|rule|Species Clause: Limit one of each Pokémon
|rule|OHKO Clause: OHKO moves are banned
|rule|Moody Clause: Moody is banned
|rule|Evasion Moves Clause: Evasion moves are banned
|rule|Endless Battle Clause: Forcing endless battles is banned
|rule|HP Percentage Mod: HP is shown in percentages
|rule|Evasion Abilities Clause: Evasion abilities are banned
|rule|Baton Pass Clause: Limit one Baton Passer, can't pass Spe and other stats simultaneously
|rule|Swagger Clause: Swagger is banned
|clearpoke
|poke|p1|Chandelure, M|item
|poke|p1|Dugtrio, F|item
|poke|p1|Breloom, F|item
|poke|p1|Latias, F|item
|poke|p1|Metagross|item
|poke|p1|Starmie|item
|poke|p2|Hippowdon, F|item
|poke|p2|Umbreon, M|item
|poke|p2|Forretress, M|item
|poke|p2|Toxicroak, M|item
|poke|p2|Infernape, M|item
|poke|p2|Hydreigon, M|item
|teampreview
|
|start
|switch|p1a: Breloom|Breloom, F|100/100
|switch|p2a: Infernape|Infernape, M|100/100
|turn|1
|inactive|Battle timer is ON: inactive players will automatically lose when time's up. (requested by Pilif)
|inactive|Carnelia Rose has 135 seconds left.
|
|move|p2a: Infernape|U-turn|p1a: Breloom
|-damage|p1a: Breloom|64/100
|
|switch|p2a: Hippowdon|Hippowdon, F|100/100
|-weather|Sandstorm|[from] ability: Sand Stream|[of] p2a: Hippowdon
|move|p1a: Breloom|Spore|p2a: Hippowdon
|-status|p2a: Hippowdon|slp
|
|-weather|Sandstorm|[upkeep]
|-damage|p1a: Breloom|58/100|[from] sandstorm
|upkeep
|turn|2
|inactive|Carnelia Rose has 135 seconds left.
|inactive|Carnelia Rose has 120 seconds left.
|
|-singleturn|p1a: Breloom|move: Focus Punch
|switch|p2a: Forretress|Forretress, M|100/100
|move|p1a: Breloom|Focus Punch|p2a: Forretress
|-damage|p2a: Forretress|58/100
|
|-weather|Sandstorm|[upkeep]
|-damage|p1a: Breloom|52/100|[from] sandstorm
|-heal|p2a: Forretress|64/100|[from] item: Leftovers
|upkeep
|turn|3
|
|switch|p1a: Chandelure|Chandelure, M|100/100
|move|p2a: Forretress|Counter|p1a: Chandelure
|-immune|p1a: Chandelure|[msg]
|
|-weather|Sandstorm|[upkeep]
|-damage|p1a: Chandelure|94/100|[from] sandstorm
|-heal|p1a: Chandelure|100/100|[from] item: Leftovers
|-heal|p2a: Forretress|71/100|[from] item: Leftovers
|upkeep
|turn|4
|
|switch|p2a: Umbreon|Umbreon, M|100/100
|move|p1a: Chandelure|Flamethrower|p2a: Umbreon
|-damage|p2a: Umbreon|72/100
|
|-weather|Sandstorm|[upkeep]
|-damage|p1a: Chandelure|94/100|[from] sandstorm
|-damage|p2a: Umbreon|65/100|[from] sandstorm
|-heal|p1a: Chandelure|100/100|[from] item: Leftovers
|-heal|p2a: Umbreon|72/100|[from] item: Leftovers
|upkeep
|turn|5
|inactive|Pilif has 135 seconds left.
|
|switch|p1a: Metagross|Metagross|100/100
|move|p2a: Umbreon|Wish|p2a: Umbreon
|
|-weather|Sandstorm|[upkeep]
|-damage|p2a: Umbreon|65/100|[from] sandstorm
|-heal|p2a: Umbreon|72/100|[from] item: Leftovers
|upkeep
|turn|6
|inactive|Carnelia Rose has 135 seconds left.
|
|switch|p2a: Forretress|Forretress, M|71/100
|move|p1a: Metagross|Hammer Arm|p2a: Forretress
|-damage|p2a: Forretress|38/100
|-unboost|p1a: Metagross|spe|1
|
|-weather|Sandstorm|[upkeep]
|-heal|p2a: Forretress|93/100|[from] move: Wish|[wisher] Umbreon
|-heal|p2a: Forretress|99/100|[from] item: Leftovers
|upkeep
|turn|7
|inactive|Pilif has 135 seconds left.
|
|switch|p1a: Starmie|Starmie|100/100
|move|p2a: Forretress|Spikes|p1a: Starmie
|-sidestart|p1: Carnelia Rose|Spikes
|
|-weather|Sandstorm|[upkeep]
|-damage|p1a: Starmie|94/100|[from] sandstorm
|-heal|p2a: Forretress|100/100|[from] item: Leftovers
|upkeep
|turn|8
|inactive|Carnelia Rose has 135 seconds left.
|inactive|Carnelia Rose has 120 seconds left.
|
|switch|p2a: Umbreon|Umbreon, M|72/100
|move|p1a: Starmie|Rapid Spin|p2a: Umbreon
|-damage|p2a: Umbreon|69/100
|-sideend|p1: Carnelia Rose|Spikes|[from] move: Rapid Spin|[of] p1a: Starmie
|
|-weather|Sandstorm|[upkeep]
|-damage|p1a: Starmie|88/100|[from] sandstorm
|-damage|p2a: Umbreon|63/100|[from] sandstorm
|-heal|p2a: Umbreon|69/100|[from] item: Leftovers
|upkeep
|turn|9
|
|switch|p1a: Dugtrio|Dugtrio, F|100/100
|move|p2a: Umbreon|Heal Bell|p2a: Umbreon
|-activate|p2a: Umbreon|move: Heal Bell
|-curestatus|p2: Hippowdon|slp|[msg]
|
|-weather|Sandstorm|[upkeep]
|-damage|p2a: Umbreon|63/100|[from] sandstorm
|-heal|p2a: Umbreon|69/100|[from] item: Leftovers
|upkeep
|turn|10
|
|move|p1a: Dugtrio|Stealth Rock|p2a: Umbreon
|-sidestart|p2: Pilif|move: Stealth Rock
|move|p2a: Umbreon|Wish|p2a: Umbreon
|
|-weather|Sandstorm|[upkeep]
|-damage|p2a: Umbreon|63/100|[from] sandstorm
|-heal|p2a: Umbreon|69/100|[from] item: Leftovers
|upkeep
|turn|11
|inactive|Carnelia Rose has 135 seconds left.
|
|switch|p1a: Breloom|Breloom, F|52/100
|move|p2a: Umbreon|Toxic|p1a: Breloom
|-status|p1a: Breloom|tox
|
|-weather|Sandstorm|[upkeep]
|-damage|p1a: Breloom|46/100 tox|[from] sandstorm
|-damage|p2a: Umbreon|63/100|[from] sandstorm
|-heal|p2a: Umbreon|100/100|[from] move: Wish|[wisher] Umbreon
|-damage|p1a: Breloom|40/100 tox|[from] psn
|upkeep
|turn|12
|
|move|p2a: Umbreon|Protect|p2a: Umbreon
|-singleturn|p2a: Umbreon|Protect
|move|p1a: Breloom|Spore|p2a: Umbreon
|-activate|p2a: Umbreon|move: Protect
|
|-weather|Sandstorm|[upkeep]
|-damage|p1a: Breloom|34/100 tox|[from] sandstorm
|-damage|p2a: Umbreon|94/100|[from] sandstorm
|-heal|p2a: Umbreon|100/100|[from] item: Leftovers
|-damage|p1a: Breloom|22/100 tox|[from] psn
|upkeep
|turn|13
|inactive|Carnelia Rose has 135 seconds left.
|
|switch|p2a: Hippowdon|Hippowdon, F|100/100
|-damage|p2a: Hippowdon|94/100|[from] Stealth Rock
|move|p1a: Breloom|Spore|p2a: Hippowdon
|-status|p2a: Hippowdon|slp
|
|-weather|Sandstorm|[upkeep]
|-damage|p1a: Breloom|15/100 tox|[from] sandstorm
|-heal|p2a: Hippowdon|100/100 slp|[from] item: Leftovers
|-damage|p1a: Breloom|0 fnt|[from] psn
|upkeep
|faint|p1a: Breloom
|
|switch|p1a: Chandelure|Chandelure, M|100/100
|turn|14
|
|switch|p2a: Umbreon|Umbreon, M|100/100
|-damage|p2a: Umbreon|88/100|[from] Stealth Rock
|move|p1a: Chandelure|Flamethrower|p2a: Umbreon
|-damage|p2a: Umbreon|62/100
|
|-weather|Sandstorm|[upkeep]
|-damage|p1a: Chandelure|94/100|[from] sandstorm
|-damage|p2a: Umbreon|56/100|[from] sandstorm
|-heal|p1a: Chandelure|100/100|[from] item: Leftovers
|-heal|p2a: Umbreon|62/100|[from] item: Leftovers
|upkeep
|turn|15
|inactive|Carnelia Rose has 135 seconds left.
|
|move|p1a: Chandelure|Substitute|p1a: Chandelure
|-start|p1a: Chandelure|Substitute
|-damage|p1a: Chandelure|76/100
|move|p2a: Umbreon|Wish|p2a: Umbreon
|
|-weather|Sandstorm|[upkeep]
|-damage|p1a: Chandelure|69/100|[from] sandstorm
|-damage|p2a: Umbreon|56/100|[from] sandstorm
|-heal|p1a: Chandelure|76/100|[from] item: Leftovers
|-heal|p2a: Umbreon|62/100|[from] item: Leftovers
|upkeep
|turn|16
|
|move|p1a: Chandelure|Calm Mind|p1a: Chandelure
|-boost|p1a: Chandelure|spa|1
|-boost|p1a: Chandelure|spd|1
|move|p2a: Umbreon|Heal Bell|p2a: Umbreon
|-activate|p2a: Umbreon|move: Heal Bell
|-curestatus|p2: Hippowdon|slp|[msg]
|
|-weather|Sandstorm|[upkeep]
|-damage|p1a: Chandelure|69/100|[from] sandstorm
|-damage|p2a: Umbreon|56/100|[from] sandstorm
|-heal|p2a: Umbreon|100/100|[from] move: Wish|[wisher] Umbreon
|-heal|p1a: Chandelure|76/100|[from] item: Leftovers
|upkeep
|turn|17
|inactive|Carnelia Rose has 135 seconds left.
|inactive|Pilif has 135 seconds left.
|inactive|Pilif has 120 seconds left.
|inactive|Pilif has 105 seconds left.
|inactive|Pilif has 90 seconds left.
|
|switch|p2a: Hydreigon|Hydreigon, M|100/100
|-damage|p2a: Hydreigon|88/100|[from] Stealth Rock
|move|p1a: Chandelure|Calm Mind|p1a: Chandelure
|-boost|p1a: Chandelure|spa|1
|-boost|p1a: Chandelure|spd|1
|
|-weather|Sandstorm|[upkeep]
|-damage|p2a: Hydreigon|82/100|[from] sandstorm
|-damage|p1a: Chandelure|69/100|[from] sandstorm
|-heal|p1a: Chandelure|76/100|[from] item: Leftovers
|upkeep
|turn|18
|
|move|p2a: Hydreigon|Dark Pulse|p1a: Chandelure
|-supereffective|p1a: Chandelure
|-end|p1a: Chandelure|Substitute
|move|p1a: Chandelure|Flamethrower|p2a: Hydreigon
|-resisted|p2a: Hydreigon
|-damage|p2a: Hydreigon|18/100
|
|-weather|Sandstorm|[upkeep]
|-damage|p2a: Hydreigon|12/100|[from] sandstorm
|-damage|p1a: Chandelure|69/100|[from] sandstorm
|-heal|p1a: Chandelure|76/100|[from] item: Leftovers
|upkeep
|turn|19
|
|switch|p1a: Dugtrio|Dugtrio, F|100/100
|move|p2a: Hydreigon|Dark Pulse|p1a: Dugtrio
|-damage|p1a: Dugtrio|19/100
|
|-weather|Sandstorm|[upkeep]
|-damage|p2a: Hydreigon|5/100|[from] sandstorm
|upkeep
|turn|20
|inactive|Carnelia Rose has 135 seconds left.
|
|move|p2a: Hydreigon|Dark Pulse|p1a: Dugtrio
|-crit|p1a: Dugtrio
|-damage|p1a: Dugtrio|0 fnt
|faint|p1a: Dugtrio
|
|-weather|Sandstorm|[upkeep]
|-damage|p2a: Hydreigon|0 fnt|[from] sandstorm
|upkeep
|faint|p2a: Hydreigon
|
|switch|p1a: Starmie|Starmie|88/100
|switch|p2a: Infernape|Infernape, M|100/100
|-damage|p2a: Infernape|88/100|[from] Stealth Rock
|turn|21
|
|move|p2a: Infernape|U-turn|p1a: Starmie
|-supereffective|p1a: Starmie
|-damage|p1a: Starmie|22/100
|
|switch|p2a: Umbreon|Umbreon, M|100/100
|-damage|p2a: Umbreon|88/100|[from] Stealth Rock
|move|p1a: Starmie|Hydro Pump|p2a: Umbreon
|-damage|p2a: Umbreon|60/100
|
|-weather|Sandstorm|[upkeep]
|-damage|p1a: Starmie|15/100|[from] sandstorm
|-damage|p2a: Umbreon|54/100|[from] sandstorm
|-heal|p2a: Umbreon|60/100|[from] item: Leftovers
|upkeep
|turn|22
|inactive|Carnelia Rose has 135 seconds left.
|
|switch|p1a: Metagross|Metagross|100/100
|move|p2a: Umbreon|Wish|p2a: Umbreon
|
|-weather|Sandstorm|[upkeep]
|-damage|p2a: Umbreon|54/100|[from] sandstorm
|-heal|p2a: Umbreon|60/100|[from] item: Leftovers
|upkeep
|turn|23
|inactive|Carnelia Rose has 135 seconds left.
|
|switch|p1a: Latias|Latias, F|100/100
|move|p2a: Umbreon|Protect|p2a: Umbreon
|-fail|p2a: Umbreon
|
|-weather|Sandstorm|[upkeep]
|-damage|p1a: Latias|94/100|[from] sandstorm
|-damage|p2a: Umbreon|54/100|[from] sandstorm
|-heal|p2a: Umbreon|100/100|[from] move: Wish|[wisher] Umbreon
|-heal|p1a: Latias|100/100|[from] item: Leftovers
|upkeep
|turn|24
|
|move|p1a: Latias|Substitute|p1a: Latias
|-start|p1a: Latias|Substitute
|-damage|p1a: Latias|75/100
|move|p2a: Umbreon|Toxic|p1a: Latias
|-fail|p1a: Latias
|
|-weather|Sandstorm|[upkeep]
|-damage|p1a: Latias|69/100|[from] sandstorm
|-damage|p2a: Umbreon|94/100|[from] sandstorm
|-heal|p1a: Latias|75/100|[from] item: Leftovers
|-heal|p2a: Umbreon|100/100|[from] item: Leftovers
|upkeep
|turn|25
|
|switch|p2a: Hippowdon|Hippowdon, F|100/100
|-damage|p2a: Hippowdon|94/100|[from] Stealth Rock
|move|p1a: Latias|Calm Mind|p1a: Latias
|-boost|p1a: Latias|spa|1
|-boost|p1a: Latias|spd|1
|
|-weather|Sandstorm|[upkeep]
|-damage|p1a: Latias|69/100|[from] sandstorm
|-heal|p1a: Latias|75/100|[from] item: Leftovers
|-heal|p2a: Hippowdon|100/100|[from] item: Leftovers
|upkeep
|turn|26
|
|move|p1a: Latias|Dragon Pulse|p2a: Hippowdon
|-damage|p2a: Hippowdon|48/100
|move|p2a: Hippowdon|Roar|p1a: Latias
|drag|p1a: Starmie|Starmie|15/100
|
|-weather|Sandstorm|[upkeep]
|-damage|p1a: Starmie|9/100|[from] sandstorm
|-heal|p2a: Hippowdon|54/100|[from] item: Leftovers
|upkeep
|turn|27
|j| SakGang
|
|switch|p1a: Chandelure|Chandelure, M|76/100
|switch|p2a: Toxicroak|Toxicroak, M|100/100
|-damage|p2a: Toxicroak|94/100|[from] Stealth Rock
|
|-weather|Sandstorm|[upkeep]
|-damage|p2a: Toxicroak|88/100|[from] sandstorm
|-damage|p1a: Chandelure|69/100|[from] sandstorm
|-heal|p2a: Toxicroak|94/100|[from] item: Black Sludge
|-heal|p1a: Chandelure|76/100|[from] item: Leftovers
|upkeep
|turn|28
|l| SakGang
|inactive|Pilif has 135 seconds left.
|
|switch|p1a: Metagross|Metagross|100/100
|move|p2a: Toxicroak|Substitute|p2a: Toxicroak
|-start|p2a: Toxicroak|Substitute
|-damage|p2a: Toxicroak|69/100
|
|-weather|Sandstorm|[upkeep]
|-damage|p2a: Toxicroak|63/100|[from] sandstorm
|-heal|p2a: Toxicroak|69/100|[from] item: Black Sludge
|upkeep
|turn|29
|
|move|p1a: Metagross|Bullet Punch|p2a: Toxicroak
|-crit|p2a: Toxicroak
|-end|p2a: Toxicroak|Substitute
|move|p2a: Toxicroak|Drain Punch|p1a: Metagross
|-damage|p1a: Metagross|73/100
|-heal|p2a: Toxicroak|86/100|[from] drain|[of] p1a: Metagross
|
|-weather|Sandstorm|[upkeep]
|-damage|p2a: Toxicroak|79/100|[from] sandstorm
|-heal|p2a: Toxicroak|86/100|[from] item: Black Sludge
|upkeep
|turn|30
|inactive|Carnelia Rose has 135 seconds left.
|
|switch|p2a: Hippowdon|Hippowdon, F|54/100
|-damage|p2a: Hippowdon|48/100|[from] Stealth Rock
|switch|p1a: Chandelure|Chandelure, M|76/100
|
|-weather|Sandstorm|[upkeep]
|-damage|p1a: Chandelure|69/100|[from] sandstorm
|-heal|p1a: Chandelure|76/100|[from] item: Leftovers
|-heal|p2a: Hippowdon|54/100|[from] item: Leftovers
|upkeep
|turn|31
|inactive|Pilif has 135 seconds left.
|inactive|Pilif has 120 seconds left.
|
|move|p1a: Chandelure|Flamethrower|p2a: Hippowdon
|-damage|p2a: Hippowdon|0 fnt
|faint|p2a: Hippowdon
|
|-weather|Sandstorm|[upkeep]
|-damage|p1a: Chandelure|69/100|[from] sandstorm
|-heal|p1a: Chandelure|76/100|[from] item: Leftovers
|upkeep
|inactive|Pilif has 135 seconds left.
|
|switch|p2a: Infernape|Infernape, M|88/100
|-damage|p2a: Infernape|76/100|[from] Stealth Rock
|turn|32
|
|switch|p1a: Starmie|Starmie|9/100
|move|p2a: Infernape|Stone Edge|p1a: Starmie|[miss]
|-miss|p2a: Infernape|p1a: Starmie
|
|-weather|Sandstorm|[upkeep]
|-damage|p2a: Infernape|70/100|[from] sandstorm
|-damage|p1a: Starmie|3/100|[from] sandstorm
|upkeep
|turn|33
|inactive|Pilif has 135 seconds left.
|-enditem|p1a: Starmie|Custap Berry|[eat]
|-activate|p1a: Starmie|item: Custap Berry|[consumed]
|
|switch|p2a: Toxicroak|Toxicroak, M|86/100
|-damage|p2a: Toxicroak|79/100|[from] Stealth Rock
|move|p1a: Starmie|Hydro Pump|p2a: Toxicroak
|-heal|p2a: Toxicroak|100/100|[from] ability: Dry Skin|[of] p1a: Starmie
|
|-weather|Sandstorm|[upkeep]
|-damage|p1a: Starmie|0 fnt|[from] sandstorm
|-damage|p2a: Toxicroak|94/100|[from] sandstorm
|-heal|p2a: Toxicroak|100/100|[from] item: Black Sludge
|upkeep
|faint|p1a: Starmie
|
|switch|p1a: Metagross|Metagross|73/100
|turn|34
|
|switch|p2a: Forretress|Forretress, M|100/100
|-damage|p2a: Forretress|88/100|[from] Stealth Rock
|move|p1a: Metagross|Meteor Mash|p2a: Forretress
|-resisted|p2a: Forretress
|-damage|p2a: Forretress|63/100
|
|-weather|Sandstorm|[upkeep]
|-heal|p2a: Forretress|70/100|[from] item: Leftovers
|upkeep
|turn|35
|
|switch|p1a: Chandelure|Chandelure, M|76/100
|move|p2a: Forretress|Volt Switch|p1a: Chandelure
|-damage|p1a: Chandelure|59/100
|
|switch|p2a: Infernape|Infernape, M|70/100
|-damage|p2a: Infernape|57/100|[from] Stealth Rock
|
|-weather|Sandstorm|[upkeep]
|-damage|p2a: Infernape|51/100|[from] sandstorm
|-damage|p1a: Chandelure|53/100|[from] sandstorm
|-heal|p1a: Chandelure|59/100|[from] item: Leftovers
|upkeep
|turn|36
|inactive|Pilif has 135 seconds left.
|inactive|Carnelia Rose has 135 seconds left.
|
|move|p2a: Infernape|Overheat|p1a: Chandelure
|-start|p1a: Chandelure|ability: Flash Fire
|move|p1a: Chandelure|Substitute|p1a: Chandelure
|-start|p1a: Chandelure|Substitute
|-damage|p1a: Chandelure|34/100
|
|-weather|Sandstorm|[upkeep]
|-damage|p2a: Infernape|45/100|[from] sandstorm
|-damage|p1a: Chandelure|28/100|[from] sandstorm
|-heal|p1a: Chandelure|34/100|[from] item: Leftovers
|upkeep
|turn|37
|
|switch|p2a: Umbreon|Umbreon, M|100/100
|-damage|p2a: Umbreon|88/100|[from] Stealth Rock
|move|p1a: Chandelure|Flamethrower|p2a: Umbreon
|-damage|p2a: Umbreon|48/100
|
|-weather|Sandstorm|[upkeep]
|-damage|p1a: Chandelure|28/100|[from] sandstorm
|-damage|p2a: Umbreon|42/100|[from] sandstorm
|-heal|p1a: Chandelure|34/100|[from] item: Leftovers
|-heal|p2a: Umbreon|48/100|[from] item: Leftovers
|upkeep
|turn|38
|inactive|Pilif has 135 seconds left.
|
|move|p1a: Chandelure|Calm Mind|p1a: Chandelure
|-boost|p1a: Chandelure|spa|1
|-boost|p1a: Chandelure|spd|1
|move|p2a: Umbreon|Wish|p2a: Umbreon
|
|-weather|Sandstorm|[upkeep]
|-damage|p1a: Chandelure|28/100|[from] sandstorm
|-damage|p2a: Umbreon|42/100|[from] sandstorm
|-heal|p1a: Chandelure|34/100|[from] item: Leftovers
|-heal|p2a: Umbreon|48/100|[from] item: Leftovers
|upkeep
|turn|39
|
|move|p2a: Umbreon|Protect|p2a: Umbreon
|-singleturn|p2a: Umbreon|Protect
|move|p1a: Chandelure|Flamethrower|p2a: Umbreon
|-activate|p2a: Umbreon|move: Protect
|
|-weather|Sandstorm|[upkeep]
|-damage|p1a: Chandelure|28/100|[from] sandstorm
|-damage|p2a: Umbreon|42/100|[from] sandstorm
|-heal|p2a: Umbreon|92/100|[from] move: Wish|[wisher] Umbreon
|-heal|p1a: Chandelure|34/100|[from] item: Leftovers
|-heal|p2a: Umbreon|98/100|[from] item: Leftovers
|upkeep
|turn|40
|inactive|Pilif has 135 seconds left.
|
|switch|p2a: Toxicroak|Toxicroak, M|100/100
|-damage|p2a: Toxicroak|94/100|[from] Stealth Rock
|move|p1a: Chandelure|Calm Mind|p1a: Chandelure
|-boost|p1a: Chandelure|spa|1
|-boost|p1a: Chandelure|spd|1
|
|-weather|Sandstorm|[upkeep]
|-damage|p2a: Toxicroak|88/100|[from] sandstorm
|-damage|p1a: Chandelure|28/100|[from] sandstorm
|-heal|p2a: Toxicroak|94/100|[from] item: Black Sludge
|-heal|p1a: Chandelure|34/100|[from] item: Leftovers
|upkeep
|turn|41
|
|move|p2a: Toxicroak|Substitute|p2a: Toxicroak
|-start|p2a: Toxicroak|Substitute
|-damage|p2a: Toxicroak|69/100
|move|p1a: Chandelure|Flamethrower|p2a: Toxicroak
|-end|p2a: Toxicroak|Substitute
|
|-weather|Sandstorm|[upkeep]
|-damage|p2a: Toxicroak|63/100|[from] sandstorm
|-damage|p1a: Chandelure|28/100|[from] sandstorm
|-heal|p2a: Toxicroak|69/100|[from] item: Black Sludge
|-heal|p1a: Chandelure|34/100|[from] item: Leftovers
|upkeep
|turn|42
|
|move|p2a: Toxicroak|Ice Punch|p1a: Chandelure
|-resisted|p1a: Chandelure
|-activate|p1a: Chandelure|Substitute|[damage]
|move|p1a: Chandelure|Flamethrower|p2a: Toxicroak
|-damage|p2a: Toxicroak|0 fnt
|faint|p2a: Toxicroak
|
|-weather|Sandstorm|[upkeep]
|-damage|p1a: Chandelure|28/100|[from] sandstorm
|-heal|p1a: Chandelure|34/100|[from] item: Leftovers
|upkeep
|
|switch|p2a: Infernape|Infernape, M|45/100
|-damage|p2a: Infernape|33/100|[from] Stealth Rock
|turn|43
|
|move|p2a: Infernape|U-turn|p1a: Chandelure
|-resisted|p1a: Chandelure
|-activate|p1a: Chandelure|Substitute|[damage]
|
|switch|p2a: Forretress|Forretress, M|70/100
|-damage|p2a: Forretress|57/100|[from] Stealth Rock
|move|p1a: Chandelure|Flamethrower|p2a: Forretress
|-supereffective|p2a: Forretress
|-damage|p2a: Forretress|0 fnt
|faint|p2a: Forretress
|
|-weather|Sandstorm|[upkeep]
|-damage|p1a: Chandelure|28/100|[from] sandstorm
|-heal|p1a: Chandelure|34/100|[from] item: Leftovers
|upkeep
|
|switch|p2a: Infernape|Infernape, M|33/100
|-damage|p2a: Infernape|21/100|[from] Stealth Rock
|turn|44
|
|move|p2a: Infernape|Stone Edge|p1a: Chandelure
|-supereffective|p1a: Chandelure
|-end|p1a: Chandelure|Substitute
|move|p1a: Chandelure|Flamethrower|p2a: Infernape
|-resisted|p2a: Infernape
|-damage|p2a: Infernape|0 fnt
|faint|p2a: Infernape
|
|-weather|Sandstorm|[upkeep]
|-damage|p1a: Chandelure|28/100|[from] sandstorm
|-heal|p1a: Chandelure|34/100|[from] item: Leftovers
|upkeep
|
|switch|p2a: Umbreon|Umbreon, M|98/100
|-damage|p2a: Umbreon|86/100|[from] Stealth Rock
|turn|45
|
|move|p1a: Chandelure|Substitute|p1a: Chandelure
|-start|p1a: Chandelure|Substitute
|-damage|p1a: Chandelure|9/100
|move|p2a: Umbreon|Toxic|p1a: Chandelure
|-fail|p1a: Chandelure
|
|-weather|Sandstorm|[upkeep]
|-damage|p1a: Chandelure|3/100|[from] sandstorm
|-damage|p2a: Umbreon|80/100|[from] sandstorm
|-heal|p1a: Chandelure|9/100|[from] item: Leftovers
|-heal|p2a: Umbreon|86/100|[from] item: Leftovers
|upkeep
|turn|46
|
|move|p2a: Umbreon|Protect|p2a: Umbreon
|-singleturn|p2a: Umbreon|Protect
|move|p1a: Chandelure|Calm Mind|p1a: Chandelure
|-boost|p1a: Chandelure|spa|1
|-boost|p1a: Chandelure|spd|1
|
|-weather|Sandstorm|[upkeep]
|-damage|p1a: Chandelure|3/100|[from] sandstorm
|-damage|p2a: Umbreon|80/100|[from] sandstorm
|-heal|p1a: Chandelure|9/100|[from] item: Leftovers
|-heal|p2a: Umbreon|86/100|[from] item: Leftovers
|upkeep
|turn|47
|
|move|p1a: Chandelure|Flamethrower|p2a: Umbreon
|-damage|p2a: Umbreon|0 fnt
|faint|p2a: Umbreon
|
|win|Carnelia Rose
|raw|Carnelia Rose's rating: 1418 &rarr; <strong>1435</strong><br />(+17 for winning)
|raw|Pilif's rating: 1374 &rarr; <strong>1356</strong><br />(-18 for losing)
|l|‽Carnelia Rose
