|join|Pythagorean Python
|join|Julian
|player|p1|Pythagorean Python|101
|player|p2|Julian|169
|gametype|singles
|gen|5
|tier|[Gen 5] OU
|rated
|rule|Evasion Abilities Clause: Evasion abilities are banned
|clearpoke
|poke|p1|Skarmory, M
|poke|p1|Blissey, F
|poke|p1|Hippowdon, F
|poke|p1|Alakazam, M
|poke|p1|Terrakion
|poke|p1|Starmie
|poke|p2|Politoed, F
|poke|p2|Moltres
|poke|p2|Amoonguss, F, shiny
|poke|p2|Tentacruel, M
|poke|p2|Jirachi
|poke|p2|Tornadus, M
|rule|Sleep Clause Mod: Limit one foe put to sleep
|rule|Species Clause: Limit one of each Pokemon
|rule|OHKO Clause: OHKO moves are banned
|rule|Moody Clause: Moody is banned
|rule|Evasion Moves Clause: Evasion moves are banned
|rule|Endless Battle Clause: Forcing endless battles is banned.
|rule|HP Percentage Mod: HP is reported as percentages
|teampreview
|
|start
|switch|p1a: Starmie|Starmie|261/261
|switch|p2a: Politoed|Politoed, F|322/322
|-weather|RainDance|[from] ability: Drizzle|[of] p2a: Politoed
|turn|1
|
|switch|p2a: Jirachi|Jirachi|404/404
|move|p1a: Starmie|Thunderbolt|p2a: Jirachi
|-damage|p2a: Jirachi|341/404
|
|-weather|RainDance|[upkeep]
|-heal|p2a: Jirachi|366/404|[from] item: Leftovers
|turn|2
|
|switch|p1a: Hippowdon|Hippowdon, F|420/420
|-weather|Sandstorm|[from] ability: Sand Stream|[of] p1a: Hippowdon
|move|p2a: Jirachi|Stealth Rock|p1a: Hippowdon
|-sidestart|p1: Pythagorean Python|move: Stealth Rock
|
|-weather|Sandstorm|[upkeep]
|-heal|p2a: Jirachi|391/404|[from] item: Leftovers
|turn|3
|
|switch|p2a: Amoonguss|Amoonguss, F, shiny|432/432
|move|p1a: Hippowdon|Earthquake|p2a: Amoonguss
|-damage|p2a: Amoonguss|254/432
|
|-weather|Sandstorm|[upkeep]
|-damage|p2a: Amoonguss|227/432|[from] sandstorm
|-heal|p2a: Amoonguss|254/432|[from] item: Black Sludge
|turn|4
|
|move|p1a: Hippowdon|Earthquake|p2a: Amoonguss
|-damage|p2a: Amoonguss|77/432
|move|p2a: Amoonguss|Spore|p1a: Hippowdon
|-status|p1a: Hippowdon|slp
|
|-weather|Sandstorm|[upkeep]
|-damage|p2a: Amoonguss|50/432|[from] sandstorm
|-heal|p2a: Amoonguss|77/432|[from] item: Black Sludge
|turn|5
|
|switch|p1a: Skarmory|Skarmory, M|334/334
|-damage|p1a: Skarmory|293/334|[from] Stealth Rock
|switch|p2a: Politoed|Politoed, F|322/322
|-weather|RainDance|[from] ability: Drizzle|[of] p2a: Politoed
|
|-weather|RainDance|[upkeep]
|-heal|p1a: Skarmory|313/334|[from] item: Leftovers
|turn|6
|
|switch|p2a: Tentacruel|Tentacruel, M|364/364
|switch|p1a: Blissey|Blissey, F|714/714
|-damage|p1a: Blissey|625/714|[from] Stealth Rock
|
|-weather|RainDance|[upkeep]
|-heal|p1a: Blissey|669/714|[from] item: Leftovers
|turn|7
|
|move|p2a: Tentacruel|Toxic|p1a: Blissey
|-status|p1a: Blissey|tox
|move|p1a: Blissey|Thunder Wave|p2a: Tentacruel
|-status|p2a: Tentacruel|par
|
|-weather|RainDance|[upkeep]
|-heal|p1a: Blissey|713/714 tox|[from] item: Leftovers
|-damage|p1a: Blissey|669/714 tox|[from] psn
|turn|8
|
|switch|p2a: Amoonguss|Amoonguss, F, shiny|221/432
|move|p1a: Blissey|Seismic Toss|p2a: Amoonguss
|-damage|p2a: Amoonguss|121/432
|
|-weather|RainDance|[upkeep]
|-heal|p1a: Blissey|713/714 tox|[from] item: Leftovers
|-heal|p2a: Amoonguss|148/432|[from] item: Black Sludge
|-damage|p1a: Blissey|625/714 tox|[from] psn
|turn|9
|
|move|p1a: Blissey|Seismic Toss|p2a: Amoonguss
|-damage|p2a: Amoonguss|48/432
|move|p2a: Amoonguss|Giga Drain|p1a: Blissey
|-damage|p1a: Blissey|565/714 tox
|-heal|p2a: Amoonguss|78/432|[from] drain|[of] p1a: Blissey
|
|-weather|RainDance|[upkeep]
|-heal|p1a: Blissey|609/714 tox|[from] item: Leftovers
|-heal|p2a: Amoonguss|105/432|[from] item: Black Sludge
|-damage|p1a: Blissey|477/714 tox|[from] psn
|turn|10
|
|switch|p1a: Skarmory|Skarmory, M|313/334
|-damage|p1a: Skarmory|272/334|[from] Stealth Rock
|move|p2a: Amoonguss|Giga Drain|p1a: Skarmory
|-resisted|p1a: Skarmory
|-damage|p1a: Skarmory|244/334
|-heal|p2a: Amoonguss|119/432|[from] drain|[of] p1a: Skarmory
|
|-weather|RainDance|[upkeep]
|-heal|p1a: Skarmory|264/334|[from] item: Leftovers
|-heal|p2a: Amoonguss|146/432|[from] item: Black Sludge
|turn|11
|
|switch|p2a: Tentacruel|Tentacruel, M|364/364 par
|move|p1a: Skarmory|Drill Peck|p2a: Tentacruel
|-damage|p2a: Tentacruel|295/364 par
|
|-weather|RainDance|[upkeep]
|-heal|p2a: Tentacruel|317/364 par|[from] ability: Rain Dish
|-heal|p1a: Skarmory|284/334|[from] item: Leftovers
|-heal|p2a: Tentacruel|339/364 par|[from] item: Black Sludge
|turn|12
|
|switch|p1a: Hippowdon|Hippowdon, F|420/420 slp
|-damage|p1a: Hippowdon|394/420 slp|[from] Stealth Rock
|-weather|Sandstorm|[from] ability: Sand Stream|[of] p1a: Hippowdon
|move|p2a: Tentacruel|Scald|p1a: Hippowdon
|-supereffective|p1a: Hippowdon
|-damage|p1a: Hippowdon|194/420 slp
|
|-weather|Sandstorm|[upkeep]
|-damage|p2a: Tentacruel|317/364 par|[from] sandstorm
|-heal|p1a: Hippowdon|220/420 slp|[from] item: Leftovers
|-heal|p2a: Tentacruel|339/364 par|[from] item: Black Sludge
|turn|13
|
|switch|p1a: Starmie|Starmie|261/261
|-damage|p1a: Starmie|229/261|[from] Stealth Rock
|switch|p2a: Politoed|Politoed, F|322/322
|-weather|RainDance|[from] ability: Drizzle|[of] p2a: Politoed
|
|-weather|RainDance|[upkeep]
|turn|14
|
|switch|p2a: Jirachi|Jirachi|391/404
|move|p1a: Starmie|Hydro Pump|p2a: Jirachi
|-damage|p2a: Jirachi|187/404
|
|-weather|RainDance|[upkeep]
|-heal|p2a: Jirachi|212/404|[from] item: Leftovers
|turn|15
|
|move|p1a: Starmie|Hydro Pump|p2a: Jirachi
|-damage|p2a: Jirachi|14/404
|move|p2a: Jirachi|Thunder|p1a: Starmie
|-supereffective|p1a: Starmie
|-damage|p1a: Starmie|5/261
|
|-weather|RainDance|[upkeep]
|-heal|p2a: Jirachi|39/404|[from] item: Leftovers
|turn|16
|leave|Pythagorean Python
|player|p1
|join|PumpkinLover?
|leave|PumpkinLover?
|join|Pythagorean Python
|player|p1|Pythagorean Python|101
|
|switch|p2a: Politoed|Politoed, F|322/322
|move|p1a: Starmie|Thunderbolt|p2a: Politoed
|-supereffective|p2a: Politoed
|-damage|p2a: Politoed|99/322
|
|-weather|RainDance|[upkeep]
|turn|17
|
|move|p2a: Politoed|Scald|p1a: Starmie
|-resisted|p1a: Starmie
|-damage|p1a: Starmie|0 fnt
|faint|p1a: Starmie
|
|-weather|RainDance|[upkeep]
|
|switch|p1a: Hippowdon|Hippowdon, F|220/420 slp
|-damage|p1a: Hippowdon|194/420 slp|[from] Stealth Rock
|-weather|Sandstorm|[from] ability: Sand Stream|[of] p1a: Hippowdon
|turn|18
|
|switch|p1a: Blissey|Blissey, F|477/714
|-damage|p1a: Blissey|388/714|[from] Stealth Rock
|move|p2a: Politoed|Scald|p1a: Blissey
|-damage|p1a: Blissey|303/714
|-status|p1a: Blissey|brn
|
|-weather|Sandstorm|[upkeep]
|-damage|p2a: Politoed|79/322|[from] sandstorm
|-damage|p1a: Blissey|259/714 brn|[from] sandstorm
|-heal|p1a: Blissey|303/714 brn|[from] item: Leftovers
|-damage|p1a: Blissey|214/714 brn|[from] brn
|turn|19
|join|K4oS Asian
|
|switch|p2a: Tornadus|Tornadus, M|299/299
|move|p1a: Blissey|Soft-Boiled|p1a: Blissey
|-heal|p1a: Blissey|571/714 brn
|
|-weather|Sandstorm|[upkeep]
|-damage|p2a: Tornadus|281/299|[from] sandstorm
|-damage|p1a: Blissey|527/714 brn|[from] sandstorm
|-heal|p1a: Blissey|571/714 brn|[from] item: Leftovers
|-damage|p1a: Blissey|482/714 brn|[from] brn
|turn|20
|
|move|p2a: Tornadus|Superpower|p1a: Blissey
|-supereffective|p1a: Blissey
|-damage|p1a: Blissey|0 fnt
|-unboost|p2a: Tornadus|atk|1
|-unboost|p2a: Tornadus|def|1
|-damage|p2a: Tornadus|252/299|[from] item: Life Orb
|faint|p1a: Blissey
|
|-weather|Sandstorm|[upkeep]
|-damage|p2a: Tornadus|234/299|[from] sandstorm
|
|switch|p1a: Alakazam|Alakazam, M|252/252
|turn|21
|
|switch|p2a: Jirachi|Jirachi|39/404
|move|p1a: Alakazam|Psychic|p2a: Jirachi
|-resisted|p2a: Jirachi
|-damage|p2a: Jirachi|3/404
|
|-weather|Sandstorm|[upkeep]
|-heal|p2a: Jirachi|28/404|[from] item: Leftovers
|turn|22
|
|move|p1a: Alakazam|Psychic|p2a: Jirachi
|-resisted|p2a: Jirachi
|-damage|p2a: Jirachi|0 fnt
|faint|p2a: Jirachi
|
|-weather|Sandstorm|[upkeep]
|
|switch|p2a: Moltres|Moltres|321/321
|-ability|p2a: Moltres|Pressure
|turn|23
|
|move|p1a: Alakazam|Psychic|p2a: Moltres
|-damage|p2a: Moltres|68/321
|move|p2a: Moltres|Fire Blast|p1a: Alakazam|[miss]
|-miss|p2a: Moltres|p1a: Alakazam
|
|-weather|Sandstorm|[upkeep]
|-damage|p2a: Moltres|48/321|[from] sandstorm
|turn|24
|
|move|p1a: Alakazam|Psychic|p2a: Moltres
|-damage|p2a: Moltres|0 fnt
|faint|p2a: Moltres
|
|-weather|Sandstorm|[upkeep]
|chat|Julian|gfi
|chat|Julian|gfdi
|
|switch|p2a: Politoed|Politoed, F|79/322
|-weather|RainDance|[from] ability: Drizzle|[of] p2a: Politoed
|turn|25
|
|move|p2a: Politoed|Scald|p1a: Alakazam
|-damage|p1a: Alakazam|71/252
|move|p1a: Alakazam|Psychic|p2a: Politoed
|-damage|p2a: Politoed|0 fnt
|faint|p2a: Politoed
|
|-weather|RainDance|[upkeep]
|
|switch|p2a: Tornadus|Tornadus, M|234/299
|turn|26
|
|move|p2a: Tornadus|Tailwind|p2a: Tornadus
|-sidestart|p2: Julian|move: Tailwind
|move|p1a: Alakazam|Psychic|p2a: Tornadus
|-damage|p2a: Tornadus|0 fnt
|faint|p2a: Tornadus
|
|-weather|RainDance|[upkeep]
|
|switch|p2a: Tentacruel|Tentacruel, M|339/364 par
|turn|27
|
|move|p1a: Alakazam|Psychic|p2a: Tentacruel
|-supereffective|p2a: Tentacruel
|-damage|p2a: Tentacruel|0 fnt
|faint|p2a: Tentacruel
|
|-weather|RainDance|[upkeep]
|chat|Julian|fucking miss
|
|switch|p2a: Amoonguss|Amoonguss, F, shiny|290/432
|turn|28
|
|move|p1a: Alakazam|Psychic|p2a: Amoonguss
|-supereffective|p2a: Amoonguss
|-damage|p2a: Amoonguss|0 fnt
|faint|p2a: Amoonguss
|
|win|Pythagorean Python
|raw|Ladder updating...
|raw|Pythagorean Python's rating: 1403 &rarr; <strong>1433</strong><br />(+30 for winning)
|raw|Julian's rating: 1606 &rarr; <strong>1575</strong><br />(-31 for losing)
|chat|Pythagorean Python|gg
|leave|Julian
|player|p2