|j|☆Bkcheese
|j|☆Paltham
|t:|1749585906
|gametype|singles
|player|p1|Bkcheese|1|1361
|player|p2|Paltham|265|1327
|teamsize|p1|6
|teamsize|p2|6
|gen|5
|tier|[Gen 5] OU
|rated|
|rule|Species Clause: Limit one of each Pokémon
|rule|OHKO Clause: OHKO moves are banned
|rule|Moody Clause: Moody is banned
|rule|Evasion Items Clause: Evasion items are banned
|rule|Evasion Moves Clause: Evasion moves are banned
|rule|Endless Battle Clause: Forcing endless battles is banned
|rule|HP Percentage Mod: HP is shown in percentages
|rule|Evasion Abilities Clause: Evasion abilities are banned
|rule|Sleep Moves Clause: Sleep-inducing moves are banned
|rule|Swagger Clause: Swagger is banned
|rule|Baton Pass Stat Clause: No Baton Passer may have a way to boost its stats
|clearpoke
|poke|p1|Politoed, F|item
|poke|p1|Ferrothorn, M|item
|poke|p1|Latios, M|item
|poke|p1|Thundurus-Therian, M|item
|poke|p1|Excadrill, F|item
|poke|p1|Lapras, M|item
|poke|p2|Hitmonlee, M|item
|poke|p2|Latios, M|item
|poke|p2|Landorus-Therian, M|item
|poke|p2|Tyranitar, M|item
|poke|p2|Alakazam, F|item
|poke|p2|Keldeo|item
|teampreview
|inactive|Battle timer is ON: inactive players will automatically lose when time's up. (requested by Paltham)
|inactive|Bkcheese has 120 seconds left.
|
|t:|1749585967
|start
|switch|p1a: Ferrothorn|Ferrothorn, M|100/100
|switch|p2a: Hitmonlee|Hitmonlee, M|100/100
|turn|1
|
|t:|1749585981
|switch|p1a: Latios|Latios, M|100/100
|move|p2a: Hitmonlee|Fling|p1a: Latios
|-supereffective|p1a: Latios
|-damage|p1a: Latios|0 fnt
|-enditem|p2a: Hitmonlee|Hard Stone|[from] move: Fling
|faint|p1a: Latios
|
|upkeep
|
|t:|1749585993
|switch|p1a: Ferrothorn|Ferrothorn, M|100/100
|turn|2
|
|t:|1749585997
|move|p2a: Hitmonlee|Close Combat|p1a: Ferrothorn
|-supereffective|p1a: Ferrothorn
|-crit|p1a: Ferrothorn
|-damage|p1a: Ferrothorn|0 fnt
|-unboost|p2a: Hitmonlee|def|1
|-unboost|p2a: Hitmonlee|spd|1
|-damage|p2a: Hitmonlee|88/100|[from] ability: Iron Barbs|[of] p1a: Ferrothorn
|faint|p1a: Ferrothorn
|
|upkeep
|
|t:|1749586003
|switch|p1a: Politoed|Politoed, F|100/100
|-weather|RainDance|[from] ability: Drizzle|[of] p1a: Politoed
|turn|3
|
|t:|1749586010
|move|p2a: Hitmonlee|Close Combat|p1a: Politoed
|-damage|p1a: Politoed|47/100
|-unboost|p2a: Hitmonlee|def|1
|-unboost|p2a: Hitmonlee|spd|1
|move|p1a: Politoed|Scald|p2a: Hitmonlee
|-damage|p2a: Hitmonlee|0 fnt
|faint|p2a: Hitmonlee
|
|-weather|RainDance|[upkeep]
|-heal|p1a: Politoed|53/100|[from] item: Leftovers
|upkeep
|
|t:|1749586020
|switch|p2a: Tyranitar|Tyranitar, M|100/100
|-weather|Sandstorm|[from] ability: Sand Stream|[of] p2a: Tyranitar
|turn|4
|
|t:|1749586024
|move|p1a: Politoed|Scald|p2a: Tyranitar
|-supereffective|p2a: Tyranitar
|-damage|p2a: Tyranitar|76/100
|move|p2a: Tyranitar|Thunder Wave|p1a: Politoed
|-status|p1a: Politoed|par
|
|-weather|Sandstorm|[upkeep]
|-damage|p1a: Politoed|47/100 par|[from] Sandstorm
|-heal|p1a: Politoed|53/100 par|[from] item: Leftovers
|upkeep
|turn|5
|
|t:|1749586031
|move|p2a: Tyranitar|Crunch|p1a: Politoed
|-damage|p1a: Politoed|22/100 par
|move|p1a: Politoed|Scald|p2a: Tyranitar
|-supereffective|p2a: Tyranitar
|-damage|p2a: Tyranitar|50/100
|
|-weather|Sandstorm|[upkeep]
|-damage|p1a: Politoed|16/100 par|[from] Sandstorm
|-heal|p1a: Politoed|22/100 par|[from] item: Leftovers
|upkeep
|turn|6
|
|t:|1749586035
|move|p2a: Tyranitar|Crunch|p1a: Politoed
|-damage|p1a: Politoed|0 fnt
|faint|p1a: Politoed
|
|-weather|Sandstorm|[upkeep]
|upkeep
|
|t:|1749586040
|switch|p1a: Thundurus|Thundurus-Therian, M|100/100
|turn|7
|
|t:|1749586051
|switch|p2a: Landorus|Landorus-Therian, M|100/100
|-ability|p2a: Landorus|Intimidate|boost
|-unboost|p1a: Thundurus|atk|1
|move|p1a: Thundurus|Nasty Plot|p1a: Thundurus
|-boost|p1a: Thundurus|spa|2
|
|-weather|Sandstorm|[upkeep]
|-damage|p1a: Thundurus|95/100|[from] Sandstorm
|-heal|p1a: Thundurus|100/100|[from] item: Leftovers
|upkeep
|turn|8
|
|t:|1749586059
|move|p2a: Landorus|Hidden Power|p1a: Thundurus
|-supereffective|p1a: Thundurus
|-damage|p1a: Thundurus|71/100
|move|p1a: Thundurus|Hidden Power|p2a: Landorus
|-supereffective|p2a: Landorus
|-damage|p2a: Landorus|0 fnt
|faint|p2a: Landorus
|
|-weather|Sandstorm|[upkeep]
|-damage|p1a: Thundurus|65/100|[from] Sandstorm
|-heal|p1a: Thundurus|71/100|[from] item: Leftovers
|upkeep
|
|t:|1749586072
|switch|p2a: Alakazam|Alakazam, F|100/100
|turn|9
|
|t:|1749586080
|move|p2a: Alakazam|Psychic|p1a: Thundurus
|-damage|p1a: Thundurus|23/100
|move|p1a: Thundurus|Thunder|p2a: Alakazam
|-damage|p2a: Alakazam|0 fnt
|faint|p2a: Alakazam
|
|-weather|Sandstorm|[upkeep]
|-damage|p1a: Thundurus|17/100|[from] Sandstorm
|-heal|p1a: Thundurus|23/100|[from] item: Leftovers
|upkeep
|
|t:|1749586091
|switch|p2a: Keldeo|Keldeo|100/100
|turn|10
|
|t:|1749586096
|move|p1a: Thundurus|Protect|p1a: Thundurus
|-singleturn|p1a: Thundurus|Protect
|move|p2a: Keldeo|Hidden Power|p1a: Thundurus
|-activate|p1a: Thundurus|move: Protect
|
|-weather|Sandstorm|[upkeep]
|-damage|p2a: Keldeo|94/100|[from] Sandstorm
|-damage|p1a: Thundurus|17/100|[from] Sandstorm
|-heal|p2a: Keldeo|100/100|[from] item: Leftovers
|-heal|p1a: Thundurus|23/100|[from] item: Leftovers
|upkeep
|turn|11
|
|t:|1749586105
|move|p2a: Keldeo|Scald|p1a: Thundurus
|-damage|p1a: Thundurus|0 fnt
|faint|p1a: Thundurus
|
|-weather|Sandstorm|[upkeep]
|-damage|p2a: Keldeo|94/100|[from] Sandstorm
|-heal|p2a: Keldeo|100/100|[from] item: Leftovers
|upkeep
|
|t:|1749586111
|switch|p1a: Lapras|Lapras, M|100/100
|turn|12
|
|t:|1749586125
|move|p2a: Keldeo|Secret Sword|p1a: Lapras
|-supereffective|p1a: Lapras
|-damage|p1a: Lapras|35/100
|move|p1a: Lapras|Waterfall|p2a: Keldeo
|-resisted|p2a: Keldeo
|-damage|p2a: Keldeo|85/100
|
|-weather|Sandstorm|[upkeep]
|-damage|p2a: Keldeo|79/100|[from] Sandstorm
|-damage|p1a: Lapras|29/100|[from] Sandstorm
|-heal|p2a: Keldeo|85/100|[from] item: Leftovers
|-heal|p1a: Lapras|35/100|[from] item: Leftovers
|upkeep
|turn|13
|
|t:|1749586132
|move|p1a: Lapras|Ice Shard|p2a: Keldeo
|-resisted|p2a: Keldeo
|-crit|p2a: Keldeo
|-damage|p2a: Keldeo|68/100
|move|p2a: Keldeo|Secret Sword|p1a: Lapras
|-supereffective|p1a: Lapras
|-crit|p1a: Lapras
|-damage|p1a: Lapras|0 fnt
|faint|p1a: Lapras
|
|-weather|Sandstorm|[upkeep]
|-damage|p2a: Keldeo|62/100|[from] Sandstorm
|-heal|p2a: Keldeo|68/100|[from] item: Leftovers
|upkeep
|
|t:|1749586141
|switch|p1a: Excadrill|Excadrill, F|100/100
|-ability|p1a: Excadrill|Mold Breaker
|turn|14
|
|t:|1749586146
|move|p1a: Excadrill|Iron Head|p2a: Keldeo
|-resisted|p2a: Keldeo
|-damage|p2a: Keldeo|43/100
|move|p2a: Keldeo|Secret Sword|p1a: Excadrill
|-supereffective|p1a: Excadrill
|-damage|p1a: Excadrill|0 fnt
|faint|p1a: Excadrill
|
|win|Paltham
|raw|Bkcheese's rating: 1361 &rarr; <strong>1339</strong><br />(-22 for losing)
|raw|Paltham's rating: 1327 &rarr; <strong>1349</strong><br />(+22 for winning)
