|j|☆PSiLilliann
|j|☆cdrgcde
|t:|1745217033
|gametype|singles
|player|p1|PSiLilliann|may-contest|1309
|player|p2|cdrgcde|lucas|1453
|teamsize|p1|6
|teamsize|p2|6
|gen|5
|tier|[Gen 5] OU
|rated|
|rule|Species Clause: Limit one of each Pokémon
|rule|OHKO Clause: OHKO moves are banned
|rule|Moody Clause: Moody is banned
|rule|Evasion Items Clause: Evasion items are banned
|rule|Evasion Moves Clause: Evasion moves are banned
|rule|Endless Battle Clause: Forcing endless battles is banned
|rule|HP Percentage Mod: HP is shown in percentages
|rule|Evasion Abilities Clause: Evasion abilities are banned
|rule|Sleep Moves Clause: Sleep-inducing moves are banned
|rule|Swagger Clause: Swagger is banned
|rule|Baton Pass Stat Clause: No Baton Passer may have a way to boost its stats
|clearpoke
|poke|p1|Abomasnow, F|item
|poke|p1|Garchomp, M|item
|poke|p1|Dragonite, M|item
|poke|p1|Jirachi|item
|poke|p1|Starmie|item
|poke|p1|Kyurem-Black|item
|poke|p2|Tyranitar, M|item
|poke|p2|Gliscor, M|item
|poke|p2|Skarmory, F|item
|poke|p2|Jellicent, M|item
|poke|p2|Latios, M|item
|poke|p2|Alakazam, M|item
|teampreview
|inactive|Battle timer is ON: inactive players will automatically lose when time's up. (requested by cdrgcde)
|
|t:|1745217057
|start
|switch|p1a: Abomasnow|Abomasnow, F, shiny|100/100
|switch|p2a: Skarmory|Skarmory, F|100/100
|-weather|Hail|[from] ability: Snow Warning|[of] p1a: Abomasnow
|turn|1
|
|t:|1745217071
|switch|p1a: Kyurem|Kyurem-Black, shiny|100/100
|-ability|p1a: Kyurem|Teravolt
|move|p2a: Skarmory|Drill Peck|p1a: Kyurem
|-damage|p1a: Kyurem|81/100
|
|-weather|Hail|[upkeep]
|-damage|p2a: Skarmory|94/100|[from] Hail
|upkeep
|turn|2
|
|t:|1745217100
|switch|p2a: Tyranitar|Tyranitar, M|100/100
|-weather|Sandstorm|[from] ability: Sand Stream|[of] p2a: Tyranitar
|move|p1a: Kyurem|Fusion Bolt|p2a: Tyranitar
|-damage|p2a: Tyranitar|50/100
|
|-weather|Sandstorm|[upkeep]
|-damage|p1a: Kyurem|75/100|[from] Sandstorm
|upkeep
|turn|3
|
|t:|1745217108
|switch|p1a: Abomasnow|Abomasnow, F, shiny|100/100
|-weather|Hail|[from] ability: Snow Warning|[of] p1a: Abomasnow
|switch|p2a: Gliscor|Gliscor, M|100/100
|
|-weather|Hail|[upkeep]
|-damage|p2a: Gliscor|94/100|[from] Hail
|-status|p2a: Gliscor|tox|[from] item: Toxic Orb
|upkeep
|turn|4
|
|t:|1745217116
|switch|p2a: Tyranitar|Tyranitar, M|50/100
|-weather|Sandstorm|[from] ability: Sand Stream|[of] p2a: Tyranitar
|move|p1a: Abomasnow|Blizzard|p2a: Tyranitar
|-damage|p2a: Tyranitar|24/100
|
|-weather|Sandstorm|[upkeep]
|-damage|p1a: Abomasnow|94/100|[from] Sandstorm
|upkeep
|turn|5
|
|t:|1745217129
|switch|p1a: Jirachi|Jirachi|100/100
|switch|p2a: Skarmory|Skarmory, F|94/100
|
|-weather|Sandstorm|[upkeep]
|upkeep
|turn|6
|
|t:|1745217136
|move|p1a: Jirachi|U-turn|p2a: Skarmory
|-resisted|p2a: Skarmory
|-damage|p2a: Skarmory|91/100
|-damage|p1a: Jirachi|84/100|[from] item: Rocky Helmet|[of] p2a: Skarmory
|
|t:|1745217142
|switch|p1a: Abomasnow|Abomasnow, F, shiny|94/100|[from] U-turn
|-weather|Hail|[from] ability: Snow Warning|[of] p1a: Abomasnow
|move|p2a: Skarmory|Spikes|p1a: Abomasnow
|-sidestart|p1: PSiLilliann|Spikes
|
|-weather|Hail|[upkeep]
|-damage|p2a: Skarmory|85/100|[from] Hail
|upkeep
|turn|7
|
|t:|1745217175
|switch|p1a: Garchomp|Garchomp, M|100/100
|-damage|p1a: Garchomp|88/100|[from] Spikes
|move|p2a: Skarmory|Drill Peck|p1a: Garchomp
|-damage|p1a: Garchomp|64/100
|-damage|p2a: Skarmory|73/100|[from] ability: Rough Skin|[of] p1a: Garchomp
|
|-weather|Hail|[upkeep]
|-damage|p1a: Garchomp|58/100|[from] Hail
|-damage|p2a: Skarmory|67/100|[from] Hail
|upkeep
|turn|8
|
|t:|1745217200
|switch|p2a: Alakazam|Alakazam, M|100/100
|move|p1a: Garchomp|Stealth Rock|p2a: Alakazam
|-sidestart|p2: cdrgcde|move: Stealth Rock
|
|-weather|Hail|[upkeep]
|-damage|p1a: Garchomp|51/100|[from] Hail
|upkeep
|turn|9
|
|t:|1745217219
|move|p2a: Alakazam|Hidden Power|p1a: Garchomp
|-supereffective|p1a: Garchomp
|-enditem|p1a: Garchomp|Yache Berry|[eat]
|-enditem|p1a: Garchomp|Yache Berry|[weaken]
|-damage|p1a: Garchomp|0 fnt
|faint|p1a: Garchomp
|
|-weather|Hail|[upkeep]
|upkeep
|
|t:|1745217225
|switch|p1a: Jirachi|Jirachi|84/100
|-damage|p1a: Jirachi|72/100|[from] Spikes
|turn|10
|
|t:|1745217232
|switch|p2a: Skarmory|Skarmory, F|67/100
|-damage|p2a: Skarmory|55/100|[from] Stealth Rock
|move|p1a: Jirachi|U-turn|p2a: Skarmory
|-resisted|p2a: Skarmory
|-damage|p2a: Skarmory|51/100
|-damage|p1a: Jirachi|55/100|[from] item: Rocky Helmet|[of] p2a: Skarmory
|
|t:|1745217243
|switch|p1a: Starmie|Starmie|100/100|[from] U-turn
|-item|p1a: Starmie|Air Balloon
|
|-weather|Hail|[upkeep]
|-damage|p1a: Starmie|94/100|[from] Hail
|-damage|p2a: Skarmory|45/100|[from] Hail
|upkeep
|turn|11
|
|t:|1745217255
|switch|p2a: Jellicent|Jellicent, M|100/100
|-damage|p2a: Jellicent|88/100|[from] Stealth Rock
|move|p1a: Starmie|Thunderbolt|p2a: Jellicent
|-supereffective|p2a: Jellicent
|-damage|p2a: Jellicent|25/100
|
|-weather|Hail|[upkeep]
|-damage|p1a: Starmie|88/100|[from] Hail
|-damage|p2a: Jellicent|19/100|[from] Hail
|-heal|p2a: Jellicent|25/100|[from] item: Leftovers
|upkeep
|turn|12
|
|t:|1745217261
|move|p1a: Starmie|Thunderbolt|p2a: Jellicent
|-supereffective|p2a: Jellicent
|-damage|p2a: Jellicent|0 fnt
|faint|p2a: Jellicent
|
|-weather|Hail|[upkeep]
|-damage|p1a: Starmie|82/100|[from] Hail
|upkeep
|
|t:|1745217264
|switch|p2a: Alakazam|Alakazam, M|100/100
|turn|13
|
|t:|1745217270
|move|p2a: Alakazam|Grass Knot|p1a: Starmie
|-supereffective|p1a: Starmie
|-damage|p1a: Starmie|0 fnt
|-enditem|p1a: Starmie|Air Balloon
|faint|p1a: Starmie
|
|-weather|Hail|[upkeep]
|upkeep
|
|t:|1745217278
|switch|p1a: Jirachi|Jirachi|55/100
|-damage|p1a: Jirachi|43/100|[from] Spikes
|turn|14
|
|t:|1745217291
|switch|p2a: Skarmory|Skarmory, F|45/100
|-damage|p2a: Skarmory|33/100|[from] Stealth Rock
|move|p1a: Jirachi|U-turn|p2a: Skarmory
|-resisted|p2a: Skarmory
|-damage|p2a: Skarmory|29/100
|-damage|p1a: Jirachi|26/100|[from] item: Rocky Helmet|[of] p2a: Skarmory
|
|t:|1745217299
|switch|p1a: Dragonite|Dragonite, M|100/100|[from] U-turn
|
|-weather|Hail|[upkeep]
|-damage|p1a: Dragonite|94/100|[from] Hail
|-damage|p2a: Skarmory|23/100|[from] Hail
|-heal|p1a: Dragonite|100/100|[from] item: Leftovers
|upkeep
|turn|15
|
|t:|1745217305
|move|p1a: Dragonite|Dragon Dance|p1a: Dragonite
|-boost|p1a: Dragonite|atk|1
|-boost|p1a: Dragonite|spe|1
|move|p2a: Skarmory|Whirlwind|p1a: Dragonite
|drag|p1a: Kyurem|Kyurem-Black, shiny|75/100
|-damage|p1a: Kyurem|63/100|[from] Spikes
|-ability|p1a: Kyurem|Teravolt
|
|-weather|Hail|[upkeep]
|-damage|p2a: Skarmory|17/100|[from] Hail
|upkeep
|turn|16
|
|t:|1745217318
|move|p1a: Kyurem|Ice Beam|p2a: Skarmory
|-damage|p2a: Skarmory|0 fnt
|faint|p2a: Skarmory
|
|-weather|Hail|[upkeep]
|upkeep
|
|t:|1745217329
|switch|p2a: Alakazam|Alakazam, M|100/100
|turn|17
|
|t:|1745217337
|move|p2a: Alakazam|Focus Blast|p1a: Kyurem
|-supereffective|p1a: Kyurem
|-damage|p1a: Kyurem|0 fnt
|faint|p1a: Kyurem
|
|-weather|Hail|[upkeep]
|upkeep
|
|t:|1745217346
|switch|p1a: Jirachi|Jirachi|26/100
|-damage|p1a: Jirachi|14/100|[from] Spikes
|turn|18
|inactive|cdrgcde has 120 seconds left.
|
|t:|1745217389
|switch|p2a: Gliscor|Gliscor, M|94/100 tox
|-damage|p2a: Gliscor|82/100 tox|[from] Stealth Rock
|move|p1a: Jirachi|U-turn|p2a: Gliscor
|-resisted|p2a: Gliscor
|-damage|p2a: Gliscor|76/100 tox
|
|t:|1745217393
|switch|p1a: Abomasnow|Abomasnow, F, shiny|94/100|[from] U-turn
|-damage|p1a: Abomasnow|82/100|[from] Spikes
|
|-weather|Hail|[upkeep]
|-damage|p2a: Gliscor|70/100 tox|[from] Hail
|-heal|p2a: Gliscor|82/100 tox|[from] ability: Poison Heal
|upkeep
|turn|19
|inactive|cdrgcde has 120 seconds left.
|
|t:|1745217401
|move|p2a: Gliscor|Protect|p2a: Gliscor
|-singleturn|p2a: Gliscor|Protect
|move|p1a: Abomasnow|Blizzard|p2a: Gliscor
|-activate|p2a: Gliscor|move: Protect
|
|-weather|Hail|[upkeep]
|-damage|p2a: Gliscor|76/100 tox|[from] Hail
|-heal|p2a: Gliscor|88/100 tox|[from] ability: Poison Heal
|upkeep
|turn|20
|
|t:|1745217408
|switch|p2a: Tyranitar|Tyranitar, M|24/100
|-damage|p2a: Tyranitar|12/100|[from] Stealth Rock
|-weather|Sandstorm|[from] ability: Sand Stream|[of] p2a: Tyranitar
|move|p1a: Abomasnow|Blizzard|p2a: Tyranitar|[miss]
|-miss|p1a: Abomasnow|p2a: Tyranitar
|
|-weather|Sandstorm|[upkeep]
|-damage|p1a: Abomasnow|76/100|[from] Sandstorm
|upkeep
|turn|21
|inactive|PSiLilliann has 120 seconds left.
|
|t:|1745217438
|move|p1a: Abomasnow|Blizzard|p2a: Tyranitar|[miss]
|-miss|p1a: Abomasnow|p2a: Tyranitar
|move|p2a: Tyranitar|Pursuit|p1a: Abomasnow
|-damage|p1a: Abomasnow|48/100
|
|-weather|Sandstorm|[upkeep]
|-damage|p1a: Abomasnow|42/100|[from] Sandstorm
|upkeep
|turn|22
|
|t:|1745217445
|move|p1a: Abomasnow|Blizzard|p2a: Tyranitar
|-damage|p2a: Tyranitar|0 fnt
|faint|p2a: Tyranitar
|
|-weather|Sandstorm|[upkeep]
|-damage|p1a: Abomasnow|36/100|[from] Sandstorm
|upkeep
|
|t:|1745217450
|switch|p2a: Gliscor|Gliscor, M|88/100 tox
|-damage|p2a: Gliscor|76/100 tox|[from] Stealth Rock
|turn|23
|
|t:|1745217457
|move|p2a: Gliscor|Protect|p2a: Gliscor
|-singleturn|p2a: Gliscor|Protect
|move|p1a: Abomasnow|Ice Shard|p2a: Gliscor
|-activate|p2a: Gliscor|move: Protect
|
|-weather|Sandstorm|[upkeep]
|-damage|p1a: Abomasnow|29/100|[from] Sandstorm
|-heal|p2a: Gliscor|88/100 tox|[from] ability: Poison Heal
|upkeep
|turn|24
|
|t:|1745217474
|switch|p1a: Dragonite|Dragonite, M|100/100
|move|p2a: Gliscor|Stealth Rock|p1a: Dragonite
|-sidestart|p1: PSiLilliann|move: Stealth Rock
|
|-weather|Sandstorm|[upkeep]
|-damage|p1a: Dragonite|94/100|[from] Sandstorm
|-heal|p1a: Dragonite|100/100|[from] item: Leftovers
|-heal|p2a: Gliscor|100/100 tox|[from] ability: Poison Heal
|upkeep
|turn|25
|
|t:|1745217480
|move|p1a: Dragonite|Dragon Dance|p1a: Dragonite
|-boost|p1a: Dragonite|atk|1
|-boost|p1a: Dragonite|spe|1
|move|p2a: Gliscor|U-turn|p1a: Dragonite
|-resisted|p1a: Dragonite
|-damage|p1a: Dragonite|96/100
|
|t:|1745217500
|switch|p2a: Latios|Latios, M|100/100|[from] U-turn
|-damage|p2a: Latios|88/100|[from] Stealth Rock
|
|-weather|Sandstorm|[upkeep]
|-damage|p1a: Dragonite|90/100|[from] Sandstorm
|-damage|p2a: Latios|82/100|[from] Sandstorm
|-heal|p1a: Dragonite|96/100|[from] item: Leftovers
|upkeep
|turn|26
|
|t:|1745217506
|move|p1a: Dragonite|Extreme Speed|p2a: Latios
|-damage|p2a: Latios|15/100
|move|p2a: Latios|Draco Meteor|p1a: Dragonite
|-supereffective|p1a: Dragonite
|-damage|p1a: Dragonite|0 fnt
|-unboost|p2a: Latios|spa|2
|faint|p1a: Dragonite
|
|-weather|Sandstorm|[upkeep]
|-damage|p2a: Latios|9/100|[from] Sandstorm
|upkeep
|
|t:|1745217513
|switch|p1a: Jirachi|Jirachi|14/100
|-damage|p1a: Jirachi|1/100|[from] Spikes
|-damage|p1a: Jirachi|0 fnt|[from] Stealth Rock
|faint|p1a: Jirachi
|
|t:|1745217514
|switch|p1a: Abomasnow|Abomasnow, F, shiny|29/100
|-damage|p1a: Abomasnow|17/100|[from] Spikes
|-damage|p1a: Abomasnow|0 fnt|[from] Stealth Rock
|faint|p1a: Abomasnow
|
|win|cdrgcde
|raw|PSiLilliann's rating: 1309 &rarr; <strong>1297</strong><br />(-12 for losing)
|raw|cdrgcde's rating: 1453 &rarr; <strong>1465</strong><br />(+12 for winning)
|c|☆PSiLilliann|gg
|c|☆cdrgcde|gg
|l|☆PSiLilliann
|player|p1|
