|j|☆Decision Makers
|j|☆colbur lati
|player|p1|Decision Makers|2
|player|p2|colbur lati|164
|teamsize|p1|6
|teamsize|p2|6
|gametype|singles
|gen|5
|tier|[Gen 5] OU
|rated|
|rule|Sleep Clause Mod: Limit one foe put to sleep
|rule|Species Clause: Limit one of each Pokémon
|rule|OHKO Clause: OHKO moves are banned
|rule|Moody Clause: Moody is banned
|rule|Evasion Moves Clause: Evasion moves are banned
|rule|Endless Battle Clause: Forcing endless battles is banned
|rule|HP Percentage Mod: HP is shown in percentages
|rule|Evasion Abilities Clause: Evasion abilities are banned
|rule|Baton Pass Clause: Limit one Baton Passer, can't pass Spe and other stats simultaneously
|rule|Swagger Clause: Swagger is banned
|clearpoke
|poke|p1|Latias, F|item
|poke|p1|Excadrill, M|item
|poke|p1|Dragonite, M|item
|poke|p1|Weavile, M|item
|poke|p1|Landorus-Therian, M|item
|poke|p1|Magnezone|item
|poke|p2|Rotom-Wash|item
|poke|p2|Tyranitar, F|item
|poke|p2|Landorus-Therian, M|item
|poke|p2|Reuniclus, F|item
|poke|p2|Terrakion|item
|poke|p2|Ferrothorn, M|item
|teampreview
|inactive|Battle timer is ON: inactive players will automatically lose when time's up. (requested by colbur lati)
|
|start
|switch|p1a: Dragonite|Dragonite, M|100/100
|switch|p2a: Rotom|Rotom-Wash|100/100
|turn|1
|
|move|p1a: Dragonite|Outrage|p2a: Rotom
|-damage|p2a: Rotom|45/100
|move|p2a: Rotom|Volt Switch|p1a: Dragonite
|-damage|p1a: Dragonite|87/100
|
|switch|p2a: Ferrothorn|Ferrothorn, M|100/100
|
|upkeep
|turn|2
|inactive|Decision Makers has 135 seconds left.
|
|move|p1a: Dragonite|Outrage|p2a: Ferrothorn|[from]lockedmove
|-resisted|p2a: Ferrothorn
|-damage|p2a: Ferrothorn|78/100
|-damage|p1a: Dragonite|75/100|[from] ability: Iron Barbs|[of] p2a: Ferrothorn
|move|p2a: Ferrothorn|Stealth Rock|p1a: Dragonite
|-sidestart|p1: Decision Makers|move: Stealth Rock
|
|-heal|p2a: Ferrothorn|84/100|[from] item: Leftovers
|upkeep
|turn|3
|
|move|p1a: Dragonite|Outrage|p2a: Ferrothorn|[from]lockedmove
|-resisted|p2a: Ferrothorn
|-damage|p2a: Ferrothorn|64/100
|-damage|p1a: Dragonite|63/100|[from] ability: Iron Barbs|[of] p2a: Ferrothorn
|-start|p1a: Dragonite|confusion|[fatigue]
|-enditem|p1a: Dragonite|Lum Berry|[eat]
|-end|p1a: Dragonite|confusion
|move|p2a: Ferrothorn|Spikes|p1a: Dragonite
|-sidestart|p1: Decision Makers|Spikes
|
|-heal|p2a: Ferrothorn|70/100|[from] item: Leftovers
|upkeep
|turn|4
|
|switch|p2a: Landorus|Landorus-Therian, M|100/100
|-ability|p2a: Landorus|Intimidate|boost
|-unboost|p1a: Dragonite|atk|1
|move|p1a: Dragonite|Dragon Dance|p1a: Dragonite
|-boost|p1a: Dragonite|atk|1
|-boost|p1a: Dragonite|spe|1
|
|upkeep
|turn|5
|
|move|p2a: Landorus|Hidden Power|p1a: Dragonite
|-supereffective|p1a: Dragonite
|-damage|p1a: Dragonite|0 fnt
|faint|p1a: Dragonite
|
|upkeep
|
|switch|p1a: Excadrill|Excadrill, M|100/100
|-damage|p1a: Excadrill|97/100|[from] Stealth Rock
|-item|p1a: Excadrill|Air Balloon
|turn|6
|
|move|p2a: Landorus|Hidden Power|p1a: Excadrill
|-damage|p1a: Excadrill|73/100
|-enditem|p1a: Excadrill|Air Balloon
|move|p1a: Excadrill|Stealth Rock|p2a: Landorus
|-sidestart|p2: colbur lati|move: Stealth Rock
|
|upkeep
|turn|7
|
|switch|p2a: Rotom|Rotom-Wash|45/100
|-damage|p2a: Rotom|33/100|[from] Stealth Rock
|move|p1a: Excadrill|Rapid Spin|p2a: Rotom
|-damage|p2a: Rotom|25/100
|-sideend|p1: Decision Makers|Spikes|[from] move: Rapid Spin|[of] p1a: Excadrill
|-sideend|p1: Decision Makers|Stealth Rock|[from] move: Rapid Spin|[of] p1a: Excadrill
|
|-heal|p2a: Rotom|31/100|[from] item: Leftovers
|upkeep
|turn|8
|
|switch|p1a: Magnezone|Magnezone, shiny|100/100
|move|p2a: Rotom|Pain Split|p1a: Magnezone
|-sethp|p1a: Magnezone|67/100|p2a: Rotom|62/100|[from] move: Pain Split
|
|-heal|p2a: Rotom|68/100|[from] item: Leftovers
|upkeep
|turn|9
|
|move|p1a: Magnezone|Thunderbolt|p2a: Rotom
|-damage|p2a: Rotom|15/100
|move|p2a: Rotom|Volt Switch|p1a: Magnezone
|-resisted|p1a: Magnezone
|-damage|p1a: Magnezone|50/100
|
|switch|p2a: Landorus|Landorus-Therian, M|100/100
|-damage|p2a: Landorus|88/100|[from] Stealth Rock
|-ability|p2a: Landorus|Intimidate|boost
|-unboost|p1a: Magnezone|atk|1
|
|upkeep
|turn|10
|
|switch|p1a: Landorus|Landorus-Therian, M|100/100
|-ability|p1a: Landorus|Intimidate|boost
|-unboost|p2a: Landorus|atk|1
|move|p2a: Landorus|U-turn|p1a: Landorus
|-resisted|p1a: Landorus
|-damage|p1a: Landorus|90/100
|
|switch|p2a: Terrakion|Terrakion|100/100
|-damage|p2a: Terrakion|94/100|[from] Stealth Rock
|
|-heal|p2a: Terrakion|100/100|[from] item: Leftovers
|upkeep
|turn|11
|
|move|p2a: Terrakion|Protect|p2a: Terrakion
|-singleturn|p2a: Terrakion|Protect
|move|p1a: Landorus|U-turn|p2a: Terrakion
|-activate|p2a: Terrakion|move: Protect
|
|upkeep
|turn|12
|
|move|p1a: Landorus|U-turn|p2a: Terrakion
|-resisted|p2a: Terrakion
|-damage|p2a: Terrakion|85/100
|
|switch|p1a: Latias|Latias, F|100/100
|move|p2a: Terrakion|Stone Edge|p1a: Latias
|-damage|p1a: Latias|48/100
|
|-heal|p1a: Latias|54/100|[from] item: Leftovers
|-heal|p2a: Terrakion|91/100|[from] item: Leftovers
|upkeep
|turn|13
|
|switch|p1a: Landorus|Landorus-Therian, M|90/100
|-ability|p1a: Landorus|Intimidate|boost
|-unboost|p2a: Terrakion|atk|1
|move|p2a: Terrakion|Swords Dance|p2a: Terrakion
|-boost|p2a: Terrakion|atk|2
|
|-heal|p2a: Terrakion|97/100|[from] item: Leftovers
|upkeep
|turn|14
|
|move|p2a: Terrakion|Protect|p2a: Terrakion
|-singleturn|p2a: Terrakion|Protect
|move|p1a: Landorus|Earthquake|p2a: Terrakion
|-activate|p2a: Terrakion|move: Protect
|
|-heal|p2a: Terrakion|100/100|[from] item: Leftovers
|upkeep
|turn|15
|
|switch|p2a: Rotom|Rotom-Wash|15/100
|-damage|p2a: Rotom|3/100|[from] Stealth Rock
|move|p1a: Landorus|Earthquake|p2a: Rotom
|-immune|p2a: Rotom|[msg]|[from] ability: Levitate
|
|-heal|p2a: Rotom|9/100|[from] item: Leftovers
|upkeep
|turn|16
|
|switch|p1a: Magnezone|Magnezone, shiny|50/100
|move|p2a: Rotom|Pain Split|p1a: Magnezone
|-sethp|p1a: Magnezone|30/100|p2a: Rotom|28/100|[from] move: Pain Split
|
|-heal|p2a: Rotom|34/100|[from] item: Leftovers
|upkeep
|turn|17
|
|switch|p2a: Ferrothorn|Ferrothorn, M|70/100
|-damage|p2a: Ferrothorn|64/100|[from] Stealth Rock
|move|p1a: Magnezone|Volt Switch|p2a: Ferrothorn
|-resisted|p2a: Ferrothorn
|-damage|p2a: Ferrothorn|51/100
|
|switch|p1a: Excadrill|Excadrill, M|73/100
|
|-heal|p2a: Ferrothorn|57/100|[from] item: Leftovers
|upkeep
|turn|18
|
|switch|p1a: Magnezone|Magnezone, shiny|30/100
|switch|p2a: Landorus|Landorus-Therian, M|88/100
|-damage|p2a: Landorus|76/100|[from] Stealth Rock
|-ability|p2a: Landorus|Intimidate|boost
|-unboost|p1a: Magnezone|atk|1
|
|upkeep
|turn|19
|
|move|p2a: Landorus|U-turn|p1a: Magnezone
|-resisted|p1a: Magnezone
|-damage|p1a: Magnezone|15/100
|
|switch|p2a: Reuniclus|Reuniclus, F|100/100
|move|p1a: Magnezone|Volt Switch|p2a: Reuniclus
|-damage|p2a: Reuniclus|66/100
|
|switch|p1a: Weavile|Weavile, M|100/100
|-ability|p1a: Weavile|Pressure
|
|-heal|p2a: Reuniclus|72/100|[from] item: Leftovers
|upkeep
|turn|20
|
|move|p1a: Weavile|Night Slash|p2a: Reuniclus
|-supereffective|p2a: Reuniclus
|-damage|p2a: Reuniclus|0 fnt
|faint|p2a: Reuniclus
|
|upkeep
|
|switch|p2a: Terrakion|Terrakion|100/100
|-damage|p2a: Terrakion|94/100|[from] Stealth Rock
|turn|21
|
|switch|p1a: Landorus|Landorus-Therian, M|90/100
|-ability|p1a: Landorus|Intimidate|boost
|-unboost|p2a: Terrakion|atk|1
|move|p2a: Terrakion|Stone Edge|p1a: Landorus
|-damage|p1a: Landorus|49/100
|
|-heal|p2a: Terrakion|100/100|[from] item: Leftovers
|upkeep
|turn|22
|
|switch|p1a: Latias|Latias, F|54/100
|move|p2a: Terrakion|Protect|p2a: Terrakion
|-fail|p2a: Terrakion
|
|-heal|p1a: Latias|60/100|[from] item: Leftovers
|upkeep
|turn|23
|
|switch|p1a: Landorus|Landorus-Therian, M|49/100
|-ability|p1a: Landorus|Intimidate|boost
|-unboost|p2a: Terrakion|atk|1
|move|p2a: Terrakion|Swords Dance|p2a: Terrakion
|-boost|p2a: Terrakion|atk|2
|
|upkeep
|turn|24
|
|move|p2a: Terrakion|Protect|p2a: Terrakion
|-singleturn|p2a: Terrakion|Protect
|move|p1a: Landorus|Earthquake|p2a: Terrakion
|-activate|p2a: Terrakion|move: Protect
|
|upkeep
|turn|25
|
|switch|p2a: Landorus|Landorus-Therian, M|76/100
|-damage|p2a: Landorus|64/100|[from] Stealth Rock
|-ability|p2a: Landorus|Intimidate|boost
|-unboost|p1a: Landorus|atk|1
|move|p1a: Landorus|Earthquake|p2a: Landorus
|-immune|p2a: Landorus|[msg]
|
|upkeep
|turn|26
|
|switch|p1a: Excadrill|Excadrill, M|73/100
|move|p2a: Landorus|U-turn|p1a: Excadrill
|-resisted|p1a: Excadrill
|-damage|p1a: Excadrill|54/100
|
|switch|p2a: Terrakion|Terrakion|100/100
|-damage|p2a: Terrakion|94/100|[from] Stealth Rock
|
|-heal|p2a: Terrakion|100/100|[from] item: Leftovers
|upkeep
|turn|27
|
|switch|p1a: Landorus|Landorus-Therian, M|49/100
|-ability|p1a: Landorus|Intimidate|boost
|-unboost|p2a: Terrakion|atk|1
|move|p2a: Terrakion|Close Combat|p1a: Landorus
|-resisted|p1a: Landorus
|-damage|p1a: Landorus|23/100
|-unboost|p2a: Terrakion|def|1
|-unboost|p2a: Terrakion|spd|1
|
|upkeep
|turn|28
|
|switch|p1a: Weavile|Weavile, M|100/100
|-ability|p1a: Weavile|Pressure
|move|p2a: Terrakion|Protect|p2a: Terrakion
|-fail|p2a: Terrakion
|
|upkeep
|turn|29
|
|move|p2a: Terrakion|Protect|p2a: Terrakion
|-singleturn|p2a: Terrakion|Protect
|move|p1a: Weavile|Low Kick|p2a: Terrakion
|-activate|p2a: Terrakion|move: Protect
|
|upkeep
|turn|30
|
|switch|p2a: Landorus|Landorus-Therian, M|64/100
|-damage|p2a: Landorus|51/100|[from] Stealth Rock
|-ability|p2a: Landorus|Intimidate|boost
|-unboost|p1a: Weavile|atk|1
|move|p1a: Weavile|Low Kick|p2a: Landorus
|-resisted|p2a: Landorus
|-damage|p2a: Landorus|37/100
|
|upkeep
|turn|31
|
|switch|p1a: Landorus|Landorus-Therian, M|23/100
|-ability|p1a: Landorus|Intimidate|boost
|-unboost|p2a: Landorus|atk|1
|move|p2a: Landorus|U-turn|p1a: Landorus
|-resisted|p1a: Landorus
|-damage|p1a: Landorus|13/100
|
|switch|p2a: Terrakion|Terrakion|100/100
|-damage|p2a: Terrakion|94/100|[from] Stealth Rock
|
|-heal|p2a: Terrakion|100/100|[from] item: Leftovers
|upkeep
|turn|32
|
|move|p2a: Terrakion|Protect|p2a: Terrakion
|-singleturn|p2a: Terrakion|Protect
|move|p1a: Landorus|Earthquake|p2a: Terrakion
|-activate|p2a: Terrakion|move: Protect
|
|upkeep
|turn|33
|
|switch|p1a: Magnezone|Magnezone, shiny|15/100
|switch|p2a: Rotom|Rotom-Wash|34/100
|-damage|p2a: Rotom|22/100|[from] Stealth Rock
|
|-heal|p2a: Rotom|28/100|[from] item: Leftovers
|upkeep
|turn|34
|
|move|p1a: Magnezone|Volt Switch|p2a: Rotom
|-damage|p2a: Rotom|0 fnt
|faint|p2a: Rotom
|j| doudrasand
|
|switch|p1a: Weavile|Weavile, M|100/100
|-ability|p1a: Weavile|Pressure
|
|upkeep
|
|switch|p2a: Terrakion|Terrakion|100/100
|-damage|p2a: Terrakion|94/100|[from] Stealth Rock
|turn|35
|
|move|p2a: Terrakion|Protect|p2a: Terrakion
|-singleturn|p2a: Terrakion|Protect
|move|p1a: Weavile|Low Kick|p2a: Terrakion
|-activate|p2a: Terrakion|move: Protect
|
|-heal|p2a: Terrakion|100/100|[from] item: Leftovers
|upkeep
|turn|36
|
|move|p1a: Weavile|Low Kick|p2a: Terrakion
|-supereffective|p2a: Terrakion
|-damage|p2a: Terrakion|0 fnt
|faint|p2a: Terrakion
|
|upkeep
|
|switch|p2a: Landorus|Landorus-Therian, M|37/100
|-damage|p2a: Landorus|24/100|[from] Stealth Rock
|-ability|p2a: Landorus|Intimidate|boost
|-unboost|p1a: Weavile|atk|1
|turn|37
|c|☆Decision Makers|gg
|
|switch|p1a: Latias|Latias, F|60/100
|move|p2a: Landorus|U-turn|p1a: Latias
|-supereffective|p1a: Latias
|-damage|p1a: Latias|4/100
|
|switch|p2a: Ferrothorn|Ferrothorn, M|57/100
|-damage|p2a: Ferrothorn|51/100|[from] Stealth Rock
|
|-heal|p1a: Latias|10/100|[from] item: Leftovers
|-heal|p2a: Ferrothorn|57/100|[from] item: Leftovers
|upkeep
|turn|38
|
|switch|p1a: Magnezone|Magnezone, shiny|15/100
|move|p2a: Ferrothorn|Stealth Rock|p1a: Magnezone
|-sidestart|p1: Decision Makers|move: Stealth Rock
|
|-heal|p2a: Ferrothorn|63/100|[from] item: Leftovers
|upkeep
|turn|39
|
|move|p1a: Magnezone|Hidden Power|p2a: Ferrothorn
|-supereffective|p2a: Ferrothorn
|-damage|p2a: Ferrothorn|0 fnt
|faint|p2a: Ferrothorn
|
|upkeep
|
|switch|p2a: Landorus|Landorus-Therian, M|24/100
|-damage|p2a: Landorus|12/100|[from] Stealth Rock
|-ability|p2a: Landorus|Intimidate|boost
|-unboost|p1a: Magnezone|atk|1
|turn|40
|
|move|p2a: Landorus|Earthquake|p1a: Magnezone
|-supereffective|p1a: Magnezone
|-damage|p1a: Magnezone|0 fnt
|faint|p1a: Magnezone
|
|upkeep
|
|switch|p1a: Weavile|Weavile, M|100/100
|-damage|p1a: Weavile|76/100|[from] Stealth Rock
|-ability|p1a: Weavile|Pressure
|turn|41
|
|move|p1a: Weavile|Ice Shard|p2a: Landorus
|-supereffective|p2a: Landorus
|-damage|p2a: Landorus|0 fnt
|faint|p2a: Landorus
|
|upkeep
|
|switch|p2a: Tyranitar|Tyranitar, F|100/100
|-damage|p2a: Tyranitar|88/100|[from] Stealth Rock
|-weather|Sandstorm|[from] ability: Sand Stream|[of] p2a: Tyranitar
|turn|42
|
|switch|p1a: Landorus|Landorus-Therian, M|13/100
|-damage|p1a: Landorus|0 fnt|[from] Stealth Rock
|faint|p1a: Landorus
|move|p2a: Tyranitar|Fire Blast|p1: Landorus|[notarget]
|-notarget
|
|-weather|Sandstorm|[upkeep]
|upkeep
|
|switch|p1a: Excadrill|Excadrill, M|54/100
|-damage|p1a: Excadrill|51/100|[from] Stealth Rock
|turn|43
|
|move|p1a: Excadrill|Iron Head|p2a: Tyranitar
|-supereffective|p2a: Tyranitar
|-damage|p2a: Tyranitar|1/100
|move|p2a: Tyranitar|Superpower|p1a: Excadrill
|-supereffective|p1a: Excadrill
|-damage|p1a: Excadrill|0 fnt
|-unboost|p2a: Tyranitar|atk|1
|-unboost|p2a: Tyranitar|def|1
|faint|p1a: Excadrill
|
|-weather|Sandstorm|[upkeep]
|upkeep
|
|switch|p1a: Weavile|Weavile, M|76/100
|-damage|p1a: Weavile|51/100|[from] Stealth Rock
|-ability|p1a: Weavile|Pressure
|turn|44
|
|move|p1a: Weavile|Pursuit|p2a: Tyranitar
|-resisted|p2a: Tyranitar
|-damage|p2a: Tyranitar|0 fnt
|faint|p2a: Tyranitar
|
|win|Decision Makers
|raw|Decision Makers's rating: 1272 &rarr; <strong>1311</strong><br />(+39 for winning)
|raw|colbur lati's rating: 1484 &rarr; <strong>1453</strong><br />(-31 for losing)
|l|☆Decision Makers
|l|☆colbur lati
|l| doudrasand
|j| doudrasand
