|j|☆WeR#4Hay!
|j|☆steamrat
|t:|1747854124
|gametype|singles
|player|p1|WeR#4Hay!|1|1442
|player|p2|steamrat|102|1462
|teamsize|p1|6
|teamsize|p2|6
|gen|5
|tier|[Gen 5] OU
|rated|
|rule|Species Clause: Limit one of each Pokémon
|rule|OHKO Clause: OHKO moves are banned
|rule|Moody Clause: Moody is banned
|rule|Evasion Items Clause: Evasion items are banned
|rule|Evasion Moves Clause: Evasion moves are banned
|rule|Endless Battle Clause: Forcing endless battles is banned
|rule|HP Percentage Mod: HP is shown in percentages
|rule|Evasion Abilities Clause: Evasion abilities are banned
|rule|Sleep Moves Clause: Sleep-inducing moves are banned
|rule|Swagger Clause: Swagger is banned
|rule|Baton Pass Stat Clause: No Baton Passer may have a way to boost its stats
|clearpoke
|poke|p1|Breloom, M|item
|poke|p1|Heatran, M|item
|poke|p1|Rotom-Wash|item
|poke|p1|Jirachi|item
|poke|p1|Latias, F|item
|poke|p1|Landorus-Therian, M|item
|poke|p2|Tyranitar, M|item
|poke|p2|Heatran, F|item
|poke|p2|Keldeo|item
|poke|p2|Celebi|item
|poke|p2|Landorus-Therian, M|item
|poke|p2|Excadrill, M|item
|teampreview
|
|t:|1747854136
|start
|switch|p1a: Aito Ohashi|Rotom-Wash|100/100
|switch|p2a: Celebi|Celebi|100/100
|turn|1
|
|t:|1747854145
|switch|p2a: Tyranitar|Tyranitar, M|100/100
|-weather|Sandstorm|[from] ability: Sand Stream|[of] p2a: Tyranitar
|move|p1a: Aito Ohashi|Volt Switch|p2a: Tyranitar
|-damage|p2a: Tyranitar|88/100
|
|t:|1747854178
|switch|p1a: Masaaki Iwane|Breloom, M|100/100|[from] Volt Switch
|
|-weather|Sandstorm|[upkeep]
|-damage|p1a: Masaaki Iwane|94/100|[from] Sandstorm
|upkeep
|turn|2
|
|t:|1747854189
|switch|p2a: Landorus|Landorus-Therian, M|100/100
|-ability|p2a: Landorus|Intimidate|boost
|-unboost|p1a: Masaaki Iwane|atk|1
|move|p1a: Masaaki Iwane|Superpower|p2a: Landorus
|-resisted|p2a: Landorus
|-damage|p2a: Landorus|66/100
|-unboost|p1a: Masaaki Iwane|atk|1
|-unboost|p1a: Masaaki Iwane|def|1
|
|-weather|Sandstorm|[upkeep]
|-damage|p1a: Masaaki Iwane|88/100|[from] Sandstorm
|upkeep
|turn|3
|
|t:|1747854208
|switch|p1a: Yusuke Oshida|Landorus-Therian, M|100/100
|-ability|p1a: Yusuke Oshida|Intimidate|boost
|-unboost|p2a: Landorus|atk|1
|move|p2a: Landorus|Stealth Rock|p1a: Yusuke Oshida
|-sidestart|p1: WeR#4Hay!|move: Stealth Rock
|
|-weather|Sandstorm|[upkeep]
|upkeep
|turn|4
|
|t:|1747854214
|move|p1a: Yusuke Oshida|U-turn|p2a: Landorus
|-resisted|p2a: Landorus
|-damage|p2a: Landorus|54/100
|
|t:|1747854224
|switch|p1a: Aito Ohashi|Rotom-Wash|100/100|[from] U-turn
|-damage|p1a: Aito Ohashi|88/100|[from] Stealth Rock
|move|p2a: Landorus|Hidden Power|p1a: Aito Ohashi
|-resisted|p1a: Aito Ohashi
|-damage|p1a: Aito Ohashi|80/100
|
|-weather|Sandstorm|[upkeep]
|-damage|p1a: Aito Ohashi|74/100|[from] Sandstorm
|-heal|p1a: Aito Ohashi|80/100|[from] item: Leftovers
|upkeep
|turn|5
|
|t:|1747854230
|move|p2a: Landorus|U-turn|p1a: Aito Ohashi
|-damage|p1a: Aito Ohashi|68/100
|
|t:|1747854231
|switch|p2a: Celebi|Celebi|100/100|[from] U-turn
|move|p1a: Aito Ohashi|Volt Switch|p2a: Celebi
|-resisted|p2a: Celebi
|-damage|p2a: Celebi|92/100
|
|t:|1747854238
|switch|p1a: Satoshi Nakano|Jirachi|100/100|[from] Volt Switch
|-damage|p1a: Satoshi Nakano|94/100|[from] Stealth Rock
|
|-weather|Sandstorm|[upkeep]
|-damage|p2a: Celebi|86/100|[from] Sandstorm
|-heal|p2a: Celebi|92/100|[from] item: Leftovers
|upkeep
|turn|6
|
|t:|1747854245
|switch|p2a: Landorus|Landorus-Therian, M|54/100
|-ability|p2a: Landorus|Intimidate|boost
|-unboost|p1a: Satoshi Nakano|atk|1
|move|p1a: Satoshi Nakano|U-turn|p2a: Landorus
|-resisted|p2a: Landorus
|-damage|p2a: Landorus|49/100
|
|t:|1747854254
|switch|p1a: Aito Ohashi|Rotom-Wash|68/100|[from] U-turn
|-damage|p1a: Aito Ohashi|55/100|[from] Stealth Rock
|
|-weather|Sandstorm|[upkeep]
|-damage|p1a: Aito Ohashi|49/100|[from] Sandstorm
|-heal|p1a: Aito Ohashi|55/100|[from] item: Leftovers
|upkeep
|turn|7
|
|t:|1747854258
|move|p2a: Landorus|U-turn|p1a: Aito Ohashi
|-damage|p1a: Aito Ohashi|37/100
|
|t:|1747854261
|switch|p2a: Celebi|Celebi|92/100|[from] U-turn
|move|p1a: Aito Ohashi|Volt Switch|p2a: Celebi
|-resisted|p2a: Celebi
|-damage|p2a: Celebi|84/100
|
|t:|1747854285
|switch|p1a: Takeshi Maenami|Heatran, M|100/100|[from] Volt Switch
|-damage|p1a: Takeshi Maenami|88/100|[from] Stealth Rock
|-item|p1a: Takeshi Maenami|Air Balloon
|
|-weather|Sandstorm|[upkeep]
|-damage|p2a: Celebi|78/100|[from] Sandstorm
|-heal|p2a: Celebi|84/100|[from] item: Leftovers
|upkeep
|turn|8
|
|t:|1747854292
|move|p2a: Celebi|U-turn|p1a: Takeshi Maenami
|-resisted|p1a: Takeshi Maenami
|-damage|p1a: Takeshi Maenami|85/100
|-enditem|p1a: Takeshi Maenami|Air Balloon
|
|t:|1747854293
|switch|p2a: Heatran|Heatran, F|100/100|[from] U-turn
|-item|p2a: Heatran|Air Balloon
|move|p1a: Takeshi Maenami|Magma Storm|p2a: Heatran
|-start|p2a: Heatran|ability: Flash Fire
|
|-weather|Sandstorm|[upkeep]
|upkeep
|turn|9
|
|t:|1747854301
|switch|p1a: Aito Ohashi|Rotom-Wash|37/100
|-damage|p1a: Aito Ohashi|25/100|[from] Stealth Rock
|move|p2a: Heatran|Earth Power|p1a: Aito Ohashi
|-immune|p1a: Aito Ohashi|[from] ability: Levitate
|
|-weather|Sandstorm|[upkeep]
|-damage|p1a: Aito Ohashi|18/100|[from] Sandstorm
|-heal|p1a: Aito Ohashi|25/100|[from] item: Leftovers
|upkeep
|turn|10
|
|t:|1747854303
|move|p2a: Heatran|Magma Storm|p1a: Aito Ohashi
|-resisted|p1a: Aito Ohashi
|-damage|p1a: Aito Ohashi|0 fnt
|faint|p1a: Aito Ohashi
|
|-weather|Sandstorm|[upkeep]
|upkeep
|
|t:|1747854310
|switch|p1a: Hanako Ueda|Latias, F|100/100
|-damage|p1a: Hanako Ueda|88/100|[from] Stealth Rock
|turn|11
|
|t:|1747854315
|-end|p2a: Heatran|ability: Flash Fire|[silent]
|switch|p2a: Celebi|Celebi|84/100
|move|p1a: Hanako Ueda|Surf|p2a: Celebi
|-resisted|p2a: Celebi
|-damage|p2a: Celebi|69/100
|
|-weather|Sandstorm|[upkeep]
|-damage|p1a: Hanako Ueda|82/100|[from] Sandstorm
|-damage|p2a: Celebi|63/100|[from] Sandstorm
|-heal|p2a: Celebi|69/100|[from] item: Leftovers
|upkeep
|turn|12
|
|t:|1747854319
|switch|p1a: Yusuke Oshida|Landorus-Therian, M|100/100
|-damage|p1a: Yusuke Oshida|88/100|[from] Stealth Rock
|-ability|p1a: Yusuke Oshida|Intimidate|boost
|-unboost|p2a: Celebi|atk|1
|move|p2a: Celebi|U-turn|p1a: Yusuke Oshida
|-resisted|p1a: Yusuke Oshida
|-damage|p1a: Yusuke Oshida|83/100
|
|t:|1747854323
|switch|p2a: Landorus|Landorus-Therian, M|49/100|[from] U-turn
|-ability|p2a: Landorus|Intimidate|boost
|-unboost|p1a: Yusuke Oshida|atk|1
|
|-weather|Sandstorm|[upkeep]
|upkeep
|turn|13
|
|t:|1747854326
|switch|p2a: Keldeo|Keldeo|100/100
|move|p1a: Yusuke Oshida|Hidden Power|p2a: Keldeo
|-resisted|p2a: Keldeo
|-damage|p2a: Keldeo|92/100
|
|-weather|Sandstorm|[upkeep]
|-damage|p2a: Keldeo|85/100|[from] Sandstorm
|-heal|p2a: Keldeo|92/100|[from] item: Leftovers
|upkeep
|turn|14
|
|t:|1747854331
|switch|p1a: Hanako Ueda|Latias, F|82/100
|-damage|p1a: Hanako Ueda|70/100|[from] Stealth Rock
|move|p2a: Keldeo|Scald|p1a: Hanako Ueda
|-resisted|p1a: Hanako Ueda
|-damage|p1a: Hanako Ueda|53/100
|-status|p1a: Hanako Ueda|brn
|
|-weather|Sandstorm|[upkeep]
|-damage|p1a: Hanako Ueda|47/100 brn|[from] Sandstorm
|-damage|p2a: Keldeo|85/100|[from] Sandstorm
|-heal|p2a: Keldeo|92/100|[from] item: Leftovers
|-damage|p1a: Hanako Ueda|34/100 brn|[from] brn
|upkeep
|turn|15
|
|t:|1747854335
|switch|p1a: Masaaki Iwane|Breloom, M|88/100
|-damage|p1a: Masaaki Iwane|82/100|[from] Stealth Rock
|switch|p2a: Tyranitar|Tyranitar, M|88/100
|
|-weather|Sandstorm|[upkeep]
|-damage|p1a: Masaaki Iwane|76/100|[from] Sandstorm
|upkeep
|turn|16
|
|t:|1747854342
|switch|p2a: Landorus|Landorus-Therian, M|49/100
|-ability|p2a: Landorus|Intimidate|boost
|-unboost|p1a: Masaaki Iwane|atk|1
|move|p1a: Masaaki Iwane|Low Sweep|p2a: Landorus
|-resisted|p2a: Landorus
|-damage|p2a: Landorus|22/100
|-unboost|p2a: Landorus|spe|1
|
|-weather|Sandstorm|[upkeep]
|-damage|p1a: Masaaki Iwane|70/100|[from] Sandstorm
|upkeep
|turn|17
|
|t:|1747854350
|switch|p1a: Satoshi Nakano|Jirachi|94/100
|-damage|p1a: Satoshi Nakano|88/100|[from] Stealth Rock
|switch|p2a: Celebi|Celebi|69/100
|
|-weather|Sandstorm|[upkeep]
|-damage|p2a: Celebi|63/100|[from] Sandstorm
|-heal|p2a: Celebi|69/100|[from] item: Leftovers
|upkeep
|turn|18
|
|t:|1747854354
|switch|p2a: Keldeo|Keldeo|92/100
|move|p1a: Satoshi Nakano|Stealth Rock|p2a: Keldeo
|-sidestart|p2: steamrat|move: Stealth Rock
|
|-weather|Sandstorm|[upkeep]
|-damage|p2a: Keldeo|85/100|[from] Sandstorm
|-heal|p2a: Keldeo|92/100|[from] item: Leftovers
|upkeep
|turn|19
|
|t:|1747854358
|move|p2a: Keldeo|Scald|p1a: Satoshi Nakano
|-damage|p1a: Satoshi Nakano|62/100
|move|p1a: Satoshi Nakano|Thunder Wave|p2a: Keldeo
|-status|p2a: Keldeo|par
|
|-weather|Sandstorm|[upkeep]
|-damage|p2a: Keldeo|85/100 par|[from] Sandstorm
|-heal|p2a: Keldeo|92/100 par|[from] item: Leftovers
|upkeep
|turn|20
|
|t:|1747854367
|move|p1a: Satoshi Nakano|U-turn|p2a: Keldeo
|-resisted|p2a: Keldeo
|-damage|p2a: Keldeo|83/100 par
|
|t:|1747854372
|switch|p1a: Hanako Ueda|Latias, F|34/100 brn|[from] U-turn
|-damage|p1a: Hanako Ueda|22/100 brn|[from] Stealth Rock
|move|p2a: Keldeo|Scald|p1a: Hanako Ueda
|-resisted|p1a: Hanako Ueda
|-crit|p1a: Hanako Ueda
|-damage|p1a: Hanako Ueda|0 fnt
|faint|p1a: Hanako Ueda
|
|-weather|Sandstorm|[upkeep]
|-damage|p2a: Keldeo|76/100 par|[from] Sandstorm
|-heal|p2a: Keldeo|83/100 par|[from] item: Leftovers
|upkeep
|
|t:|1747854374
|switch|p1a: Masaaki Iwane|Breloom, M|70/100
|-damage|p1a: Masaaki Iwane|64/100|[from] Stealth Rock
|turn|21
|
|t:|1747854388
|switch|p2a: Landorus|Landorus-Therian, M|22/100
|-damage|p2a: Landorus|9/100|[from] Stealth Rock
|-ability|p2a: Landorus|Intimidate|boost
|-unboost|p1a: Masaaki Iwane|atk|1
|move|p1a: Masaaki Iwane|Low Sweep|p2a: Landorus
|-resisted|p2a: Landorus
|-damage|p2a: Landorus|0 fnt
|faint|p2a: Landorus
|
|-weather|Sandstorm|[upkeep]
|-damage|p1a: Masaaki Iwane|58/100|[from] Sandstorm
|upkeep
|
|t:|1747854392
|switch|p2a: Celebi|Celebi|69/100
|-damage|p2a: Celebi|57/100|[from] Stealth Rock
|turn|22
|
|t:|1747854396
|switch|p1a: Yusuke Oshida|Landorus-Therian, M|83/100
|-damage|p1a: Yusuke Oshida|71/100|[from] Stealth Rock
|-ability|p1a: Yusuke Oshida|Intimidate|boost
|-unboost|p2a: Celebi|atk|1
|move|p2a: Celebi|U-turn|p1a: Yusuke Oshida
|-resisted|p1a: Yusuke Oshida
|-damage|p1a: Yusuke Oshida|65/100
|
|t:|1747854399
|switch|p2a: Keldeo|Keldeo|83/100 par|[from] U-turn
|-damage|p2a: Keldeo|76/100 par|[from] Stealth Rock
|
|-weather|Sandstorm|[upkeep]
|-damage|p2a: Keldeo|70/100 par|[from] Sandstorm
|-heal|p2a: Keldeo|76/100 par|[from] item: Leftovers
|upkeep
|turn|23
|
|t:|1747854404
|move|p1a: Yusuke Oshida|U-turn|p2a: Keldeo
|-resisted|p2a: Keldeo
|-damage|p2a: Keldeo|62/100 par
|
|t:|1747854410
|switch|p1a: Takeshi Maenami|Heatran, M|85/100|[from] U-turn
|-damage|p1a: Takeshi Maenami|72/100|[from] Stealth Rock
|move|p2a: Keldeo|Secret Sword|p1a: Takeshi Maenami
|-supereffective|p1a: Takeshi Maenami
|-damage|p1a: Takeshi Maenami|0 fnt
|faint|p1a: Takeshi Maenami
|
|-weather|Sandstorm|[upkeep]
|-damage|p2a: Keldeo|56/100 par|[from] Sandstorm
|-heal|p2a: Keldeo|62/100 par|[from] item: Leftovers
|upkeep
|
|t:|1747854414
|switch|p1a: Masaaki Iwane|Breloom, M|58/100
|-damage|p1a: Masaaki Iwane|51/100|[from] Stealth Rock
|turn|24
|
|t:|1747854417
|switch|p2a: Celebi|Celebi|57/100
|-damage|p2a: Celebi|45/100|[from] Stealth Rock
|move|p1a: Masaaki Iwane|Low Sweep|p2a: Celebi
|-resisted|p2a: Celebi
|-damage|p2a: Celebi|13/100
|-unboost|p2a: Celebi|spe|1
|
|-weather|Sandstorm|[upkeep]
|-damage|p1a: Masaaki Iwane|45/100|[from] Sandstorm
|-damage|p2a: Celebi|7/100|[from] Sandstorm
|-heal|p2a: Celebi|13/100|[from] item: Leftovers
|upkeep
|turn|25
|
|t:|1747854421
|move|p1a: Masaaki Iwane|Low Sweep|p2a: Celebi
|-resisted|p2a: Celebi
|-damage|p2a: Celebi|0 fnt
|faint|p2a: Celebi
|
|-weather|Sandstorm|[upkeep]
|-damage|p1a: Masaaki Iwane|39/100|[from] Sandstorm
|upkeep
|
|t:|1747854423
|switch|p2a: Excadrill|Excadrill, M, shiny|100/100
|-damage|p2a: Excadrill|97/100|[from] Stealth Rock
|turn|26
|
|t:|1747854430
|switch|p1a: Satoshi Nakano|Jirachi|62/100
|-damage|p1a: Satoshi Nakano|56/100|[from] Stealth Rock
|move|p2a: Excadrill|Iron Head|p1a: Satoshi Nakano
|-resisted|p1a: Satoshi Nakano
|-damage|p1a: Satoshi Nakano|29/100
|
|-weather|Sandstorm|[upkeep]
|upkeep
|turn|27
|
|t:|1747854436
|switch|p2a: Keldeo|Keldeo|62/100 par
|-damage|p2a: Keldeo|56/100 par|[from] Stealth Rock
|move|p1a: Satoshi Nakano|U-turn|p2a: Keldeo
|-resisted|p2a: Keldeo
|-damage|p2a: Keldeo|46/100 par
|
|t:|1747854441
|switch|p1a: Masaaki Iwane|Breloom, M|39/100|[from] U-turn
|-damage|p1a: Masaaki Iwane|33/100|[from] Stealth Rock
|
|-weather|Sandstorm|[upkeep]
|-damage|p1a: Masaaki Iwane|27/100|[from] Sandstorm
|-damage|p2a: Keldeo|40/100 par|[from] Sandstorm
|-heal|p2a: Keldeo|46/100 par|[from] item: Leftovers
|upkeep
|turn|28
|
|t:|1747854460
|move|p1a: Masaaki Iwane|Mach Punch|p2a: Keldeo
|-crit|p2a: Keldeo
|-damage|p2a: Keldeo|0 fnt
|faint|p2a: Keldeo
|
|-weather|Sandstorm|[upkeep]
|-damage|p1a: Masaaki Iwane|21/100|[from] Sandstorm
|upkeep
|
|t:|1747854464
|switch|p2a: Tyranitar|Tyranitar, M|88/100
|-damage|p2a: Tyranitar|75/100|[from] Stealth Rock
|turn|29
|
|t:|1747854475
|move|p1a: Masaaki Iwane|Mach Punch|p2a: Tyranitar
|-supereffective|p2a: Tyranitar
|-enditem|p2a: Tyranitar|Chople Berry|[eat]
|-enditem|p2a: Tyranitar|Chople Berry|[weaken]
|-damage|p2a: Tyranitar|0 fnt
|faint|p2a: Tyranitar
|
|-weather|Sandstorm|[upkeep]
|-damage|p1a: Masaaki Iwane|15/100|[from] Sandstorm
|upkeep
|
|t:|1747854481
|switch|p2a: Heatran|Heatran, F|100/100
|-damage|p2a: Heatran|88/100|[from] Stealth Rock
|-item|p2a: Heatran|Air Balloon
|turn|30
|
|t:|1747854487
|move|p1a: Masaaki Iwane|Mach Punch|p2a: Heatran
|-supereffective|p2a: Heatran
|-damage|p2a: Heatran|0 fnt
|-enditem|p2a: Heatran|Air Balloon
|faint|p2a: Heatran
|
|-weather|Sandstorm|[upkeep]
|-damage|p1a: Masaaki Iwane|9/100|[from] Sandstorm
|upkeep
|-message|steamrat forfeited.
|
|win|WeR#4Hay!
|raw|WeR#4Hay!'s rating: 1455 &rarr; <strong>1475</strong><br />(+20 for winning)
|raw|steamrat's rating: 1462 &rarr; <strong>1442</strong><br />(-20 for losing)
|l|☆steamrat
|player|p2|
|c|☆WeR#4Hay!|gg
|l|☆WeR#4Hay!
|player|p1|
|j|☆WeR#4Hay!
|player|p1|WeR#4Hay!|1|
