|j|☆lazyhrpseal
|j|☆Simplexous
|t:|1741251597
|gametype|singles
|player|p1|lazyhrpseal|preschoolerf|1381
|player|p2|Simplexous|colress|1277
|teamsize|p1|6
|teamsize|p2|6
|gen|5
|tier|[Gen 5] OU
|rated|
|rule|Species Clause: Limit one of each Pokémon
|rule|OHKO Clause: OHKO moves are banned
|rule|Moody Clause: Moody is banned
|rule|Evasion Items Clause: Evasion items are banned
|rule|Evasion Moves Clause: Evasion moves are banned
|rule|Endless Battle Clause: Forcing endless battles is banned
|rule|HP Percentage Mod: HP is shown in percentages
|rule|Evasion Abilities Clause: Evasion abilities are banned
|rule|Sleep Moves Clause: Sleep-inducing moves are banned
|rule|Swagger Clause: Swagger is banned
|rule|Baton Pass Stat Clause: No Baton Passer may have a way to boost its stats
|clearpoke
|poke|p1|Starmie|item
|poke|p1|Chansey, F|item
|poke|p1|Skarmory, F|item
|poke|p1|Amoonguss, F|item
|poke|p1|Heatran, F|item
|poke|p1|Reuniclus, F|item
|poke|p2|Abomasnow, F|item
|poke|p2|Gliscor, F|item
|poke|p2|Forretress, F|item
|poke|p2|Blissey, F|item
|poke|p2|Latias, F|item
|poke|p2|Reuniclus, F|item
|teampreview
|
|t:|1741251609
|start
|switch|p1a: Heatran|Heatran, F|100/100
|switch|p2a: MERRY CHRISTMAS|Abomasnow, F|100/100
|-weather|Hail|[from] ability: Snow Warning|[of] p2a: MERRY CHRISTMAS
|turn|1
|inactive|Battle timer is ON: inactive players will automatically lose when time's up. (requested by Simplexous)
|inactive|Simplexous has 120 seconds left.
|
|t:|1741251647
|switch|p2a: Eggnog|Blissey, F|100/100
|move|p1a: Heatran|Lava Plume|p2a: Eggnog
|-damage|p2a: Eggnog|87/100
|
|-weather|Hail|[upkeep]
|-damage|p1a: Heatran|94/100|[from] Hail
|-damage|p2a: Eggnog|80/100|[from] Hail
|-heal|p1a: Heatran|100/100|[from] item: Leftovers
|-heal|p2a: Eggnog|87/100|[from] item: Leftovers
|upkeep
|turn|2
|
|t:|1741251653
|move|p1a: Heatran|Toxic|p2a: Eggnog
|-status|p2a: Eggnog|tox
|move|p2a: Eggnog|Thunder Wave|p1a: Heatran
|-status|p1a: Heatran|par
|
|-weather|Hail|[upkeep]
|-damage|p2a: Eggnog|80/100 tox|[from] Hail
|-damage|p1a: Heatran|94/100 par|[from] Hail
|-heal|p2a: Eggnog|87/100 tox|[from] item: Leftovers
|-heal|p1a: Heatran|100/100 par|[from] item: Leftovers
|-damage|p2a: Eggnog|80/100 tox|[from] psn
|upkeep
|turn|3
|
|t:|1741251668
|-curestatus|p2a: Eggnog|tox|[from] ability: Natural Cure
|switch|p2a: Chistmas Embryo|Reuniclus, F|100/100
|move|p1a: Heatran|Lava Plume|p2a: Chistmas Embryo
|-damage|p2a: Chistmas Embryo|71/100
|
|-weather|Hail|[upkeep]
|-damage|p1a: Heatran|94/100 par|[from] Hail
|-heal|p2a: Chistmas Embryo|77/100|[from] item: Leftovers
|-heal|p1a: Heatran|100/100 par|[from] item: Leftovers
|upkeep
|turn|4
|
|t:|1741251675
|switch|p1a: Chansey|Chansey, F|100/100
|move|p2a: Chistmas Embryo|Calm Mind|p2a: Chistmas Embryo
|-boost|p2a: Chistmas Embryo|spa|1
|-boost|p2a: Chistmas Embryo|spd|1
|
|-weather|Hail|[upkeep]
|-damage|p1a: Chansey|94/100|[from] Hail
|-heal|p2a: Chistmas Embryo|83/100|[from] item: Leftovers
|upkeep
|turn|5
|
|t:|1741251692
|switch|p2a: Eggnog|Blissey, F|80/100
|move|p1a: Chansey|Seismic Toss|p2a: Eggnog
|-damage|p2a: Eggnog|66/100
|
|-weather|Hail|[upkeep]
|-damage|p2a: Eggnog|60/100|[from] Hail
|-damage|p1a: Chansey|88/100|[from] Hail
|-heal|p2a: Eggnog|66/100|[from] item: Leftovers
|upkeep
|turn|6
|
|t:|1741251697
|move|p2a: Eggnog|Thunder Wave|p1a: Chansey
|-status|p1a: Chansey|par
|move|p1a: Chansey|Stealth Rock|p2a: Eggnog
|-sidestart|p2: Simplexous|move: Stealth Rock
|
|-weather|Hail|[upkeep]
|-damage|p2a: Eggnog|60/100|[from] Hail
|-damage|p1a: Chansey|82/100 par|[from] Hail
|-heal|p2a: Eggnog|66/100|[from] item: Leftovers
|upkeep
|turn|7
|
|t:|1741251707
|switch|p2a: Dreidel|Forretress, F|100/100
|-damage|p2a: Dreidel|88/100|[from] Stealth Rock
|-curestatus|p1a: Chansey|par|[from] ability: Natural Cure
|switch|p1a: Heatran|Heatran, F|100/100 par
|
|-weather|Hail|[upkeep]
|-damage|p1a: Heatran|94/100 par|[from] Hail
|-heal|p2a: Dreidel|94/100|[from] item: Leftovers
|-heal|p1a: Heatran|100/100 par|[from] item: Leftovers
|upkeep
|turn|8
|
|t:|1741251716
|move|p2a: Dreidel|Earthquake|p1a: Heatran
|-supereffective|p1a: Heatran
|-crit|p1a: Heatran
|-damage|p1a: Heatran|0 fnt
|faint|p1a: Heatran
|
|-weather|Hail|[upkeep]
|-heal|p2a: Dreidel|100/100|[from] item: Leftovers
|upkeep
|
|t:|1741251720
|switch|p1a: Reuniclus|Reuniclus, F|100/100
|turn|9
|
|t:|1741251724
|move|p1a: Reuniclus|Calm Mind|p1a: Reuniclus
|-boost|p1a: Reuniclus|spa|1
|-boost|p1a: Reuniclus|spd|1
|move|p2a: Dreidel|Rapid Spin|p1a: Reuniclus
|-damage|p1a: Reuniclus|97/100
|-damage|p2a: Dreidel|84/100|[from] item: Rocky Helmet|[of] p1a: Reuniclus
|-sideend|p2: Simplexous|Stealth Rock|[from] move: Rapid Spin|[of] p2a: Dreidel
|
|-weather|Hail|[upkeep]
|-heal|p2a: Dreidel|90/100|[from] item: Leftovers
|upkeep
|turn|10
|
|t:|1741251735
|switch|p2a: Eggnog|Blissey, F|66/100
|move|p1a: Reuniclus|Calm Mind|p1a: Reuniclus
|-boost|p1a: Reuniclus|spa|1
|-boost|p1a: Reuniclus|spd|1
|
|-weather|Hail|[upkeep]
|-damage|p2a: Eggnog|60/100|[from] Hail
|-heal|p2a: Eggnog|66/100|[from] item: Leftovers
|upkeep
|turn|11
|
|t:|1741251750
|switch|p1a: Chansey|Chansey, F|82/100
|move|p2a: Eggnog|Thunder Wave|p1a: Chansey
|-status|p1a: Chansey|par
|
|-weather|Hail|[upkeep]
|-damage|p2a: Eggnog|60/100|[from] Hail
|-damage|p1a: Chansey|75/100 par|[from] Hail
|-heal|p2a: Eggnog|66/100|[from] item: Leftovers
|upkeep
|turn|12
|
|t:|1741251757
|switch|p2a: Dreidel|Forretress, F|90/100
|move|p1a: Chansey|Seismic Toss|p2a: Dreidel
|-damage|p2a: Dreidel|62/100
|
|-weather|Hail|[upkeep]
|-damage|p1a: Chansey|69/100 par|[from] Hail
|-heal|p2a: Dreidel|68/100|[from] item: Leftovers
|upkeep
|turn|13
|
|t:|1741251763
|-curestatus|p1a: Chansey|par|[from] ability: Natural Cure
|switch|p1a: Reuniclus|Reuniclus, F|97/100
|move|p2a: Dreidel|Spikes|p1a: Reuniclus
|-sidestart|p1: lazyhrpseal|Spikes
|
|-weather|Hail|[upkeep]
|-heal|p2a: Dreidel|74/100|[from] item: Leftovers
|upkeep
|turn|14
|
|t:|1741251770
|move|p1a: Reuniclus|Calm Mind|p1a: Reuniclus
|-boost|p1a: Reuniclus|spa|1
|-boost|p1a: Reuniclus|spd|1
|move|p2a: Dreidel|Earthquake|p1a: Reuniclus
|-damage|p1a: Reuniclus|83/100
|
|-weather|Hail|[upkeep]
|-heal|p2a: Dreidel|80/100|[from] item: Leftovers
|upkeep
|turn|15
|inactive|lazyhrpseal has 120 seconds left.
|
|t:|1741251823
|switch|p2a: Eggnog|Blissey, F|66/100
|move|p1a: Reuniclus|Calm Mind|p1a: Reuniclus
|-boost|p1a: Reuniclus|spa|1
|-boost|p1a: Reuniclus|spd|1
|
|-weather|Hail|[upkeep]
|-damage|p2a: Eggnog|60/100|[from] Hail
|-heal|p2a: Eggnog|66/100|[from] item: Leftovers
|upkeep
|turn|16
|
|t:|1741251829
|switch|p1a: Chansey|Chansey, F|69/100
|-damage|p1a: Chansey|57/100|[from] Spikes
|move|p2a: Eggnog|Thunder Wave|p1a: Chansey
|-status|p1a: Chansey|par
|
|-weather|Hail|[upkeep]
|-damage|p2a: Eggnog|60/100|[from] Hail
|-damage|p1a: Chansey|50/100 par|[from] Hail
|-heal|p2a: Eggnog|66/100|[from] item: Leftovers
|upkeep
|turn|17
|-message|lazyhrpseal forfeited.
|
|win|Simplexous
|raw|lazyhrpseal's rating: 1381 &rarr; <strong>1355</strong><br />(-26 for losing)
|raw|Simplexous's rating: 1277 &rarr; <strong>1309</strong><br />(+32 for winning)
