|j|☆Gabelou0510
|j|☆Fabianosizour
|player|p1|Gabelou0510|kukui|1308
|player|p2|Fabianosizour|red|1296
|teamsize|p1|6
|teamsize|p2|6
|gametype|singles
|gen|5
|tier|[Gen 5] OU
|rated|
|clearpoke
|poke|p1|Politoed, M|item
|poke|p1|Thundurus-Therian, M|item
|poke|p1|Latios, M|item
|poke|p1|Excadrill, F|item
|poke|p1|Ferrothorn, M|item
|poke|p1|Dragonite, M|item
|poke|p2|Tyranitar, M|item
|poke|p2|Scizor, M|item
|poke|p2|Starmie|item
|poke|p2|Hydreigon, M|item
|poke|p2|Jirachi|item
|poke|p2|Hippowdon, M|item
|rule|Species Clause: Limit one of each Pokémon
|rule|OHKO Clause: OHKO moves are banned
|rule|Moody Clause: Moody is banned
|rule|Evasion Moves Clause: Evasion moves are banned
|rule|Endless Battle Clause: Forcing endless battles is banned
|rule|HP Percentage Mod: HP is shown in percentages
|rule|Evasion Abilities Clause: Evasion abilities are banned
|rule|Baton Pass Clause: Limit one Baton Passer, can't pass Spe and other stats simultaneously
|rule|Sleep Clause: Sleep-inducing moves are banned
|rule|Swagger Clause: Swagger is banned
|teampreview
|
|start
|switch|p1a: Excadrill|Excadrill, F|100/100
|switch|p2a: Eter|Jirachi|100/100
|-ability|p1a: Excadrill|Mold Breaker
|turn|1
|
|switch|p2a: Flat Earth|Hippowdon, M, shiny|100/100
|-weather|Sandstorm|[from] ability: Sand Stream|[of] p2a: Flat Earth
|move|p1a: Excadrill|Earthquake|p2a: Flat Earth
|-damage|p2a: Flat Earth|62/100
|-damage|p1a: Excadrill|91/100|[from] item: Life Orb
|
|-weather|Sandstorm|[upkeep]
|upkeep
|turn|2
|
|switch|p1a: Ferrothorn|Ferrothorn, M|100/100
|move|p2a: Flat Earth|Slack Off|p2a: Flat Earth
|-heal|p2a: Flat Earth|100/100
|
|-weather|Sandstorm|[upkeep]
|upkeep
|turn|3
|
|move|p2a: Flat Earth|Stealth Rock|p1a: Ferrothorn
|-sidestart|p1: Gabelou0510|move: Stealth Rock
|move|p1a: Ferrothorn|Stealth Rock|p2a: Flat Earth
|-sidestart|p2: Fabianosizour|move: Stealth Rock
|
|-weather|Sandstorm|[upkeep]
|upkeep
|turn|4
|c|☆Gabelou0510|why flat earth ?
|
|switch|p2a: Tree of Silicon|Scizor, M|100/100
|-damage|p2a: Tree of Silicon|88/100|[from] Stealth Rock
|move|p1a: Ferrothorn|Leech Seed|p2a: Tree of Silicon
|-start|p2a: Tree of Silicon|move: Leech Seed
|
|-weather|Sandstorm|[upkeep]
|-damage|p2a: Tree of Silicon|76/100|[from] Leech Seed|[of] p1a: Ferrothorn
|upkeep
|turn|5
|
|move|p2a: Tree of Silicon|U-turn|p1a: Ferrothorn
|-damage|p1a: Ferrothorn|79/100
|-damage|p2a: Tree of Silicon|63/100|[from] ability: Iron Barbs|[of] p1a: Ferrothorn
|
|switch|p2a: Face of Abyss|Hydreigon, M|100/100|[from]move: U-turn
|-damage|p2a: Face of Abyss|88/100|[from] Stealth Rock
|move|p1a: Ferrothorn|Thunder Wave|p2a: Face of Abyss
|-status|p2a: Face of Abyss|par
|
|-weather|Sandstorm|[upkeep]
|-damage|p2a: Face of Abyss|82/100 par|[from] Sandstorm
|-heal|p2a: Face of Abyss|88/100 par|[from] item: Leftovers
|-heal|p1a: Ferrothorn|85/100|[from] item: Leftovers
|upkeep
|turn|6
|
|switch|p1a: Politoed|Politoed, M|100/100
|-damage|p1a: Politoed|88/100|[from] Stealth Rock
|-weather|RainDance|[from] ability: Drizzle|[of] p1a: Politoed
|move|p2a: Face of Abyss|Flamethrower|p1a: Politoed
|-resisted|p1a: Politoed
|-damage|p1a: Politoed|78/100
|
|-weather|RainDance|[upkeep]
|-heal|p2a: Face of Abyss|94/100 par|[from] item: Leftovers
|upkeep
|turn|7
|
|switch|p2a: Eter|Jirachi|100/100
|-damage|p2a: Eter|94/100|[from] Stealth Rock
|move|p1a: Politoed|Surf|p2a: Eter
|-damage|p2a: Eter|62/100
|
|-weather|RainDance|[upkeep]
|-heal|p2a: Eter|68/100|[from] item: Leftovers
|upkeep
|turn|8
|
|move|p1a: Politoed|Surf|p2a: Eter
|-damage|p2a: Eter|35/100
|move|p2a: Eter|Wish|p2a: Eter
|
|-weather|RainDance|[upkeep]
|-heal|p2a: Eter|41/100|[from] item: Leftovers
|upkeep
|turn|9
|
|switch|p1a: Thundurus|Thundurus-Therian, M|100/100
|-damage|p1a: Thundurus|76/100|[from] Stealth Rock
|move|p2a: Eter|Toxic|p1a: Thundurus
|-status|p1a: Thundurus|tox
|
|-weather|RainDance|[upkeep]
|-heal|p2a: Eter|91/100|[from] move: Wish|[wisher] Eter
|-heal|p1a: Thundurus|82/100 tox|[from] item: Leftovers
|-heal|p2a: Eter|97/100|[from] item: Leftovers
|-damage|p1a: Thundurus|76/100 tox|[from] psn
|upkeep
|turn|10
|
|move|p1a: Thundurus|Nasty Plot|p1a: Thundurus
|-boost|p1a: Thundurus|spa|2
|move|p2a: Eter|Body Slam|p1a: Thundurus
|-damage|p1a: Thundurus|44/100 tox
|
|-weather|RainDance|[upkeep]
|-heal|p1a: Thundurus|50/100 tox|[from] item: Leftovers
|-heal|p2a: Eter|100/100|[from] item: Leftovers
|-damage|p1a: Thundurus|38/100 tox|[from] psn
|upkeep
|turn|11
|
|switch|p2a: Flat Earth|Hippowdon, M, shiny|100/100
|-damage|p2a: Flat Earth|94/100|[from] Stealth Rock
|-weather|Sandstorm|[from] ability: Sand Stream|[of] p2a: Flat Earth
|move|p1a: Thundurus|Thunder|p2a: Flat Earth
|-immune|p2a: Flat Earth
|
|-weather|Sandstorm|[upkeep]
|-damage|p1a: Thundurus|32/100 tox|[from] Sandstorm
|-heal|p1a: Thundurus|38/100 tox|[from] item: Leftovers
|-damage|p1a: Thundurus|20/100 tox|[from] psn
|upkeep
|turn|12
|
|switch|p2a: Water of Flood|Starmie|100/100
|-damage|p2a: Water of Flood|88/100|[from] Stealth Rock
|move|p1a: Thundurus|Hidden Power|p2a: Water of Flood
|-resisted|p2a: Water of Flood
|-damage|p2a: Water of Flood|56/100
|
|-weather|Sandstorm|[upkeep]
|-damage|p2a: Water of Flood|50/100|[from] Sandstorm
|-damage|p1a: Thundurus|14/100 tox|[from] Sandstorm
|-heal|p1a: Thundurus|20/100 tox|[from] item: Leftovers
|-damage|p1a: Thundurus|0 fnt|[from] psn
|faint|p1a: Thundurus
|upkeep
|
|switch|p1a: Ferrothorn|Ferrothorn, M|85/100
|-damage|p1a: Ferrothorn|79/100|[from] Stealth Rock
|turn|13
|inactive|Battle timer is ON: inactive players will automatically lose when time's up. (requested by Gabelou0510)
|
|switch|p2a: Tree of Silicon|Scizor, M|63/100
|-damage|p2a: Tree of Silicon|51/100|[from] Stealth Rock
|move|p1a: Ferrothorn|Gyro Ball|p2a: Tree of Silicon
|-resisted|p2a: Tree of Silicon
|-damage|p2a: Tree of Silicon|27/100
|
|-weather|Sandstorm|[upkeep]
|-heal|p1a: Ferrothorn|85/100|[from] item: Leftovers
|upkeep
|turn|14
|
|move|p2a: Tree of Silicon|Roost|p2a: Tree of Silicon
|-heal|p2a: Tree of Silicon|77/100
|-singleturn|p2a: Tree of Silicon|move: Roost
|move|p1a: Ferrothorn|Leech Seed|p2a: Tree of Silicon
|-start|p2a: Tree of Silicon|move: Leech Seed
|
|-weather|Sandstorm|[upkeep]
|-heal|p1a: Ferrothorn|92/100|[from] item: Leftovers
|-damage|p2a: Tree of Silicon|65/100|[from] Leech Seed|[of] p1a: Ferrothorn
|-heal|p1a: Ferrothorn|100/100|[silent]
|upkeep
|turn|15
|
|move|p2a: Tree of Silicon|Swords Dance|p2a: Tree of Silicon
|-boost|p2a: Tree of Silicon|atk|2
|move|p1a: Ferrothorn|Gyro Ball|p2a: Tree of Silicon
|-resisted|p2a: Tree of Silicon
|-damage|p2a: Tree of Silicon|41/100
|
|-weather|Sandstorm|[upkeep]
|-damage|p2a: Tree of Silicon|29/100|[from] Leech Seed|[of] p1a: Ferrothorn
|upkeep
|turn|16
|
|switch|p1a: Latios|Latios, M|100/100
|-damage|p1a: Latios|88/100|[from] Stealth Rock
|move|p2a: Tree of Silicon|Roost|p2a: Tree of Silicon
|-heal|p2a: Tree of Silicon|79/100
|-singleturn|p2a: Tree of Silicon|move: Roost
|
|-weather|Sandstorm|[upkeep]
|-damage|p1a: Latios|82/100|[from] Sandstorm
|-damage|p2a: Tree of Silicon|67/100|[from] Leech Seed|[of] p1a: Latios
|-heal|p1a: Latios|95/100|[silent]
|upkeep
|turn|17
|
|move|p2a: Tree of Silicon|Bullet Punch|p1a: Latios
|-damage|p1a: Latios|19/100
|move|p1a: Latios|Draco Meteor|p2a: Tree of Silicon
|-resisted|p2a: Tree of Silicon
|-damage|p2a: Tree of Silicon|1/100
|-unboost|p1a: Latios|spa|2
|
|-weather|Sandstorm|[upkeep]
|-damage|p1a: Latios|13/100|[from] Sandstorm
|-damage|p2a: Tree of Silicon|0 fnt|[from] Leech Seed|[of] p1a: Latios
|-heal|p1a: Latios|14/100|[silent]
|faint|p2a: Tree of Silicon
|upkeep
|
|switch|p2a: Eter|Jirachi|100/100
|-damage|p2a: Eter|94/100|[from] Stealth Rock
|turn|18
|
|switch|p1a: Politoed|Politoed, M|78/100
|-damage|p1a: Politoed|66/100|[from] Stealth Rock
|-weather|RainDance|[from] ability: Drizzle|[of] p1a: Politoed
|move|p2a: Eter|U-turn|p1a: Politoed
|-damage|p1a: Politoed|45/100
|
|switch|p2a: Flat Earth|Hippowdon, M, shiny|94/100|[from]move: U-turn
|-damage|p2a: Flat Earth|88/100|[from] Stealth Rock
|-weather|Sandstorm|[from] ability: Sand Stream|[of] p2a: Flat Earth
|
|-weather|Sandstorm|[upkeep]
|-damage|p1a: Politoed|38/100|[from] Sandstorm
|upkeep
|turn|19
|
|switch|p1a: Ferrothorn|Ferrothorn, M|100/100
|-damage|p1a: Ferrothorn|94/100|[from] Stealth Rock
|switch|p2a: Water of Flood|Starmie|50/100
|-damage|p2a: Water of Flood|38/100|[from] Stealth Rock
|
|-weather|Sandstorm|[upkeep]
|-damage|p2a: Water of Flood|32/100|[from] Sandstorm
|-heal|p1a: Ferrothorn|100/100|[from] item: Leftovers
|upkeep
|turn|20
|
|move|p2a: Water of Flood|Recover|p2a: Water of Flood
|-heal|p2a: Water of Flood|82/100
|move|p1a: Ferrothorn|Leech Seed|p2a: Water of Flood
|-start|p2a: Water of Flood|move: Leech Seed
|
|-weather|Sandstorm|[upkeep]
|-damage|p2a: Water of Flood|76/100|[from] Sandstorm
|-damage|p2a: Water of Flood|63/100|[from] Leech Seed|[of] p1a: Ferrothorn
|upkeep
|turn|21
|
|switch|p2a: Eter|Jirachi|94/100
|-damage|p2a: Eter|88/100|[from] Stealth Rock
|move|p1a: Ferrothorn|Gyro Ball|p2a: Eter
|-resisted|p2a: Eter
|-crit|p2a: Eter
|-damage|p2a: Eter|45/100
|
|-weather|Sandstorm|[upkeep]
|-heal|p2a: Eter|51/100|[from] item: Leftovers
|upkeep
|turn|22
|
|move|p2a: Eter|Wish|p2a: Eter
|move|p1a: Ferrothorn|Leech Seed|p2a: Eter
|-start|p2a: Eter|move: Leech Seed
|
|-weather|Sandstorm|[upkeep]
|-heal|p2a: Eter|57/100|[from] item: Leftovers
|-damage|p2a: Eter|45/100|[from] Leech Seed|[of] p1a: Ferrothorn
|upkeep
|turn|23
|
|move|p2a: Eter|Body Slam|p1a: Ferrothorn
|-resisted|p1a: Ferrothorn
|-damage|p1a: Ferrothorn|94/100
|-damage|p2a: Eter|33/100|[from] ability: Iron Barbs|[of] p1a: Ferrothorn
|move|p1a: Ferrothorn|Thunder Wave|p2a: Eter
|-status|p2a: Eter|par
|
|-weather|Sandstorm|[upkeep]
|-heal|p2a: Eter|82/100 par|[from] move: Wish|[wisher] Eter
|-heal|p2a: Eter|89/100 par|[from] item: Leftovers
|-heal|p1a: Ferrothorn|99/100|[from] item: Leftovers
|-damage|p2a: Eter|76/100 par|[from] Leech Seed|[of] p1a: Ferrothorn
|-heal|p1a: Ferrothorn|100/100|[silent]
|upkeep
|turn|24
|
|switch|p2a: Flat Earth|Hippowdon, M, shiny|88/100
|-damage|p2a: Flat Earth|82/100|[from] Stealth Rock
|switch|p1a: Excadrill|Excadrill, F|91/100
|-damage|p1a: Excadrill|87/100|[from] Stealth Rock
|-ability|p1a: Excadrill|Mold Breaker
|
|-weather|Sandstorm|[upkeep]
|upkeep
|turn|25
|
|switch|p1a: Politoed|Politoed, M|38/100
|-damage|p1a: Politoed|26/100|[from] Stealth Rock
|-weather|RainDance|[from] ability: Drizzle|[of] p1a: Politoed
|move|p2a: Flat Earth|Earthquake|p1a: Politoed
|-damage|p1a: Politoed|0 fnt
|faint|p1a: Politoed
|
|-weather|RainDance|[upkeep]
|upkeep
|
|switch|p1a: Latios|Latios, M|14/100
|-damage|p1a: Latios|1/100|[from] Stealth Rock
|turn|26
|
|switch|p2a: Eter|Jirachi|76/100 par
|-damage|p2a: Eter|70/100 par|[from] Stealth Rock
|move|p1a: Latios|Surf|p2a: Eter
|-damage|p2a: Eter|26/100 par
|
|-weather|RainDance|[upkeep]
|-heal|p2a: Eter|32/100 par|[from] item: Leftovers
|upkeep
|turn|27
|
|move|p1a: Latios|Surf|p2a: Eter
|-damage|p2a: Eter|0 fnt
|faint|p2a: Eter
|
|-weather|RainDance|[upkeep]
|upkeep
|
|switch|p2a: Water of Flood|Starmie|63/100
|-damage|p2a: Water of Flood|51/100|[from] Stealth Rock
|turn|28
|
|move|p2a: Water of Flood|Scald|p1a: Latios
|-resisted|p1a: Latios
|-damage|p1a: Latios|0 fnt
|faint|p1a: Latios
|
|-weather|RainDance|[upkeep]
|upkeep
|
|switch|p1a: Dragonite|Dragonite, M|100/100
|-damage|p1a: Dragonite|76/100|[from] Stealth Rock
|turn|29
|
|move|p2a: Water of Flood|Scald|p1a: Dragonite
|-resisted|p1a: Dragonite
|-damage|p1a: Dragonite|53/100
|move|p1a: Dragonite|Dragon Dance|p1a: Dragonite
|-boost|p1a: Dragonite|atk|1
|-boost|p1a: Dragonite|spe|1
|
|-weather|RainDance|[upkeep]
|upkeep
|turn|30
|
|switch|p2a: Face of Abyss|Hydreigon, M|94/100 par
|-damage|p2a: Face of Abyss|82/100 par|[from] Stealth Rock
|move|p1a: Dragonite|Extreme Speed|p2a: Face of Abyss
|-damage|p2a: Face of Abyss|35/100 par
|
|-weather|RainDance|[upkeep]
|-heal|p2a: Face of Abyss|41/100 par|[from] item: Leftovers
|upkeep
|turn|31
|
|move|p1a: Dragonite|Extreme Speed|p2a: Face of Abyss
|-damage|p2a: Face of Abyss|0 fnt
|faint|p2a: Face of Abyss
|
|-weather|RainDance|[upkeep]
|upkeep
|
|switch|p2a: Flat Earth|Hippowdon, M, shiny|82/100
|-damage|p2a: Flat Earth|76/100|[from] Stealth Rock
|-weather|Sandstorm|[from] ability: Sand Stream|[of] p2a: Flat Earth
|turn|32
|
|move|p1a: Dragonite|Outrage|p2a: Flat Earth
|-damage|p2a: Flat Earth|25/100
|-damage|p1a: Dragonite|37/100|[from] item: Rocky Helmet|[of] p2a: Flat Earth
|move|p2a: Flat Earth|Slack Off|p2a: Flat Earth
|-heal|p2a: Flat Earth|75/100
|
|-weather|Sandstorm|[upkeep]
|-damage|p1a: Dragonite|31/100|[from] Sandstorm
|upkeep
|turn|33
|j| Sword8lade
|
|move|p1a: Dragonite|Outrage|p2a: Flat Earth|[from]lockedmove
|-damage|p2a: Flat Earth|17/100
|-damage|p1a: Dragonite|14/100|[from] item: Rocky Helmet|[of] p2a: Flat Earth
|-start|p1a: Dragonite|confusion|[fatigue]
|move|p2a: Flat Earth|Slack Off|p2a: Flat Earth
|-heal|p2a: Flat Earth|67/100
|
|-weather|Sandstorm|[upkeep]
|-damage|p1a: Dragonite|8/100|[from] Sandstorm
|upkeep
|turn|34
|
|-activate|p1a: Dragonite|confusion
|-damage|p1a: Dragonite|0 fnt|[from] confusion
|faint|p1a: Dragonite
|move|p2a: Flat Earth|Slack Off|p2a: Flat Earth
|-heal|p2a: Flat Earth|100/100
|
|-weather|Sandstorm|[upkeep]
|upkeep
|
|switch|p1a: Ferrothorn|Ferrothorn, M|100/100
|-damage|p1a: Ferrothorn|94/100|[from] Stealth Rock
|turn|35
|
|switch|p2a: Water of Flood|Starmie|51/100
|-damage|p2a: Water of Flood|39/100|[from] Stealth Rock
|move|p1a: Ferrothorn|Gyro Ball|p2a: Water of Flood
|-resisted|p2a: Water of Flood
|-damage|p2a: Water of Flood|4/100
|
|-weather|Sandstorm|[upkeep]
|-damage|p2a: Water of Flood|0 fnt|[from] Sandstorm
|faint|p2a: Water of Flood
|-heal|p1a: Ferrothorn|100/100|[from] item: Leftovers
|upkeep
|
|switch|p2a: Silicon Dust|Tyranitar, M|100/100
|-damage|p2a: Silicon Dust|88/100|[from] Stealth Rock
|turn|36
|
|move|p2a: Silicon Dust|Fire Blast|p1a: Ferrothorn|[miss]
|-miss|p2a: Silicon Dust|p1a: Ferrothorn
|move|p1a: Ferrothorn|Leech Seed|p2a: Silicon Dust
|-start|p2a: Silicon Dust|move: Leech Seed
|
|-weather|Sandstorm|[upkeep]
|-damage|p2a: Silicon Dust|76/100|[from] Leech Seed|[of] p1a: Ferrothorn
|upkeep
|turn|37
|l| Sword8lade
|
|move|p2a: Silicon Dust|Fire Blast|p1a: Ferrothorn
|-supereffective|p1a: Ferrothorn
|-damage|p1a: Ferrothorn|2/100
|-damage|p2a: Silicon Dust|66/100|[from] item: Life Orb
|move|p1a: Ferrothorn|Thunder Wave|p2a: Silicon Dust
|-status|p2a: Silicon Dust|par
|
|-weather|Sandstorm|[upkeep]
|-heal|p1a: Ferrothorn|8/100|[from] item: Leftovers
|-damage|p2a: Silicon Dust|54/100 par|[from] Leech Seed|[of] p1a: Ferrothorn
|-heal|p1a: Ferrothorn|20/100|[silent]
|upkeep
|turn|38
|
|move|p2a: Silicon Dust|Fire Blast|p1a: Ferrothorn
|-supereffective|p1a: Ferrothorn
|-damage|p1a: Ferrothorn|0 fnt
|-damage|p2a: Silicon Dust|44/100 par|[from] item: Life Orb
|faint|p1a: Ferrothorn
|
|-weather|Sandstorm|[upkeep]
|upkeep
|
|switch|p1a: Excadrill|Excadrill, F|87/100
|-damage|p1a: Excadrill|84/100|[from] Stealth Rock
|-ability|p1a: Excadrill|Mold Breaker
|turn|39
|
|move|p1a: Excadrill|Swords Dance|p1a: Excadrill
|-boost|p1a: Excadrill|atk|2
|move|p2a: Silicon Dust|Fire Blast|p1a: Excadrill
|-supereffective|p1a: Excadrill
|-damage|p1a: Excadrill|0 fnt
|-damage|p2a: Silicon Dust|34/100 par|[from] item: Life Orb
|faint|p1a: Excadrill
|
|win|Fabianosizour
|l|☆Gabelou0510
|raw|Gabelou0510's rating: 1326 &rarr; <strong>1305</strong><br />(-21 for losing)
|raw|Fabianosizour's rating: 1296 &rarr; <strong>1323</strong><br />(+27 for winning)
