|j|☆wabrit
|j|☆BigBadLeroyBrown
|t:|1722978714
|gametype|singles
|player|p1|wabrit|266|1362
|player|p2|BigBadLeroyBrown|barry|1275
|teamsize|p1|6
|teamsize|p2|6
|gen|5
|tier|[Gen 5] OU
|rated|
|rule|Species Clause: Limit one of each Pokémon
|rule|OHKO Clause: OHKO moves are banned
|rule|Moody Clause: Moody is banned
|rule|Evasion Items Clause: Evasion items are banned
|rule|Evasion Moves Clause: Evasion moves are banned
|rule|Endless Battle Clause: Forcing endless battles is banned
|rule|HP Percentage Mod: HP is shown in percentages
|rule|Evasion Abilities Clause: Evasion abilities are banned
|rule|Sleep Moves Clause: Sleep-inducing moves are banned
|rule|Swagger Clause: Swagger is banned
|rule|Baton Pass Stat Clause: No Baton Passer may have a way to boost its stats
|clearpoke
|poke|p1|Abomasnow, F|item
|poke|p1|Forretress, F|item
|poke|p1|Reuniclus, M|mail
|poke|p1|Clefable, M|item
|poke|p1|Mamoswine, M|item
|poke|p1|Kyurem-Black|item
|poke|p2|Tyranitar, M|item
|poke|p2|Alakazam, F|item
|poke|p2|Latios, M|item
|poke|p2|Ferrothorn, F|item
|poke|p2|Landorus-Therian, M|item
|poke|p2|Excadrill, F|item
|teampreview
|
|t:|1722978724
|start
|switch|p1a: Abomasnow|Abomasnow, F|100/100
|switch|p2a: Tyranitar|Tyranitar, M|100/100
|-weather|Sandstorm|[from] ability: Sand Stream|[of] p2a: Tyranitar
|-weather|Hail|[from] ability: Snow Warning|[of] p1a: Abomasnow
|turn|1
|
|t:|1722978734
|switch|p2a: Ferrothorn|Ferrothorn, F|100/100
|move|p1a: Abomasnow|Wood Hammer|p2a: Ferrothorn
|-resisted|p2a: Ferrothorn
|-damage|p2a: Ferrothorn|91/100
|-damage|p1a: Abomasnow|88/100|[from] ability: Iron Barbs|[of] p2a: Ferrothorn
|-damage|p1a: Abomasnow|85/100|[from] Recoil
|
|-weather|Hail|[upkeep]
|-damage|p2a: Ferrothorn|84/100|[from] Hail
|-heal|p2a: Ferrothorn|91/100|[from] item: Leftovers
|upkeep
|turn|2
|
|t:|1722978750
|move|p1a: Abomasnow|Hidden Power|p2a: Ferrothorn
|-supereffective|p2a: Ferrothorn
|-damage|p2a: Ferrothorn|51/100
|move|p2a: Ferrothorn|Spikes|p1a: Abomasnow
|-sidestart|p1: wabrit|Spikes
|
|-weather|Hail|[upkeep]
|-damage|p2a: Ferrothorn|45/100|[from] Hail
|-heal|p2a: Ferrothorn|51/100|[from] item: Leftovers
|upkeep
|turn|3
|
|t:|1722978774
|switch|p1a: Clefable|Clefable, M|100/100
|switch|p2a: Tyranitar|Tyranitar, M|100/100
|-weather|Sandstorm|[from] ability: Sand Stream|[of] p2a: Tyranitar
|
|-weather|Sandstorm|[upkeep]
|upkeep
|turn|4
|
|t:|1722978783
|move|p2a: Tyranitar|Superpower|p1a: Clefable
|-supereffective|p1a: Clefable
|-damage|p1a: Clefable|0 fnt
|-unboost|p2a: Tyranitar|atk|1
|-unboost|p2a: Tyranitar|def|1
|faint|p1a: Clefable
|
|-weather|Sandstorm|[upkeep]
|upkeep
|
|t:|1722978816
|switch|p1a: Mamoswine|Mamoswine, M|100/100
|-damage|p1a: Mamoswine|88/100|[from] Spikes
|turn|5
|
|t:|1722978830
|switch|p2a: Landorus|Landorus-Therian, M|100/100
|-ability|p2a: Landorus|Intimidate|boost
|-unboost|p1a: Mamoswine|atk|1
|move|p1a: Mamoswine|Stealth Rock|p2a: Landorus
|-sidestart|p2: BigBadLeroyBrown|move: Stealth Rock
|
|-weather|Sandstorm|[upkeep]
|upkeep
|turn|6
|
|t:|1722978842
|switch|p2a: Excadrill|Excadrill, F|100/100
|-damage|p2a: Excadrill|97/100|[from] Stealth Rock
|switch|p1a: Forretress|Forretress, F|100/100
|-damage|p1a: Forretress|88/100|[from] Spikes
|
|-weather|Sandstorm|[upkeep]
|-heal|p2a: Excadrill|100/100|[from] item: Leftovers
|-heal|p1a: Forretress|94/100|[from] item: Leftovers
|upkeep
|turn|7
|
|t:|1722978862
|switch|p1a: Abomasnow|Abomasnow, F|85/100
|-damage|p1a: Abomasnow|72/100|[from] Spikes
|-weather|Hail|[from] ability: Snow Warning|[of] p1a: Abomasnow
|move|p2a: Excadrill|Swords Dance|p2a: Excadrill
|-boost|p2a: Excadrill|atk|2
|
|-weather|Hail|[upkeep]
|-damage|p2a: Excadrill|94/100|[from] Hail
|-heal|p2a: Excadrill|100/100|[from] item: Leftovers
|upkeep
|turn|8
|
|t:|1722978874
|move|p2a: Excadrill|Iron Head|p1a: Abomasnow
|-supereffective|p1a: Abomasnow
|-damage|p1a: Abomasnow|0 fnt
|faint|p1a: Abomasnow
|
|-weather|Hail|[upkeep]
|-damage|p2a: Excadrill|94/100|[from] Hail
|-heal|p2a: Excadrill|100/100|[from] item: Leftovers
|upkeep
|
|t:|1722978884
|switch|p1a: Reuniclus|Reuniclus, M|100/100
|turn|9
|
|t:|1722978887
|switch|p2a: Tyranitar|Tyranitar, M|100/100
|-damage|p2a: Tyranitar|88/100|[from] Stealth Rock
|-weather|Sandstorm|[from] ability: Sand Stream|[of] p2a: Tyranitar
|move|p1a: Reuniclus|Hidden Power|p2a: Tyranitar
|-supereffective|p2a: Tyranitar
|-damage|p2a: Tyranitar|35/100
|
|-weather|Sandstorm|[upkeep]
|upkeep
|turn|10
|
|t:|1722978896
|move|p2a: Tyranitar|Crunch|p1a: Reuniclus
|-supereffective|p1a: Reuniclus
|-damage|p1a: Reuniclus|37/100
|move|p1a: Reuniclus|Hidden Power|p2a: Tyranitar
|-supereffective|p2a: Tyranitar
|-damage|p2a: Tyranitar|0 fnt
|faint|p2a: Tyranitar
|
|-weather|Sandstorm|[upkeep]
|upkeep
|
|t:|1722978910
|switch|p2a: Landorus|Landorus-Therian, M|100/100
|-damage|p2a: Landorus|88/100|[from] Stealth Rock
|-ability|p2a: Landorus|Intimidate|boost
|-unboost|p1a: Reuniclus|atk|1
|turn|11
|
|t:|1722978922
|switch|p1a: Forretress|Forretress, F|94/100
|-damage|p1a: Forretress|82/100|[from] Spikes
|move|p2a: Landorus|Earthquake|p1a: Forretress
|-damage|p1a: Forretress|53/100
|
|-weather|Sandstorm|[upkeep]
|-heal|p2a: Landorus|94/100|[from] item: Leftovers
|-heal|p1a: Forretress|59/100|[from] item: Leftovers
|upkeep
|turn|12
|
|t:|1722978940
|switch|p1a: Reuniclus|Reuniclus, M|37/100
|move|p2a: Landorus|Knock Off|p1a: Reuniclus
|-supereffective|p1a: Reuniclus
|-damage|p1a: Reuniclus|26/100
|-enditem|p1a: Reuniclus|Mail|[from] move: Knock Off|[of] p2a: Landorus
|
|-weather|Sandstorm|[upkeep]
|-heal|p2a: Landorus|100/100|[from] item: Leftovers
|upkeep
|turn|13
|
|t:|1722978984
|move|p2a: Landorus|U-turn|p1a: Reuniclus
|-supereffective|p1a: Reuniclus
|-crit|p1a: Reuniclus
|-damage|p1a: Reuniclus|0 fnt
|faint|p1a: Reuniclus
|-message|wabrit forfeited.
|
|win|BigBadLeroyBrown
|raw|wabrit's rating: 1362 &rarr; <strong>1337</strong><br />(-25 for losing)
|raw|BigBadLeroyBrown's rating: 1275 &rarr; <strong>1306</strong><br />(+31 for winning)
|l|☆wabrit
|player|p1|
