|j|☆mzzin
|j|☆Meatymisc
|t:|1745174344
|gametype|singles
|player|p1|mzzin|hugh|1348
|player|p2|Meatymisc|102|1416
|teamsize|p1|6
|teamsize|p2|6
|gen|5
|tier|[Gen 5] OU
|rated|
|rule|Species Clause: Limit one of each Pokémon
|rule|OHKO Clause: OHKO moves are banned
|rule|Moody Clause: Moody is banned
|rule|Evasion Items Clause: Evasion items are banned
|rule|Evasion Moves Clause: Evasion moves are banned
|rule|Endless Battle Clause: Forcing endless battles is banned
|rule|HP Percentage Mod: HP is shown in percentages
|rule|Evasion Abilities Clause: Evasion abilities are banned
|rule|Sleep Moves Clause: Sleep-inducing moves are banned
|rule|Swagger Clause: Swagger is banned
|rule|Baton Pass Stat Clause: No Baton Passer may have a way to boost its stats
|clearpoke
|poke|p1|Politoed, M|item
|poke|p1|Toxicroak, M|item
|poke|p1|Ferrothorn, M|item
|poke|p1|Garchomp, M|item
|poke|p1|Starmie|item
|poke|p1|Zoroark, F|item
|poke|p2|Tyranitar, F|item
|poke|p2|Garchomp, F|item
|poke|p2|Jellicent, F|item
|poke|p2|Skarmory, F|item
|poke|p2|Scizor, F|item
|poke|p2|Jirachi|item
|teampreview
|j| ysocs08
|
|t:|1745174357
|start
|switch|p1a: Garchomp|Garchomp, M, shiny|100/100
|switch|p2a: Skarmory|Skarmory, F|100/100
|turn|1
|
|t:|1745174364
|move|p1a: Garchomp|Rock Slide|p2a: Skarmory
|-damage|p2a: Skarmory|74/100
|move|p2a: Skarmory|Stealth Rock|p1a: Garchomp
|-sidestart|p1: mzzin|move: Stealth Rock
|
|upkeep
|turn|2
|
|t:|1745174367
|switch|p1a: Starmie|Starmie|100/100
|-damage|p1a: Starmie|88/100|[from] Stealth Rock
|-item|p1a: Starmie|Air Balloon
|move|p2a: Skarmory|Spikes|p1a: Starmie
|-sidestart|p1: mzzin|Spikes
|
|upkeep
|turn|3
|
|t:|1745174370
|switch|p2a: Jellicent|Jellicent, F|100/100
|-item|p2a: Jellicent|Air Balloon
|move|p1a: Starmie|Thunder|p2a: Jellicent|[miss]
|-miss|p1a: Starmie|p2a: Jellicent
|
|upkeep
|turn|4
|
|t:|1745174381
|switch|p1a: Toxicroak|Toxicroak, M|100/100
|-damage|p1a: Toxicroak|88/100|[from] Stealth Rock
|-damage|p1a: Toxicroak|76/100|[from] Spikes
|move|p2a: Jellicent|Night Shade|p1a: Toxicroak
|-damage|p1a: Toxicroak|38/100
|replace|p1a: Zoroark|Zoroark, F
|-end|p1a: Zoroark|Illusion
|
|upkeep
|turn|5
|
|t:|1745174399
|switch|p2a: Scizor|Scizor, F|100/100
|move|p1a: Zoroark|Trick|p2a: Scizor
|-activate|p1a: Zoroark|move: Trick|[of] p2a: Scizor
|-item|p2a: Scizor|Choice Scarf|[from] move: Trick
|-item|p1a: Zoroark|Life Orb|[from] move: Trick
|
|upkeep
|turn|6
|
|t:|1745174409
|switch|p1a: Ferrothorn|Ferrothorn, M|100/100
|-damage|p1a: Ferrothorn|94/100|[from] Stealth Rock
|-damage|p1a: Ferrothorn|82/100|[from] Spikes
|move|p2a: Scizor|Superpower|p1a: Ferrothorn
|-supereffective|p1a: Ferrothorn
|-damage|p1a: Ferrothorn|16/100
|-unboost|p2a: Scizor|atk|1
|-unboost|p2a: Scizor|def|1
|-damage|p2a: Scizor|88/100|[from] ability: Iron Barbs|[of] p1a: Ferrothorn
|
|-heal|p1a: Ferrothorn|23/100|[from] item: Leftovers
|upkeep
|turn|7
|
|t:|1745174415
|switch|p1a: Toxicroak|Toxicroak, M|100/100
|-damage|p1a: Toxicroak|94/100|[from] Stealth Rock
|-damage|p1a: Toxicroak|82/100|[from] Spikes
|move|p2a: Scizor|Superpower|p1a: Toxicroak
|-resisted|p1a: Toxicroak
|-damage|p1a: Toxicroak|59/100
|-unboost|p2a: Scizor|atk|1
|-unboost|p2a: Scizor|def|1
|
|upkeep
|turn|8
|
|t:|1745174433
|switch|p2a: Skarmory|Skarmory, F|74/100
|move|p1a: Toxicroak|Swords Dance|p1a: Toxicroak
|-boost|p1a: Toxicroak|atk|2
|
|upkeep
|turn|9
|
|t:|1745174437
|move|p1a: Toxicroak|Drain Punch|p2a: Skarmory
|-damage|p2a: Skarmory|0 fnt
|-heal|p1a: Toxicroak|91/100|[from] drain|[of] p2a: Skarmory
|faint|p2a: Skarmory
|-damage|p1a: Toxicroak|81/100|[from] item: Life Orb
|
|upkeep
|
|t:|1745174442
|switch|p2a: Garchomp|Garchomp, F|100/100
|turn|10
|
|t:|1745174447
|move|p1a: Toxicroak|Sucker Punch|p2a: Garchomp
|-damage|p2a: Garchomp|32/100
|-damage|p1a: Toxicroak|69/100|[from] ability: Rough Skin|[of] p2a: Garchomp
|-damage|p1a: Toxicroak|59/100|[from] item: Life Orb
|move|p2a: Garchomp|Earthquake|p1a: Toxicroak
|-supereffective|p1a: Toxicroak
|-damage|p1a: Toxicroak|0 fnt
|faint|p1a: Toxicroak
|
|upkeep
|
|t:|1745174454
|switch|p1a: Politoed|Politoed, M|100/100
|-damage|p1a: Politoed|88/100|[from] Stealth Rock
|-damage|p1a: Politoed|75/100|[from] Spikes
|-weather|RainDance|[from] ability: Drizzle|[of] p1a: Politoed
|turn|11
|
|t:|1745174478
|switch|p2a: Jellicent|Jellicent, F|100/100
|-item|p2a: Jellicent|Air Balloon
|move|p1a: Politoed|Scald|p2a: Jellicent
|-immune|p2a: Jellicent|[from] ability: Water Absorb
|
|-weather|RainDance|[upkeep]
|-heal|p1a: Politoed|82/100|[from] item: Leftovers
|upkeep
|turn|12
|
|t:|1745174485
|move|p1a: Politoed|Protect|p1a: Politoed
|-singleturn|p1a: Politoed|Protect
|move|p2a: Jellicent|Taunt|p1a: Politoed
|-activate|p1a: Politoed|move: Protect
|
|-weather|RainDance|[upkeep]
|-heal|p1a: Politoed|88/100|[from] item: Leftovers
|upkeep
|turn|13
|
|t:|1745174501
|switch|p1a: Starmie|Starmie|88/100
|-damage|p1a: Starmie|76/100|[from] Stealth Rock
|-item|p1a: Starmie|Air Balloon
|move|p2a: Jellicent|Taunt|p1a: Starmie
|-start|p1a: Starmie|move: Taunt
|
|-weather|RainDance|[upkeep]
|upkeep
|turn|14
|
|t:|1745174505
|move|p1a: Starmie|Thunder|p2a: Jellicent
|-supereffective|p2a: Jellicent
|-damage|p2a: Jellicent|35/100
|-status|p2a: Jellicent|par
|-enditem|p2a: Jellicent|Air Balloon
|move|p2a: Jellicent|Night Shade|p1a: Starmie
|-damage|p1a: Starmie|38/100
|-enditem|p1a: Starmie|Air Balloon
|
|-weather|RainDance|[upkeep]
|upkeep
|turn|15
|
|t:|1745174513
|switch|p2a: Tyranitar|Tyranitar, F|100/100
|-weather|Sandstorm|[from] ability: Sand Stream|[of] p2a: Tyranitar
|move|p1a: Starmie|Ice Beam|p2a: Tyranitar
|-damage|p2a: Tyranitar|74/100
|
|-weather|Sandstorm|[upkeep]
|-damage|p1a: Starmie|32/100|[from] Sandstorm
|-end|p1a: Starmie|move: Taunt
|upkeep
|turn|16
|
|t:|1745174520
|move|p2a: Tyranitar|Pursuit|p1a: Starmie
|-supereffective|p1a: Starmie
|-damage|p1a: Starmie|0 fnt
|faint|p1a: Starmie
|
|-weather|Sandstorm|[upkeep]
|upkeep
|
|t:|1745174532
|switch|p1a: Garchomp|Garchomp, M, shiny|100/100
|-damage|p1a: Garchomp|94/100|[from] Stealth Rock
|-damage|p1a: Garchomp|82/100|[from] Spikes
|turn|17
|
|t:|1745174541
|switch|p2a: Jellicent|Jellicent, F|35/100 par
|move|p1a: Garchomp|Outrage|p2a: Jellicent
|-damage|p2a: Jellicent|0 fnt
|faint|p2a: Jellicent
|
|-weather|Sandstorm|[upkeep]
|upkeep
|
|t:|1745174551
|switch|p2a: Tyranitar|Tyranitar, F|74/100
|turn|18
|
|t:|1745174553
|move|p1a: Garchomp|Outrage|p2a: Tyranitar|[from] lockedmove
|-damage|p2a: Tyranitar|9/100
|-start|p1a: Garchomp|confusion|[fatigue]
|move|p2a: Tyranitar|Ice Beam|p1a: Garchomp
|-supereffective|p1a: Garchomp
|-damage|p1a: Garchomp|0 fnt
|faint|p1a: Garchomp
|
|-weather|Sandstorm|[upkeep]
|upkeep
|
|t:|1745174556
|switch|p1a: Politoed|Politoed, M|88/100
|-damage|p1a: Politoed|75/100|[from] Stealth Rock
|-damage|p1a: Politoed|63/100|[from] Spikes
|-weather|RainDance|[from] ability: Drizzle|[of] p1a: Politoed
|turn|19
|
|t:|1745174565
|switch|p1a: Ferrothorn|Ferrothorn, M|23/100
|-damage|p1a: Ferrothorn|16/100|[from] Stealth Rock
|-damage|p1a: Ferrothorn|4/100|[from] Spikes
|move|p2a: Tyranitar|Ice Beam|p1a: Ferrothorn
|-crit|p1a: Ferrothorn
|-damage|p1a: Ferrothorn|0 fnt
|faint|p1a: Ferrothorn
|
|-weather|RainDance|[upkeep]
|upkeep
|
|t:|1745174571
|switch|p1a: Politoed|Politoed, M|63/100
|-damage|p1a: Politoed|50/100|[from] Stealth Rock
|-damage|p1a: Politoed|38/100|[from] Spikes
|turn|20
|
|t:|1745174573
|move|p1a: Politoed|Protect|p1a: Politoed
|-singleturn|p1a: Politoed|Protect
|move|p2a: Tyranitar|Ice Beam|p1a: Politoed
|-activate|p1a: Politoed|move: Protect
|
|-weather|RainDance|[upkeep]
|-heal|p1a: Politoed|44/100|[from] item: Leftovers
|upkeep
|turn|21
|
|t:|1745174578
|move|p2a: Tyranitar|Ice Beam|p1a: Politoed
|-resisted|p1a: Politoed
|-damage|p1a: Politoed|35/100
|move|p1a: Politoed|Scald|p2a: Tyranitar
|-supereffective|p2a: Tyranitar
|-damage|p2a: Tyranitar|0 fnt
|faint|p2a: Tyranitar
|
|-weather|RainDance|[upkeep]
|-heal|p1a: Politoed|41/100|[from] item: Leftovers
|upkeep
|
|t:|1745174583
|switch|p2a: Jirachi|Jirachi|100/100
|turn|22
|
|t:|1745174585
|move|p1a: Politoed|Protect|p1a: Politoed
|-singleturn|p1a: Politoed|Protect
|move|p2a: Jirachi|Thunder|p1a: Politoed
|-activate|p1a: Politoed|move: Protect
|
|-weather|RainDance|[upkeep]
|-heal|p1a: Politoed|48/100|[from] item: Leftovers
|upkeep
|turn|23
|
|t:|1745174590
|move|p2a: Jirachi|Thunder|p1a: Politoed
|-supereffective|p1a: Politoed
|-damage|p1a: Politoed|0 fnt
|faint|p1a: Politoed
|
|-weather|RainDance|[upkeep]
|upkeep
|
|t:|1745174593
|switch|p1a: Zoroark|Zoroark, F|38/100
|-damage|p1a: Zoroark|26/100|[from] Stealth Rock
|-damage|p1a: Zoroark|13/100|[from] Spikes
|turn|24
|
|t:|1745174602
|move|p2a: Jirachi|Iron Head|p1a: Zoroark
|-damage|p1a: Zoroark|0 fnt
|faint|p1a: Zoroark
|
|win|Meatymisc
|raw|mzzin's rating: 1348 &rarr; <strong>1332</strong><br />(-16 for losing)
|raw|Meatymisc's rating: 1416 &rarr; <strong>1432</strong><br />(+16 for winning)
|c|☆Meatymisc|gg
|l|☆mzzin
|player|p1|
|l|☆Meatymisc
|player|p2|
