|join|arm94
|join|Best GEN5 Player
|player|p1|arm94|87
|player|p2|Best GEN5 Player|2
|gametype|singles
|gen|5
|tier|[Gen 5] OU
|rated
|rule|Evasion Abilities Clause: Evasion abilities are banned
|clearpoke
|poke|p1|Dragonite, M
|poke|p1|Breloom, M
|poke|p1|Volcarona, F
|poke|p1|Mamoswine, F
|poke|p1|Starmie
|poke|p1|Scizor, F
|poke|p2|Politoed, M
|poke|p2|Tentacruel, F
|poke|p2|Ferrothorn, F
|poke|p2|Thundurus-Therian, M
|poke|p2|Dragonite, M
|poke|p2|Scizor, F
|rule|Sleep Clause Mod: Limit one foe put to sleep
|rule|Species Clause: Limit one of each Pokemon
|rule|OHKO Clause: OHKO moves are banned
|rule|Moody Clause: Moody is banned
|rule|Evasion Moves Clause: Evasion moves are banned
|rule|Endless Battle Clause: Forcing endless battles is banned.
|rule|HP Percentage Mod: HP is reported as percentages
|teampreview
|join|Dickard Dickinson
|
|start
|switch|p1a: Breloom|Breloom, M|262/262
|switch|p2a: RAIDEN|Thundurus-Therian, M|300/300
|turn|1
|chat|arm94|hey dickard!
|chat|Dickard Dickinson|sup
|chat|Best GEN5 Player|FUCK YOUR MOM
|chat|Best GEN5 Player|MOTHERFUCKA
|chat|arm94|rude
|chat|Dickard Dickinson|:]
|chat|Best GEN5 Player|your mom is rude
|chat|Best GEN5 Player|MODAFUCKA
|chat|arm94|come on man
|
|switch|p1a: Scizor|Scizor, F|282/282
|move|p2a: RAIDEN|Hidden Power|p1a: Scizor
|-resisted|p1a: Scizor
|-damage|p1a: Scizor|232/282
|
|turn|2
|join|yasbro
|
|move|p2a: RAIDEN|Thunder|p1a: Scizor|[miss]
|-miss|p2a: RAIDEN|p1a: Scizor
|move|p1a: Scizor|Swords Dance|p1a: Scizor
|-boost|p1a: Scizor|atk|2
|
|turn|3
|chat|arm94|you are 22 and 1....pretty fricken good
|
|move|p1a: Scizor|Bullet Punch|p2a: RAIDEN
|-resisted|p2a: RAIDEN
|-damage|p2a: RAIDEN|127/300
|-damage|p1a: Scizor|204/282|[from] item: Life Orb
|move|p2a: RAIDEN|Thunder|p1a: Scizor
|-damage|p1a: Scizor|0 fnt
|faint|p1a: Scizor
|
|chat|yasbro|lol 'best gen 5 player' what a gimp
|
|switch|p1a: Mamoswine|Mamoswine, F|362/362
|turn|4
|chat|Dickard Dickinson|he sucks
|
|switch|p2a: YOLO|Scizor, F|344/344
|move|p1a: Mamoswine|Stealth Rock|p2a: YOLO
|-sidestart|p2: Best GEN5 Player|move: Stealth Rock
|
|turn|5
|chat|arm94|yeah i bet
|
|switch|p1a: Volcarona|Volcarona, F|312/312
|move|p2a: YOLO|U-turn|p1a: Volcarona
|-resisted|p1a: Volcarona
|-damage|p1a: Volcarona|165/312
|
|switch|p2a: GAY FROG|Politoed, M|384/384
|-damage|p2a: GAY FROG|336/384|[from] Stealth Rock
|-weather|RainDance|[from] ability: Drizzle|[of] p2a: GAY FROG
|
|-weather|RainDance|[upkeep]
|-heal|p2a: GAY FROG|360/384|[from] item: Leftovers
|turn|6
|
|switch|p2a: SQUIDWARD|Tentacruel, F|364/364
|-damage|p2a: SQUIDWARD|319/364|[from] Stealth Rock
|move|p1a: Volcarona|Bug Buzz|p2a: SQUIDWARD
|-crit|p2a: SQUIDWARD
|-resisted|p2a: SQUIDWARD
|-damage|p2a: SQUIDWARD|177/364
|
|-weather|RainDance|[upkeep]
|-heal|p2a: SQUIDWARD|199/364|[from] ability: Rain Dish
|-heal|p2a: SQUIDWARD|221/364|[from] item: Black Sludge
|turn|7
|
|switch|p1a: Starmie|Starmie|262/262
|move|p2a: SQUIDWARD|Rapid Spin|p1a: Starmie
|-damage|p1a: Starmie|249/262
|-sideend|p2: Best GEN5 Player|Stealth Rock|[from] move: Rapid Spin|[of] p2a: SQUIDWARD
|
|-weather|RainDance|[upkeep]
|-heal|p2a: SQUIDWARD|243/364|[from] ability: Rain Dish
|-heal|p2a: SQUIDWARD|265/364|[from] item: Black Sludge
|turn|8
|
|switch|p2a: BEYBLADE|Ferrothorn, F|352/352
|move|p1a: Starmie|Psychic|p2a: BEYBLADE
|-resisted|p2a: BEYBLADE
|-damage|p2a: BEYBLADE|274/352
|-damage|p1a: Starmie|223/262|[from] item: Life Orb
|
|-weather|RainDance|[upkeep]
|-heal|p2a: BEYBLADE|296/352|[from] item: Leftovers
|turn|9
|chat|Best GEN5 Player|OPKSFPKOJSDFOPKSJPKOFSDPOK
|
|move|p1a: Starmie|Hail|p1a: Starmie
|-weather|Hail
|move|p2a: BEYBLADE|Stealth Rock|p1a: Starmie
|-sidestart|p1: arm94|move: Stealth Rock
|
|-weather|Hail|[upkeep]
|-damage|p1a: Starmie|207/262|[from] hail
|-damage|p2a: BEYBLADE|274/352|[from] hail
|-heal|p2a: BEYBLADE|296/352|[from] item: Leftovers
|turn|10
|chat|Best GEN5 Player|RESPERCT
|
|switch|p2a: GAY FROG|Politoed, M|360/384
|-weather|RainDance|[from] ability: Drizzle|[of] p2a: GAY FROG
|move|p1a: Starmie|Thunderbolt|p2a: GAY FROG
|-supereffective|p2a: GAY FROG
|-damage|p2a: GAY FROG|183/384
|-damage|p1a: Starmie|181/262|[from] item: Life Orb
|
|-weather|RainDance|[upkeep]
|-heal|p2a: GAY FROG|207/384|[from] item: Leftovers
|turn|11
|chat|Dickard Dickinson|lol
|
|move|p1a: Starmie|Hail|p1a: Starmie
|-weather|Hail
|move|p2a: GAY FROG|Scald|p1a: Starmie
|-resisted|p1a: Starmie
|-damage|p1a: Starmie|136/262
|-status|p1a: Starmie|brn
|
|-weather|Hail|[upkeep]
|-damage|p1a: Starmie|120/262 brn|[from] hail
|-damage|p2a: GAY FROG|183/384|[from] hail
|-heal|p2a: GAY FROG|207/384|[from] item: Leftovers
|-damage|p1a: Starmie|88/262 brn|[from] brn
|turn|12
|
|move|p2a: GAY FROG|Protect|p2a: GAY FROG
|-singleturn|p2a: GAY FROG|Protect
|move|p1a: Starmie|Rapid Spin|p2a: GAY FROG
|-activate|p2a: GAY FROG|Protect
|
|-weather|Hail|[upkeep]
|-damage|p1a: Starmie|72/262 brn|[from] hail
|-damage|p2a: GAY FROG|183/384|[from] hail
|-heal|p2a: GAY FROG|207/384|[from] item: Leftovers
|-damage|p1a: Starmie|40/262 brn|[from] brn
|turn|13
|
|move|p2a: GAY FROG|Protect|p2a: GAY FROG
|-singleturn|p2a: GAY FROG|Protect
|move|p1a: Starmie|Psychic|p2a: GAY FROG
|-activate|p2a: GAY FROG|Protect
|
|-weather|Hail|[upkeep]
|-damage|p1a: Starmie|24/262 brn|[from] hail
|-damage|p2a: GAY FROG|183/384|[from] hail
|-heal|p2a: GAY FROG|207/384|[from] item: Leftovers
|-damage|p1a: Starmie|0 fnt|[from] brn
|faint|p1a: Starmie
|chat|Dickard Dickinson|los disrespect
|
|switch|p1a: Mamoswine|Mamoswine, F|362/362
|-damage|p1a: Mamoswine|317/362|[from] Stealth Rock
|turn|14
|
|switch|p2a: YOLO|Scizor, F|344/344
|move|p1a: Mamoswine|Earthquake|p2a: YOLO
|-damage|p2a: YOLO|146/344
|
|-weather|Hail|[upkeep]
|-damage|p2a: YOLO|125/344|[from] hail
|turn|15
|
|move|p2a: YOLO|Bullet Punch|p1a: Mamoswine
|-supereffective|p1a: Mamoswine
|-damage|p1a: Mamoswine|0 fnt
|faint|p1a: Mamoswine
|
|-weather|none
|
|switch|p1a: Volcarona|Volcarona, F|165/312
|-damage|p1a: Volcarona|9/312|[from] Stealth Rock
|turn|16
|
|switch|p2a: ALDUIN|Dragonite, M|324/324
|move|p1a: Volcarona|Bug Buzz|p2a: ALDUIN
|-resisted|p2a: ALDUIN
|-damage|p2a: ALDUIN|283/324
|
|turn|17
|
|move|p2a: ALDUIN|Extreme Speed|p1a: Volcarona
|-damage|p1a: Volcarona|0 fnt
|faint|p1a: Volcarona
|
|
|switch|p1a: Breloom|Breloom, M|262/262
|-damage|p1a: Breloom|246/262|[from] Stealth Rock
|turn|18
|
|move|p2a: ALDUIN|Extreme Speed|p1a: Breloom
|-damage|p1a: Breloom|40/262
|move|p1a: Breloom|Spore|p2a: ALDUIN
|-status|p2a: ALDUIN|slp
|
|turn|19
|
|cant|p2a: ALDUIN|slp
|move|p1a: Breloom|Swords Dance|p1a: Breloom
|-boost|p1a: Breloom|atk|2
|
|turn|20
|
|-curestatus|p2a: ALDUIN|slp
|move|p2a: ALDUIN|Extreme Speed|p1a: Breloom
|-damage|p1a: Breloom|0 fnt
|faint|p1a: Breloom
|
|chat|Best GEN5 Player|GG
|
|switch|p1a: Dragonite|Dragonite, M|324/324
|-damage|p1a: Dragonite|243/324|[from] Stealth Rock
|turn|21
|
|move|p2a: ALDUIN|Extreme Speed|p1a: Dragonite
|-damage|p1a: Dragonite|62/324
|move|p1a: Dragonite|Dragon Dance|p1a: Dragonite
|-boost|p1a: Dragonite|atk|1
|-boost|p1a: Dragonite|spe|1
|
|turn|22
|
|move|p1a: Dragonite|Extreme Speed|p2a: ALDUIN
|-damage|p2a: ALDUIN|128/324
|move|p2a: ALDUIN|Extreme Speed|p1a: Dragonite
|-damage|p1a: Dragonite|0 fnt
|faint|p1a: Dragonite
|
|win|Best GEN5 Player
|raw|Ladder updating...
|chat|yasbro|Best GEN5 Player you're actually shit lol
|raw|arm94's rating: 1400 &rarr; <strong>1381</strong><br />(-19 for losing)
|raw|Best GEN5 Player's rating: 1418 &rarr; <strong>1437</strong><br />(+19 for winning)
|chat|Best GEN5 Player|nice 6-0
|chat|Best GEN5 Player|gg
|chat|Dickard Dickinson|lol
|chat|arm94|gg]
|chat|yasbro|lol
|leave|Dickard Dickinson
|chat|yasbro|what a retard