|j|☆NewTars
|j|☆Lsc29
|t:|1708224637
|gametype|singles
|player|p1|NewTars|steven|1508
|player|p2|Lsc29|brock|1518
|teamsize|p1|6
|teamsize|p2|6
|gen|5
|tier|[Gen 5] OU
|rated|
|rule|Species Clause: Limit one of each Pokémon
|rule|OHKO Clause: OHKO moves are banned
|rule|Moody Clause: Moody is banned
|rule|Evasion Items Clause: Evasion items are banned
|rule|Evasion Moves Clause: Evasion moves are banned
|rule|Endless Battle Clause: Forcing endless battles is banned
|rule|HP Percentage Mod: HP is shown in percentages
|rule|Evasion Abilities Clause: Evasion abilities are banned
|rule|Sleep Moves Clause: Sleep-inducing moves are banned
|rule|Swagger Clause: Swagger is banned
|rule|Baton Pass Stat Clause: No Baton Passer may have a way to boost its stats
|clearpoke
|poke|p1|Tyranitar, M|item
|poke|p1|Excadrill, M|item
|poke|p1|Celebi|item
|poke|p1|Gliscor, M|item
|poke|p1|Skarmory, M|item
|poke|p1|Keldeo|item
|poke|p2|Garchomp, M|item
|poke|p2|Terrakion|item
|poke|p2|Starmie|item
|poke|p2|Dragonite, M|item
|poke|p2|Scizor, F|item
|poke|p2|Breloom, F|item
|teampreview
|c|☆NewTars|hf
|c|☆Lsc29|Gl hd
|c|☆Lsc29|Hf
|
|t:|1708224680
|start
|switch|p1a: Tyranitar|Tyranitar, M|100/100
|switch|p2a: Garchomp|Garchomp, M|100/100
|-weather|Sandstorm|[from] ability: Sand Stream|[of] p1a: Tyranitar
|turn|1
|
|t:|1708224685
|move|p1a: Tyranitar|Ice Beam|p2a: Garchomp
|-supereffective|p2a: Garchomp
|-crit|p2a: Garchomp
|-enditem|p2a: Garchomp|Focus Sash
|-damage|p2a: Garchomp|1/100
|move|p2a: Garchomp|Swords Dance|p2a: Garchomp
|-boost|p2a: Garchomp|atk|2
|
|-weather|Sandstorm|[upkeep]
|upkeep
|turn|2
|
|t:|1708224694
|switch|p2a: Terrakion|Terrakion|100/100
|move|p1a: Tyranitar|Ice Beam|p2a: Terrakion
|-damage|p2a: Terrakion|84/100
|
|-weather|Sandstorm|[upkeep]
|upkeep
|turn|3
|
|t:|1708224701
|switch|p1a: Gliscor|Gliscor, M|100/100
|move|p2a: Terrakion|Stealth Rock|p1a: Gliscor
|-sidestart|p1: NewTars|move: Stealth Rock
|
|-weather|Sandstorm|[upkeep]
|-status|p1a: Gliscor|tox|[from] item: Toxic Orb
|upkeep
|turn|4
|c|☆Lsc29|Rude
|c|☆Lsc29|:P
|
|t:|1708224738
|switch|p2a: Starmie|Starmie|100/100
|-item|p2a: Starmie|Air Balloon
|move|p1a: Gliscor|Stealth Rock|p2a: Starmie
|-sidestart|p2: Lsc29|move: Stealth Rock
|
|-weather|Sandstorm|[upkeep]
|-damage|p2a: Starmie|94/100|[from] Sandstorm
|upkeep
|turn|5
|
|t:|1708224755
|move|p1a: Gliscor|Protect|p1a: Gliscor
|-singleturn|p1a: Gliscor|Protect
|move|p2a: Starmie|Hydro Pump|p1a: Gliscor
|-activate|p1a: Gliscor|move: Protect
|
|-weather|Sandstorm|[upkeep]
|-damage|p2a: Starmie|88/100|[from] Sandstorm
|upkeep
|turn|6
|
|t:|1708224769
|move|p2a: Starmie|Rapid Spin|p1a: Gliscor
|-damage|p1a: Gliscor|98/100 tox
|-sideend|p2: Lsc29|Stealth Rock|[from] move: Rapid Spin|[of] p2a: Starmie
|move|p1a: Gliscor|Knock Off|p2a: Starmie
|-supereffective|p2a: Starmie
|-damage|p2a: Starmie|75/100
|-enditem|p2a: Starmie|Air Balloon
|
|-weather|Sandstorm|[upkeep]
|-damage|p2a: Starmie|69/100|[from] Sandstorm
|-heal|p1a: Gliscor|100/100 tox|[from] ability: Poison Heal
|upkeep
|turn|7
|
|t:|1708224781
|move|p2a: Starmie|Ice Beam|p1a: Gliscor
|-supereffective|p1a: Gliscor
|-damage|p1a: Gliscor|10/100 tox
|move|p1a: Gliscor|Stealth Rock|p2a: Starmie
|-sidestart|p2: Lsc29|move: Stealth Rock
|
|-weather|Sandstorm|[upkeep]
|-damage|p2a: Starmie|63/100|[from] Sandstorm
|-heal|p1a: Gliscor|23/100 tox|[from] ability: Poison Heal
|upkeep
|turn|8
|
|t:|1708224787
|move|p1a: Gliscor|Protect|p1a: Gliscor
|-singleturn|p1a: Gliscor|Protect
|move|p2a: Starmie|Hydro Pump|p1a: Gliscor
|-activate|p1a: Gliscor|move: Protect
|
|-weather|Sandstorm|[upkeep]
|-damage|p2a: Starmie|57/100|[from] Sandstorm
|-heal|p1a: Gliscor|35/100 tox|[from] ability: Poison Heal
|upkeep
|turn|9
|
|t:|1708224792
|move|p2a: Starmie|Hydro Pump|p1a: Gliscor
|-supereffective|p1a: Gliscor
|-damage|p1a: Gliscor|0 fnt
|faint|p1a: Gliscor
|
|-weather|Sandstorm|[upkeep]
|-damage|p2a: Starmie|51/100|[from] Sandstorm
|upkeep
|
|t:|1708224794
|switch|p1a: Tyranitar|Tyranitar, M|100/100
|-damage|p1a: Tyranitar|88/100|[from] Stealth Rock
|turn|10
|
|t:|1708224803
|move|p1a: Tyranitar|Pursuit|p2a: Starmie
|-supereffective|p2a: Starmie
|-crit|p2a: Starmie
|-damage|p2a: Starmie|0 fnt
|faint|p2a: Starmie
|
|-weather|Sandstorm|[upkeep]
|upkeep
|
|t:|1708224822
|switch|p2a: Breloom|Breloom, F|100/100
|-damage|p2a: Breloom|94/100|[from] Stealth Rock
|turn|11
|
|t:|1708224829
|switch|p1a: Celebi|Celebi|100/100
|-damage|p1a: Celebi|88/100|[from] Stealth Rock
|move|p2a: Breloom|Low Sweep|p1a: Celebi
|-resisted|p1a: Celebi
|-damage|p1a: Celebi|64/100
|-unboost|p1a: Celebi|spe|1
|
|-weather|Sandstorm|[upkeep]
|-damage|p2a: Breloom|88/100|[from] Sandstorm
|-damage|p1a: Celebi|58/100|[from] Sandstorm
|-heal|p1a: Celebi|64/100|[from] item: Leftovers
|upkeep
|turn|12
|
|t:|1708224837
|switch|p2a: Scizor|Scizor, F|100/100
|-damage|p2a: Scizor|88/100|[from] Stealth Rock
|switch|p1a: Keldeo|Keldeo|100/100
|-damage|p1a: Keldeo|94/100|[from] Stealth Rock
|
|-weather|Sandstorm|[upkeep]
|-damage|p1a: Keldeo|88/100|[from] Sandstorm
|-heal|p1a: Keldeo|94/100|[from] item: Leftovers
|upkeep
|turn|13
|
|t:|1708224854
|move|p1a: Keldeo|Scald|p2a: Scizor
|-damage|p2a: Scizor|29/100
|move|p2a: Scizor|Swords Dance|p2a: Scizor
|-boost|p2a: Scizor|atk|2
|
|-weather|Sandstorm|[upkeep]
|-damage|p1a: Keldeo|88/100|[from] Sandstorm
|-heal|p1a: Keldeo|94/100|[from] item: Leftovers
|upkeep
|turn|14
|
|t:|1708224857
|move|p2a: Scizor|Quick Attack|p1a: Keldeo
|-damage|p1a: Keldeo|32/100
|-damage|p2a: Scizor|19/100|[from] item: Life Orb
|move|p1a: Keldeo|Scald|p2a: Scizor
|-crit|p2a: Scizor
|-damage|p2a: Scizor|0 fnt
|faint|p2a: Scizor
|
|-weather|Sandstorm|[upkeep]
|-damage|p1a: Keldeo|26/100|[from] Sandstorm
|-heal|p1a: Keldeo|32/100|[from] item: Leftovers
|upkeep
|
|t:|1708224882
|switch|p2a: Terrakion|Terrakion|84/100
|-damage|p2a: Terrakion|78/100|[from] Stealth Rock
|turn|15
|
|t:|1708224900
|move|p1a: Keldeo|Secret Sword|p2a: Terrakion
|-supereffective|p2a: Terrakion
|-damage|p2a: Terrakion|0 fnt
|faint|p2a: Terrakion
|
|-weather|Sandstorm|[upkeep]
|-damage|p1a: Keldeo|26/100|[from] Sandstorm
|-heal|p1a: Keldeo|32/100|[from] item: Leftovers
|upkeep
|c|☆Lsc29|Had to go dor that
|c|☆Lsc29|Was ovwr
|c|☆Lsc29|Over
|c|☆Lsc29|The damn ice beam tar lead
|
|t:|1708224931
|switch|p2a: Dragonite|Dragonite, M|100/100
|-damage|p2a: Dragonite|76/100|[from] Stealth Rock
|turn|16
|
|t:|1708224936
|switch|p1a: Skarmory|Skarmory, M|100/100
|-damage|p1a: Skarmory|88/100|[from] Stealth Rock
|move|p2a: Dragonite|Dragon Dance|p2a: Dragonite
|-boost|p2a: Dragonite|atk|1
|-boost|p2a: Dragonite|spe|1
|
|-weather|Sandstorm|[upkeep]
|-damage|p2a: Dragonite|70/100|[from] Sandstorm
|-heal|p1a: Skarmory|94/100|[from] item: Leftovers
|upkeep
|turn|17
|
|t:|1708224938
|move|p2a: Dragonite|Fire Punch|p1a: Skarmory
|-supereffective|p1a: Skarmory
|-damage|p1a: Skarmory|24/100
|move|p1a: Skarmory|Whirlwind|p2a: Dragonite
|drag|p2a: Breloom|Breloom, F|88/100
|-damage|p2a: Breloom|82/100|[from] Stealth Rock
|
|-weather|Sandstorm|[upkeep]
|-damage|p2a: Breloom|76/100|[from] Sandstorm
|-heal|p1a: Skarmory|30/100|[from] item: Leftovers
|upkeep
|turn|18
|
|t:|1708224944
|move|p2a: Breloom|Swords Dance|p2a: Breloom
|-boost|p2a: Breloom|atk|2
|move|p1a: Skarmory|Brave Bird|p2a: Breloom
|-supereffective|p2a: Breloom
|-damage|p2a: Breloom|0 fnt
|faint|p2a: Breloom
|-damage|p1a: Skarmory|10/100|[from] Recoil
|
|-weather|Sandstorm|[upkeep]
|-heal|p1a: Skarmory|16/100|[from] item: Leftovers
|upkeep
|
|t:|1708224946
|switch|p2a: Garchomp|Garchomp, M|1/100
|-damage|p2a: Garchomp|0 fnt|[from] Stealth Rock
|faint|p2a: Garchomp
|
|t:|1708224947
|switch|p2a: Dragonite|Dragonite, M|70/100
|-damage|p2a: Dragonite|45/100|[from] Stealth Rock
|turn|19
|
|t:|1708224949
|move|p2a: Dragonite|Dragon Dance|p2a: Dragonite
|-boost|p2a: Dragonite|atk|1
|-boost|p2a: Dragonite|spe|1
|move|p1a: Skarmory|Brave Bird|p2a: Dragonite
|-damage|p2a: Dragonite|5/100
|-damage|p1a: Skarmory|3/100|[from] Recoil
|
|-weather|Sandstorm|[upkeep]
|-damage|p2a: Dragonite|0 fnt|[from] Sandstorm
|faint|p2a: Dragonite
|
|win|NewTars
|upkeep
|raw|NewTars's rating: 1508 &rarr; <strong>1529</strong><br />(+21 for winning)
|raw|Lsc29's rating: 1518 &rarr; <strong>1497</strong><br />(-21 for losing)
|c|☆NewTars|gg
|l|☆Lsc29
|player|p2|
