|j|☆Crowned Crystals ♔
|j|☆thooooori
|t:|1742752329
|gametype|singles
|player|p1|Crowned Crystals ♔|102|1575
|player|p2|thooooori|alder|1551
|teamsize|p1|6
|teamsize|p2|6
|gen|5
|tier|[Gen 5] OU
|rated|
|rule|Species Clause: Limit one of each Pokémon
|rule|OHKO Clause: OHKO moves are banned
|rule|Moody Clause: Moody is banned
|rule|Evasion Items Clause: Evasion items are banned
|rule|Evasion Moves Clause: Evasion moves are banned
|rule|Endless Battle Clause: Forcing endless battles is banned
|rule|HP Percentage Mod: HP is shown in percentages
|rule|Evasion Abilities Clause: Evasion abilities are banned
|rule|Sleep Moves Clause: Sleep-inducing moves are banned
|rule|Swagger Clause: Swagger is banned
|rule|Baton Pass Stat Clause: No Baton Passer may have a way to boost its stats
|clearpoke
|poke|p1|Politoed, F|item
|poke|p1|Jirachi|item
|poke|p1|Starmie|item
|poke|p1|Ferrothorn, F|item
|poke|p1|Thundurus-Therian, M|item
|poke|p1|Keldeo|item
|poke|p2|Politoed, M|item
|poke|p2|Keldeo|item
|poke|p2|Breloom, M|item
|poke|p2|Metagross|item
|poke|p2|Scizor, M|item
|poke|p2|Azumarill, M|item
|teampreview
|inactive|Battle timer is ON: inactive players will automatically lose when time's up. (requested by Crowned Crystals ♔)
|inactive|thooooori has 120 seconds left.
|
|t:|1742752366
|start
|switch|p1a: Thundurus|Thundurus-Therian, M|100/100
|switch|p2a: Keldeo|Keldeo|100/100
|turn|1
|
|t:|1742752374
|switch|p1a: Ferrothorn|Ferrothorn, F, shiny|100/100
|move|p2a: Keldeo|Hydro Pump|p1a: Ferrothorn
|-resisted|p1a: Ferrothorn
|-damage|p1a: Ferrothorn|63/100
|
|upkeep
|turn|2
|
|t:|1742752386
|switch|p2a: Breloom|Breloom, M|100/100
|move|p1a: Ferrothorn|Gyro Ball|p2a: Breloom
|-damage|p2a: Breloom|26/100
|
|upkeep
|turn|3
|
|t:|1742752394
|switch|p1a: Politoed|Politoed, F, shiny|100/100
|-weather|RainDance|[from] ability: Drizzle|[of] p1a: Politoed
|move|p2a: Breloom|Low Sweep|p1a: Politoed
|-damage|p1a: Politoed|32/100
|-unboost|p1a: Politoed|spe|1
|-enditem|p1a: Politoed|Eject Button
|
|t:|1742752399
|switch|p1a: Thundurus|Thundurus-Therian, M|100/100
|
|-weather|RainDance|[upkeep]
|upkeep
|turn|4
|
|t:|1742752407
|switch|p2a: Metagross|Metagross|100/100
|move|p1a: Thundurus|Thunder|p2a: Metagross
|-damage|p2a: Metagross|43/100
|
|-weather|RainDance|[upkeep]
|upkeep
|turn|5
|
|t:|1742752414
|move|p1a: Thundurus|Thunder|p2a: Metagross
|-damage|p2a: Metagross|0 fnt
|faint|p2a: Metagross
|
|-weather|RainDance|[upkeep]
|upkeep
|
|t:|1742752421
|switch|p2a: Keldeo|Keldeo|100/100
|turn|6
|
|t:|1742752426
|switch|p1a: Politoed|Politoed, F, shiny|32/100
|move|p2a: Keldeo|Surf|p1a: Politoed
|-resisted|p1a: Politoed
|-damage|p1a: Politoed|0 fnt
|faint|p1a: Politoed
|
|-weather|RainDance|[upkeep]
|upkeep
|
|t:|1742752431
|switch|p1a: Starmie|Starmie, shiny|100/100
|turn|7
|
|t:|1742752441
|switch|p2a: Politoed|Politoed, M|100/100
|move|p1a: Starmie|Thunder|p2a: Politoed
|-supereffective|p2a: Politoed
|-damage|p2a: Politoed|0 fnt
|faint|p2a: Politoed
|
|-weather|RainDance|[upkeep]
|upkeep
|
|t:|1742752449
|switch|p2a: Scizor|Scizor, M|100/100
|turn|8
|
|t:|1742752461
|switch|p1a: Thundurus|Thundurus-Therian, M|100/100
|move|p2a: Scizor|U-turn|p1a: Thundurus
|-resisted|p1a: Thundurus
|-damage|p1a: Thundurus|75/100
|
|t:|1742752468
|switch|p2a: Keldeo|Keldeo|100/100|[from] U-turn
|
|-weather|RainDance|[upkeep]
|upkeep
|turn|9
|
|t:|1742752484
|switch|p1a: Ferrothorn|Ferrothorn, F, shiny|63/100
|move|p2a: Keldeo|Surf|p1a: Ferrothorn
|-resisted|p1a: Ferrothorn
|-damage|p1a: Ferrothorn|23/100
|
|-weather|RainDance|[upkeep]
|upkeep
|turn|10
|
|t:|1742752490
|move|p2a: Keldeo|Surf|p1a: Ferrothorn
|-resisted|p1a: Ferrothorn
|-damage|p1a: Ferrothorn|0 fnt
|faint|p1a: Ferrothorn
|
|-weather|RainDance|[upkeep]
|upkeep
|
|t:|1742752494
|switch|p1a: Starmie|Starmie, shiny|100/100
|turn|11
|
|t:|1742752504
|move|p1a: Starmie|Thunder|p2a: Keldeo
|-supereffective|p2a: Keldeo
|-damage|p2a: Keldeo|0 fnt
|faint|p2a: Keldeo
|
|-weather|RainDance|[upkeep]
|upkeep
|
|t:|1742752510
|switch|p2a: Scizor|Scizor, M|100/100
|turn|12
|
|t:|1742752513
|move|p2a: Scizor|U-turn|p1a: Starmie
|-supereffective|p1a: Starmie
|-damage|p1a: Starmie|0 fnt
|faint|p1a: Starmie
|
|t:|1742752523
|switch|p2a: Breloom|Breloom, M|26/100|[from] U-turn
|
|-weather|RainDance|[upkeep]
|upkeep
|
|t:|1742752529
|switch|p1a: Thundurus|Thundurus-Therian, M|75/100
|turn|13
|
|t:|1742752533
|move|p2a: Breloom|Mach Punch|p1a: Thundurus
|-resisted|p1a: Thundurus
|-damage|p1a: Thundurus|39/100
|move|p1a: Thundurus|Thunder|p2a: Breloom
|-resisted|p2a: Breloom
|-damage|p2a: Breloom|0 fnt
|faint|p2a: Breloom
|
|-weather|RainDance|[upkeep]
|upkeep
|
|t:|1742752541
|switch|p2a: Azumarill|Azumarill, M|100/100
|turn|14
|
|t:|1742752544
|move|p2a: Azumarill|Aqua Jet|p1a: Thundurus
|-damage|p1a: Thundurus|0 fnt
|faint|p1a: Thundurus
|
|-weather|RainDance|[upkeep]
|upkeep
|
|t:|1742752547
|switch|p1a: Jirachi|Jirachi, shiny|100/100
|turn|15
|
|t:|1742752551
|move|p2a: Azumarill|Aqua Jet|p1a: Jirachi
|-damage|p1a: Jirachi|41/100
|move|p1a: Jirachi|Thunder|p2a: Azumarill
|-supereffective|p2a: Azumarill
|-damage|p2a: Azumarill|40/100
|
|-weather|RainDance|[upkeep]
|upkeep
|turn|16
|
|t:|1742752558
|move|p2a: Azumarill|Aqua Jet|p1a: Jirachi
|-damage|p1a: Jirachi|0 fnt
|faint|p1a: Jirachi
|
|-weather|RainDance|[upkeep]
|upkeep
|
|t:|1742752566
|switch|p1a: Keldeo|Keldeo|100/100
|turn|17
|
|t:|1742752575
|move|p2a: Azumarill|Aqua Jet|p1a: Keldeo
|-resisted|p1a: Keldeo
|-damage|p1a: Keldeo|66/100
|move|p1a: Keldeo|Hydro Pump|p2a: Azumarill
|-resisted|p2a: Azumarill
|-crit|p2a: Azumarill
|-damage|p2a: Azumarill|0 fnt
|faint|p2a: Azumarill
|
|-weather|RainDance|[upkeep]
|upkeep
|c|☆thooooori|ggwp
|
|t:|1742752583
|switch|p2a: Scizor|Scizor, M|100/100
|turn|18
|
|t:|1742752587
|move|p1a: Keldeo|Hydro Pump|p2a: Scizor
|-crit|p2a: Scizor
|-damage|p2a: Scizor|0 fnt
|faint|p2a: Scizor
|
|win|Crowned Crystals ♔
|raw|Crowned Crystals ♔'s rating: 1575 &rarr; <strong>1594</strong><br />(+19 for winning)
|raw|thooooori's rating: 1551 &rarr; <strong>1532</strong><br />(-19 for losing)
|l|☆thooooori
|player|p2|
|c|☆Crowned Crystals ♔|/log Crowned Crystals ♔ made this room public.
