|j|☆HydreigonSpammer
|j|☆UssopReturns
|t:|1734905252
|gametype|singles
|player|p1|HydreigonSpammer|janitor|1393
|player|p2|UssopReturns|266|1348
|teamsize|p1|6
|teamsize|p2|6
|gen|5
|tier|[Gen 5] OU
|rated|
|rule|Species Clause: Limit one of each Pokémon
|rule|OHKO Clause: OHKO moves are banned
|rule|Moody Clause: Moody is banned
|rule|Evasion Items Clause: Evasion items are banned
|rule|Evasion Moves Clause: Evasion moves are banned
|rule|Endless Battle Clause: Forcing endless battles is banned
|rule|HP Percentage Mod: HP is shown in percentages
|rule|Evasion Abilities Clause: Evasion abilities are banned
|rule|Sleep Moves Clause: Sleep-inducing moves are banned
|rule|Swagger Clause: Swagger is banned
|rule|Baton Pass Stat Clause: No Baton Passer may have a way to boost its stats
|clearpoke
|poke|p1|Tyranitar, M|item
|poke|p1|Hydreigon, F|item
|poke|p1|Latios, M|item
|poke|p1|Alakazam, F|item
|poke|p1|Heatran, M|item
|poke|p1|Keldeo|item
|poke|p2|Politoed, M|item
|poke|p2|Tentacruel, F|item
|poke|p2|Keldeo|item
|poke|p2|Volcarona, F|item
|poke|p2|Rotom-Wash|item
|poke|p2|Jirachi|item
|teampreview
|
|t:|1734905268
|start
|switch|p1a: Hydreigon|Hydreigon, F, shiny|100/100
|switch|p2a: Dishwasher 2.0|Rotom-Wash|100/100
|turn|1
|
|t:|1734905278
|switch|p2a: IAINTREADINGALLAT|Jirachi|100/100
|move|p1a: Hydreigon|Dark Pulse|p2a: IAINTREADINGALLAT
|-damage|p2a: IAINTREADINGALLAT|42/100
|
|-heal|p2a: IAINTREADINGALLAT|48/100|[from] item: Leftovers
|upkeep
|turn|2
|
|t:|1734905287
|switch|p2a: FirstShiny|Tentacruel, F|100/100
|move|p1a: Hydreigon|Dark Pulse|p2a: FirstShiny
|-damage|p2a: FirstShiny|49/100
|
|-heal|p2a: FirstShiny|55/100|[from] item: Black Sludge
|upkeep
|turn|3
|
|t:|1734905294
|move|p2a: FirstShiny|Protect|p2a: FirstShiny
|-singleturn|p2a: FirstShiny|Protect
|move|p1a: Hydreigon|Dark Pulse|p2a: FirstShiny
|-activate|p2a: FirstShiny|move: Protect
|
|-heal|p2a: FirstShiny|61/100|[from] item: Black Sludge
|upkeep
|turn|4
|
|t:|1734905297
|move|p2a: FirstShiny|Toxic|p1a: Hydreigon
|-status|p1a: Hydreigon|tox
|move|p1a: Hydreigon|Dark Pulse|p2a: FirstShiny
|-damage|p2a: FirstShiny|7/100
|
|-heal|p2a: FirstShiny|13/100|[from] item: Black Sludge
|-damage|p1a: Hydreigon|94/100 tox|[from] psn
|upkeep
|turn|5
|
|t:|1734905302
|switch|p1a: Tyranitar|Tyranitar, M|100/100
|-weather|Sandstorm|[from] ability: Sand Stream|[of] p1a: Tyranitar
|move|p2a: FirstShiny|Protect||[still]
|-fail|p2a: FirstShiny
|
|-weather|Sandstorm|[upkeep]
|-damage|p2a: FirstShiny|7/100|[from] Sandstorm
|-heal|p2a: FirstShiny|13/100|[from] item: Black Sludge
|upkeep
|turn|6
|
|t:|1734905306
|move|p2a: FirstShiny|Protect|p2a: FirstShiny
|-singleturn|p2a: FirstShiny|Protect
|move|p1a: Tyranitar|Pursuit|p2a: FirstShiny
|-activate|p2a: FirstShiny|move: Protect
|
|-weather|Sandstorm|[upkeep]
|-damage|p2a: FirstShiny|7/100|[from] Sandstorm
|-heal|p2a: FirstShiny|13/100|[from] item: Black Sludge
|upkeep
|turn|7
|
|t:|1734905309
|move|p1a: Tyranitar|Pursuit|p2a: FirstShiny
|-damage|p2a: FirstShiny|0 fnt
|faint|p2a: FirstShiny
|
|-weather|Sandstorm|[upkeep]
|upkeep
|
|t:|1734905315
|switch|p2a: Simp4Lily|Politoed, M, shiny|100/100
|-weather|RainDance|[from] ability: Drizzle|[of] p2a: Simp4Lily
|turn|8
|
|t:|1734905341
|switch|p1a: Heatran|Heatran, M|100/100
|switch|p2a: ShitmonSweeper|Keldeo|100/100
|
|-weather|RainDance|[upkeep]
|upkeep
|turn|9
|
|t:|1734905363
|move|p1a: Heatran|Protect|p1a: Heatran
|-singleturn|p1a: Heatran|Protect
|move|p2a: ShitmonSweeper|Hydro Pump|p1a: Heatran
|-activate|p1a: Heatran|move: Protect
|
|-weather|RainDance|[upkeep]
|upkeep
|turn|10
|
|t:|1734905373
|move|p2a: ShitmonSweeper|Hydro Pump|p1a: Heatran
|-supereffective|p1a: Heatran
|-damage|p1a: Heatran|0 fnt
|faint|p1a: Heatran
|
|-weather|RainDance|[upkeep]
|upkeep
|inactive|Battle timer is ON: inactive players will automatically lose when time's up. (requested by UssopReturns)
|
|t:|1734905385
|switch|p1a: Alakazam|Alakazam, F|100/100
|turn|11
|inactive|HydreigonSpammer has 120 seconds left.
|
|t:|1734905417
|switch|p2a: IAINTREADINGALLAT|Jirachi|48/100
|move|p1a: Alakazam|Psyshock|p2a: IAINTREADINGALLAT
|-resisted|p2a: IAINTREADINGALLAT
|-damage|p2a: IAINTREADINGALLAT|40/100
|
|-weather|RainDance|[upkeep]
|-heal|p2a: IAINTREADINGALLAT|47/100|[from] item: Leftovers
|upkeep
|turn|12
|inactive|HydreigonSpammer has 120 seconds left.
|
|t:|1734905434
|switch|p1a: Tyranitar|Tyranitar, M|100/100
|-weather|Sandstorm|[from] ability: Sand Stream|[of] p1a: Tyranitar
|move|p2a: IAINTREADINGALLAT|Thunder|p1a: Tyranitar
|-damage|p1a: Tyranitar|83/100
|-status|p1a: Tyranitar|par
|
|-weather|Sandstorm|[upkeep]
|-heal|p2a: IAINTREADINGALLAT|53/100|[from] item: Leftovers
|upkeep
|turn|13
|inactive|HydreigonSpammer has 120 seconds left.
|
|t:|1734905449
|switch|p2a: Simp4Lily|Politoed, M, shiny|100/100
|-weather|RainDance|[from] ability: Drizzle|[of] p2a: Simp4Lily
|switch|p1a: Keldeo|Keldeo|100/100
|
|-weather|RainDance|[upkeep]
|upkeep
|turn|14
|inactive|HydreigonSpammer has 120 seconds left.
|
|t:|1734905466
|switch|p2a: Dishwasher 2.0|Rotom-Wash|100/100
|move|p1a: Keldeo|Surf|p2a: Dishwasher 2.0
|-resisted|p2a: Dishwasher 2.0
|-damage|p2a: Dishwasher 2.0|30/100
|
|-weather|RainDance|[upkeep]
|upkeep
|turn|15
|inactive|HydreigonSpammer has 120 seconds left.
|
|t:|1734905481
|switch|p1a: Tyranitar|Tyranitar, M|83/100 par
|-weather|Sandstorm|[from] ability: Sand Stream|[of] p1a: Tyranitar
|move|p2a: Dishwasher 2.0|Volt Switch|p1a: Tyranitar
|-crit|p1a: Tyranitar
|-damage|p1a: Tyranitar|39/100 par
|
|t:|1734905486
|switch|p2a: Simp4Lily|Politoed, M, shiny|100/100|[from] Volt Switch
|-weather|RainDance|[from] ability: Drizzle|[of] p2a: Simp4Lily
|
|-weather|RainDance|[upkeep]
|upkeep
|turn|16
|inactive|HydreigonSpammer has 120 seconds left.
|
|t:|1734905518
|switch|p2a: ShitmonSweeper|Keldeo|100/100
|switch|p1a: Hydreigon|Hydreigon, F, shiny|94/100 tox
|
|-weather|RainDance|[upkeep]
|-damage|p1a: Hydreigon|88/100 tox|[from] psn
|upkeep
|turn|17
|
|t:|1734905530
|switch|p1a: Latios|Latios, M|100/100
|move|p2a: ShitmonSweeper|Hydro Pump|p1a: Latios
|-resisted|p1a: Latios
|-damage|p1a: Latios|29/100
|
|-weather|RainDance|[upkeep]
|upkeep
|turn|18
|
|t:|1734905538
|switch|p2a: IAINTREADINGALLAT|Jirachi|53/100
|move|p1a: Latios|Psyshock|p2a: IAINTREADINGALLAT
|-resisted|p2a: IAINTREADINGALLAT
|-damage|p2a: IAINTREADINGALLAT|45/100
|
|-weather|RainDance|[upkeep]
|-heal|p2a: IAINTREADINGALLAT|51/100|[from] item: Leftovers
|upkeep
|turn|19
|inactive|HydreigonSpammer has 90 seconds left.
|
|t:|1734905564
|switch|p1a: Hydreigon|Hydreigon, F, shiny|88/100 tox
|move|p2a: IAINTREADINGALLAT|Substitute|p2a: IAINTREADINGALLAT
|-start|p2a: IAINTREADINGALLAT|Substitute
|-damage|p2a: IAINTREADINGALLAT|26/100
|
|-weather|RainDance|[upkeep]
|-heal|p2a: IAINTREADINGALLAT|33/100|[from] item: Leftovers
|-damage|p1a: Hydreigon|82/100 tox|[from] psn
|upkeep
|turn|20
|
|t:|1734905574
|move|p2a: IAINTREADINGALLAT|Hidden Power|p1a: Hydreigon
|-supereffective|p1a: Hydreigon
|-damage|p1a: Hydreigon|45/100 tox
|move|p1a: Hydreigon|Dark Pulse|p2a: IAINTREADINGALLAT
|-end|p2a: IAINTREADINGALLAT|Substitute
|
|-weather|RainDance|[upkeep]
|-heal|p2a: IAINTREADINGALLAT|39/100|[from] item: Leftovers
|-damage|p1a: Hydreigon|33/100 tox|[from] psn
|upkeep
|turn|21
|
|t:|1734905589
|switch|p2a: ShitmonSweeper|Keldeo|100/100
|move|p1a: Hydreigon|Dark Pulse|p2a: ShitmonSweeper
|-resisted|p2a: ShitmonSweeper
|-damage|p2a: ShitmonSweeper|60/100
|-ability|p2a: ShitmonSweeper|Justified|boost
|-boost|p2a: ShitmonSweeper|atk|1
|
|-weather|RainDance|[upkeep]
|-damage|p1a: Hydreigon|14/100 tox|[from] psn
|upkeep
|turn|22
|inactive|HydreigonSpammer has 90 seconds left.
|inactive|UssopReturns has 120 seconds left.
|
|t:|1734905622
|move|p2a: ShitmonSweeper|Secret Sword|p1a: Hydreigon
|-supereffective|p1a: Hydreigon
|-damage|p1a: Hydreigon|0 fnt
|faint|p1a: Hydreigon
|
|-weather|RainDance|[upkeep]
|upkeep
|
|t:|1734905629
|switch|p1a: Alakazam|Alakazam, F|100/100
|turn|23
|
|t:|1734905635
|switch|p1a: Keldeo|Keldeo|100/100
|switch|p2a: IAINTREADINGALLAT|Jirachi|39/100
|
|-weather|RainDance|[upkeep]
|-heal|p2a: IAINTREADINGALLAT|45/100|[from] item: Leftovers
|upkeep
|turn|24
|inactive|HydreigonSpammer has 90 seconds left.
|
|t:|1734905642
|move|p1a: Keldeo|Surf|p2a: IAINTREADINGALLAT
|-damage|p2a: IAINTREADINGALLAT|0 fnt
|faint|p2a: IAINTREADINGALLAT
|
|-weather|RainDance|[upkeep]
|upkeep
|
|t:|1734905649
|switch|p2a: Dishwasher 2.0|Rotom-Wash|30/100
|turn|25
|
|t:|1734905662
|switch|p1a: Tyranitar|Tyranitar, M|39/100 par
|-weather|Sandstorm|[from] ability: Sand Stream|[of] p1a: Tyranitar
|move|p2a: Dishwasher 2.0|Volt Switch|p1a: Tyranitar
|-damage|p1a: Tyranitar|19/100 par
|
|t:|1734905670
|switch|p2a: Simp4Lily|Politoed, M, shiny|100/100|[from] Volt Switch
|-weather|RainDance|[from] ability: Drizzle|[of] p2a: Simp4Lily
|
|-weather|RainDance|[upkeep]
|upkeep
|turn|26
|inactive|HydreigonSpammer has 90 seconds left.
|
|t:|1734905695
|move|p2a: Simp4Lily|Scald|p1a: Tyranitar
|-supereffective|p1a: Tyranitar
|-damage|p1a: Tyranitar|0 fnt
|faint|p1a: Tyranitar
|
|-weather|RainDance|[upkeep]
|upkeep
|
|t:|1734905698
|switch|p1a: Keldeo|Keldeo|100/100
|turn|27
|inactive|HydreigonSpammer has 90 seconds left.
|
|t:|1734905720
|move|p1a: Keldeo|Surf|p2a: Simp4Lily
|-resisted|p2a: Simp4Lily
|-damage|p2a: Simp4Lily|51/100
|move|p2a: Simp4Lily|Scald|p1a: Keldeo
|-resisted|p1a: Keldeo
|-crit|p1a: Keldeo
|-damage|p1a: Keldeo|57/100
|
|-weather|RainDance|[upkeep]
|-heal|p2a: Simp4Lily|58/100|[from] item: Leftovers
|upkeep
|turn|28
|
|t:|1734905729
|move|p2a: Simp4Lily|Protect|p2a: Simp4Lily
|-singleturn|p2a: Simp4Lily|Protect
|move|p1a: Keldeo|Surf|p2a: Simp4Lily
|-activate|p2a: Simp4Lily|move: Protect
|
|-weather|RainDance|[upkeep]
|-heal|p2a: Simp4Lily|64/100|[from] item: Leftovers
|upkeep
|turn|29
|
|t:|1734905731
|move|p1a: Keldeo|Surf|p2a: Simp4Lily
|-resisted|p2a: Simp4Lily
|-damage|p2a: Simp4Lily|17/100
|move|p2a: Simp4Lily|Scald|p1a: Keldeo
|-resisted|p1a: Keldeo
|-damage|p1a: Keldeo|35/100
|-status|p1a: Keldeo|brn
|
|-weather|RainDance|[upkeep]
|-heal|p2a: Simp4Lily|23/100|[from] item: Leftovers
|-damage|p1a: Keldeo|22/100 brn|[from] brn
|upkeep
|turn|30
|
|t:|1734905744
|switch|p1a: Alakazam|Alakazam, F|100/100
|move|p2a: Simp4Lily|Protect||[still]
|-fail|p2a: Simp4Lily
|
|-weather|RainDance|[upkeep]
|-heal|p2a: Simp4Lily|29/100|[from] item: Leftovers
|upkeep
|turn|31
|
|t:|1734905747
|move|p1a: Alakazam|Psyshock|p2a: Simp4Lily
|-damage|p2a: Simp4Lily|0 fnt
|faint|p2a: Simp4Lily
|
|-weather|RainDance|[upkeep]
|upkeep
|inactive|UssopReturns has 120 seconds left.
|
|t:|1734905789
|switch|p2a: RagingObesity|Volcarona, F|100/100
|turn|32
|
|t:|1734905804
|move|p1a: Alakazam|Psyshock|p2a: RagingObesity
|-damage|p2a: RagingObesity|29/100
|move|p2a: RagingObesity|Quiver Dance|p2a: RagingObesity
|-boost|p2a: RagingObesity|spa|1
|-boost|p2a: RagingObesity|spd|1
|-boost|p2a: RagingObesity|spe|1
|
|-weather|RainDance|[upkeep]
|upkeep
|turn|33
|inactive|UssopReturns has 90 seconds left.
|inactive|UssopReturns has 60 seconds left.
|
|t:|1734905889
|move|p2a: RagingObesity|Hurricane|p1a: Alakazam
|-enditem|p1a: Alakazam|Focus Sash
|-damage|p1a: Alakazam|1/100
|move|p1a: Alakazam|Psyshock|p2a: RagingObesity
|-damage|p2a: RagingObesity|0 fnt
|faint|p2a: RagingObesity
|
|-weather|RainDance|[upkeep]
|upkeep
|
|t:|1734905896
|switch|p2a: Dishwasher 2.0|Rotom-Wash|30/100
|turn|34
|
|t:|1734905918
|move|p2a: Dishwasher 2.0|Hydro Pump|p1a: Alakazam
|-damage|p1a: Alakazam|0 fnt
|faint|p1a: Alakazam
|
|-weather|RainDance|[upkeep]
|upkeep
|
|t:|1734905928
|switch|p1a: Latios|Latios, M|29/100
|turn|35
|inactive|HydreigonSpammer has 120 seconds left.
|
|t:|1734905945
|move|p1a: Latios|Dragon Pulse|p2a: Dishwasher 2.0
|-damage|p2a: Dishwasher 2.0|0 fnt
|faint|p2a: Dishwasher 2.0
|
|-weather|RainDance|[upkeep]
|upkeep
|
|t:|1734905948
|switch|p2a: ShitmonSweeper|Keldeo|60/100
|turn|36
|inactive|UssopReturns has 60 seconds left.
|inactive|UssopReturns has 30 seconds left.
|
|t:|1734905984
|switch|p1a: Keldeo|Keldeo|22/100 brn
|move|p2a: ShitmonSweeper|Secret Sword|p1a: Keldeo
|-damage|p1a: Keldeo|0 fnt
|faint|p1a: Keldeo
|
|-weather|RainDance|[upkeep]
|upkeep
|
|t:|1734905987
|switch|p1a: Latios|Latios, M|29/100
|turn|37
|
|t:|1734905989
|move|p1a: Latios|Psyshock|p2a: ShitmonSweeper
|-supereffective|p2a: ShitmonSweeper
|-damage|p2a: ShitmonSweeper|0 fnt
|faint|p2a: ShitmonSweeper
|
|win|HydreigonSpammer
|raw|HydreigonSpammer's rating: 1393 &rarr; <strong>1410</strong><br />(+17 for winning)
|raw|UssopReturns's rating: 1348 &rarr; <strong>1331</strong><br />(-17 for losing)
