|j|☆steamrat
|j|☆xanatosss gambit
|t:|1748534057
|gametype|singles
|player|p1|steamrat|102|1450
|player|p2|xanatosss gambit|psychic-gen2|1632
|teamsize|p1|6
|teamsize|p2|6
|gen|5
|tier|[Gen 5] OU
|rated|
|rule|Species Clause: Limit one of each Pokémon
|rule|OHKO Clause: OHKO moves are banned
|rule|Moody Clause: Moody is banned
|rule|Evasion Items Clause: Evasion items are banned
|rule|Evasion Moves Clause: Evasion moves are banned
|rule|Endless Battle Clause: Forcing endless battles is banned
|rule|HP Percentage Mod: HP is shown in percentages
|rule|Evasion Abilities Clause: Evasion abilities are banned
|rule|Sleep Moves Clause: Sleep-inducing moves are banned
|rule|Swagger Clause: Swagger is banned
|rule|Baton Pass Stat Clause: No Baton Passer may have a way to boost its stats
|clearpoke
|poke|p1|Tyranitar, M|item
|poke|p1|Rotom-Wash|item
|poke|p1|Latios, M|item
|poke|p1|Ferrothorn, F|item
|poke|p1|Alakazam, M|item
|poke|p1|Landorus-Therian, M|item
|poke|p2|Skarmory, M|item
|poke|p2|Gengar, F|item
|poke|p2|Garchomp, M|item
|poke|p2|Jirachi|item
|poke|p2|Latios, M|item
|poke|p2|Lucario, F|item
|teampreview
|inactive|Battle timer is ON: inactive players will automatically lose when time's up. (requested by xanatosss gambit)
|inactive|xanatosss gambit has 120 seconds left.
|
|t:|1748534096
|start
|switch|p1a: Rotom|Rotom-Wash|100/100
|switch|p2a: Skarmory|Skarmory, M, shiny|100/100
|turn|1
|inactive|steamrat has 120 seconds left.
|
|t:|1748534130
|move|p1a: Rotom|Volt Switch|p2a: Skarmory
|-supereffective|p2a: Skarmory
|-ability|p2a: Skarmory|Sturdy
|-damage|p2a: Skarmory|1/100
|-enditem|p2a: Skarmory|Red Card|[of] p1a: Rotom
|drag|p1a: Ferrothorn|Ferrothorn, F|100/100
|move|p2a: Skarmory|Stealth Rock|p1a: Ferrothorn
|-sidestart|p1: steamrat|move: Stealth Rock
|
|upkeep
|turn|2
|
|t:|1748534143
|move|p2a: Skarmory|Taunt|p1a: Ferrothorn
|-start|p1a: Ferrothorn|move: Taunt
|move|p1a: Ferrothorn|Knock Off|p2a: Skarmory
|-resisted|p2a: Skarmory
|-damage|p2a: Skarmory|0 fnt
|faint|p2a: Skarmory
|
|upkeep
|
|t:|1748534150
|switch|p2a: Latios|Latios, M, shiny|100/100
|turn|3
|
|t:|1748534153
|move|p2a: Latios|Surf|p1a: Ferrothorn
|-resisted|p1a: Ferrothorn
|-damage|p1a: Ferrothorn|89/100
|move|p1a: Ferrothorn|Knock Off|p2a: Latios
|-supereffective|p2a: Latios
|-enditem|p2a: Latios|Colbur Berry|[eat]
|-enditem|p2a: Latios|Colbur Berry|[weaken]
|-damage|p2a: Latios|94/100
|
|-heal|p1a: Ferrothorn|95/100|[from] item: Leftovers
|upkeep
|turn|4
|
|t:|1748534157
|move|p2a: Latios|Hidden Power|p1a: Ferrothorn
|-supereffective|p1a: Ferrothorn
|-damage|p1a: Ferrothorn|20/100
|move|p1a: Ferrothorn|Knock Off|p2a: Latios
|-supereffective|p2a: Latios
|-damage|p2a: Latios|82/100
|
|-heal|p1a: Ferrothorn|26/100|[from] item: Leftovers
|-end|p1a: Ferrothorn|move: Taunt
|upkeep
|turn|5
|
|t:|1748534162
|switch|p1a: Tyranitar|Tyranitar, M|100/100
|-damage|p1a: Tyranitar|88/100|[from] Stealth Rock
|-weather|Sandstorm|[from] ability: Sand Stream|[of] p1a: Tyranitar
|move|p2a: Latios|Hidden Power|p1a: Tyranitar
|-resisted|p1a: Tyranitar
|-damage|p1a: Tyranitar|83/100
|
|-weather|Sandstorm|[upkeep]
|-damage|p2a: Latios|76/100|[from] Sandstorm
|upkeep
|turn|6
|
|t:|1748534165
|move|p2a: Latios|Surf|p1a: Tyranitar
|-supereffective|p1a: Tyranitar
|-damage|p1a: Tyranitar|55/100
|move|p1a: Tyranitar|Crunch|p2a: Latios
|-supereffective|p2a: Latios
|-damage|p2a: Latios|0 fnt
|faint|p2a: Latios
|
|-weather|Sandstorm|[upkeep]
|upkeep
|
|t:|1748534175
|switch|p2a: Garchomp|Garchomp, M, shiny|100/100
|turn|7
|
|t:|1748534179
|switch|p1a: Landorus|Landorus-Therian, M|100/100
|-damage|p1a: Landorus|88/100|[from] Stealth Rock
|-ability|p1a: Landorus|Intimidate|boost
|-unboost|p2a: Garchomp|atk|1
|move|p2a: Garchomp|Dragon Claw|p1a: Landorus
|-damage|p1a: Landorus|60/100
|
|-weather|Sandstorm|[upkeep]
|-heal|p1a: Landorus|66/100|[from] item: Leftovers
|upkeep
|turn|8
|
|t:|1748534184
|switch|p2a: Gengar|Gengar, F, shiny|100/100
|move|p1a: Landorus|Hidden Power|p2a: Gengar
|-damage|p2a: Gengar|74/100
|
|-weather|Sandstorm|[upkeep]
|-damage|p2a: Gengar|68/100|[from] Sandstorm
|-heal|p1a: Landorus|72/100|[from] item: Leftovers
|upkeep
|turn|9
|
|t:|1748534189
|switch|p1a: Ferrothorn|Ferrothorn, F|26/100
|-damage|p1a: Ferrothorn|20/100|[from] Stealth Rock
|move|p2a: Gengar|Shadow Ball|p1a: Ferrothorn
|-resisted|p1a: Ferrothorn
|-damage|p1a: Ferrothorn|4/100
|
|-weather|Sandstorm|[upkeep]
|-damage|p2a: Gengar|61/100|[from] Sandstorm
|-heal|p1a: Ferrothorn|10/100|[from] item: Leftovers
|upkeep
|turn|10
|
|t:|1748534192
|move|p2a: Gengar|Shadow Ball|p1a: Ferrothorn
|-resisted|p1a: Ferrothorn
|-damage|p1a: Ferrothorn|0 fnt
|faint|p1a: Ferrothorn
|
|-weather|Sandstorm|[upkeep]
|-damage|p2a: Gengar|55/100|[from] Sandstorm
|upkeep
|
|t:|1748534194
|switch|p1a: Tyranitar|Tyranitar, M|55/100
|-damage|p1a: Tyranitar|43/100|[from] Stealth Rock
|turn|11
|
|t:|1748534205
|move|p2a: Gengar|Shadow Ball|p1a: Tyranitar
|-resisted|p1a: Tyranitar
|-damage|p1a: Tyranitar|34/100
|move|p1a: Tyranitar|Pursuit|p2a: Gengar
|-supereffective|p2a: Gengar
|-crit|p2a: Gengar
|-damage|p2a: Gengar|0 fnt
|faint|p2a: Gengar
|
|-weather|Sandstorm|[upkeep]
|upkeep
|
|t:|1748534215
|switch|p2a: Garchomp|Garchomp, M, shiny|100/100
|turn|12
|
|t:|1748534219
|move|p2a: Garchomp|Substitute|p2a: Garchomp
|-start|p2a: Garchomp|Substitute
|-damage|p2a: Garchomp|76/100
|move|p1a: Tyranitar|Crunch|p2a: Garchomp
|-end|p2a: Garchomp|Substitute
|
|-weather|Sandstorm|[upkeep]
|upkeep
|turn|13
|
|t:|1748534224
|move|p2a: Garchomp|Substitute|p2a: Garchomp
|-start|p2a: Garchomp|Substitute
|-damage|p2a: Garchomp|51/100
|move|p1a: Tyranitar|Crunch|p2a: Garchomp
|-end|p2a: Garchomp|Substitute
|
|-weather|Sandstorm|[upkeep]
|upkeep
|turn|14
|
|t:|1748534228
|move|p2a: Garchomp|Swords Dance|p2a: Garchomp
|-boost|p2a: Garchomp|atk|2
|move|p1a: Tyranitar|Crunch|p2a: Garchomp
|-damage|p2a: Garchomp|13/100
|-damage|p1a: Tyranitar|21/100|[from] ability: Rough Skin|[of] p2a: Garchomp
|-enditem|p2a: Garchomp|Salac Berry|[eat]
|-boost|p2a: Garchomp|spe|1|[from] item: Salac Berry
|
|-weather|Sandstorm|[upkeep]
|upkeep
|turn|15
|
|t:|1748534233
|move|p2a: Garchomp|Dragon Claw|p1a: Tyranitar
|-damage|p1a: Tyranitar|0 fnt
|faint|p1a: Tyranitar
|
|-weather|Sandstorm|[upkeep]
|upkeep
|
|t:|1748534234
|switch|p1a: Landorus|Landorus-Therian, M|72/100
|-damage|p1a: Landorus|60/100|[from] Stealth Rock
|-ability|p1a: Landorus|Intimidate|boost
|-unboost|p2a: Garchomp|atk|1
|turn|16
|
|t:|1748534237
|move|p2a: Garchomp|Dragon Claw|p1a: Landorus
|-damage|p1a: Landorus|4/100
|move|p1a: Landorus|Hidden Power|p2a: Garchomp
|-supereffective|p2a: Garchomp
|-damage|p2a: Garchomp|0 fnt
|faint|p2a: Garchomp
|
|-weather|Sandstorm|[upkeep]
|-heal|p1a: Landorus|10/100|[from] item: Leftovers
|upkeep
|
|t:|1748534242
|switch|p2a: Jirachi|Jirachi, shiny|100/100
|turn|17
|
|t:|1748534245
|move|p2a: Jirachi|Hidden Power|p1a: Landorus
|-damage|p1a: Landorus|0 fnt
|faint|p1a: Landorus
|
|-weather|Sandstorm|[upkeep]
|upkeep
|
|t:|1748534266
|switch|p1a: Alakazam|Alakazam, M|100/100
|turn|18
|
|t:|1748534272
|move|p1a: Alakazam|Hidden Power|p2a: Jirachi
|-supereffective|p2a: Jirachi
|-damage|p2a: Jirachi|42/100
|move|p2a: Jirachi|Icy Wind|p1a: Alakazam
|-damage|p1a: Alakazam|78/100
|-unboost|p1a: Alakazam|spe|1
|
|-weather|Sandstorm|[upkeep]
|upkeep
|turn|19
|
|t:|1748534275
|move|p2a: Jirachi|Thunder|p1a: Alakazam
|-crit|p1a: Alakazam
|-damage|p1a: Alakazam|0 fnt
|faint|p1a: Alakazam
|
|-weather|Sandstorm|[upkeep]
|upkeep
|
|t:|1748534281
|switch|p1a: Rotom|Rotom-Wash|100/100
|-damage|p1a: Rotom|88/100|[from] Stealth Rock
|turn|20
|
|t:|1748534284
|move|p1a: Rotom|Hidden Power|p2a: Jirachi
|-supereffective|p2a: Jirachi
|-damage|p2a: Jirachi|0 fnt
|faint|p2a: Jirachi
|
|-weather|Sandstorm|[upkeep]
|-damage|p1a: Rotom|82/100|[from] Sandstorm
|upkeep
|
|t:|1748534287
|switch|p2a: Lucario|Lucario, F|100/100
|turn|21
|
|t:|1748534293
|move|p1a: Rotom|Hidden Power|p2a: Lucario
|-supereffective|p2a: Lucario
|-damage|p2a: Lucario|34/100
|move|p2a: Lucario|Swords Dance|p2a: Lucario
|-boost|p2a: Lucario|atk|2
|
|-weather|Sandstorm|[upkeep]
|-damage|p1a: Rotom|76/100|[from] Sandstorm
|upkeep
|turn|22
|
|t:|1748534296
|move|p2a: Lucario|Extreme Speed|p1a: Rotom
|-damage|p1a: Rotom|0 fnt
|faint|p1a: Rotom
|-damage|p2a: Lucario|24/100|[from] item: Life Orb
|
|-weather|Sandstorm|[upkeep]
|upkeep
|
|t:|1748534297
|switch|p1a: Latios|Latios, M|100/100
|-damage|p1a: Latios|88/100|[from] Stealth Rock
|turn|23
|
|t:|1748534299
|move|p2a: Lucario|Extreme Speed|p1a: Latios
|-damage|p1a: Latios|0 fnt
|faint|p1a: Latios
|-damage|p2a: Lucario|14/100|[from] item: Life Orb
|
|win|xanatosss gambit
|raw|steamrat's rating: 1450 &rarr; <strong>1440</strong><br />(-10 for losing)
|raw|xanatosss gambit's rating: 1632 &rarr; <strong>1642</strong><br />(+10 for winning)
|l|☆steamrat
|player|p1|
