|j|☆Kaiser Choulio
|j|☆refsunpersons
|player|p1|Kaiser Choulio|209
|player|p2|refsunpersons|123
|teamsize|p1|6
|teamsize|p2|6
|gametype|singles
|gen|5
|tier|[Gen 5] OU
|rated|
|rule|Sleep Clause Mod: Limit one foe put to sleep
|rule|Species Clause: Limit one of each Pokémon
|rule|OHKO Clause: OHKO moves are banned
|rule|Moody Clause: Moody is banned
|rule|Evasion Moves Clause: Evasion moves are banned
|rule|Endless Battle Clause: Forcing endless battles is banned
|rule|HP Percentage Mod: HP is shown in percentages
|rule|Evasion Abilities Clause: Evasion abilities are banned
|rule|Baton Pass Clause: Limit one Baton Passer, can't pass Spe and other stats simultaneously
|rule|Swagger Clause: Swagger is banned
|clearpoke
|poke|p1|Forretress, M|item
|poke|p1|Cloyster, M|item
|poke|p1|Ninetales, M|item
|poke|p1|Latios, M|item
|poke|p1|Gyarados, F|item
|poke|p1|Charizard, M|item
|poke|p2|Landorus-Therian, M|item
|poke|p2|Blissey, F|item
|poke|p2|Abomasnow, M|item
|poke|p2|Forretress, M|item
|poke|p2|Weavile, M|item
|poke|p2|Gothitelle, M|item
|teampreview
|inactive|Battle timer is ON: inactive players will automatically lose when time's up. (requested by Kaiser Choulio)
|c|☆refsunpersons|I highly doubt you're choolio
|
|start
|switch|p1a: Cloyster|Cloyster, M|100/100
|switch|p2a: KAIOH DORIAN|Abomasnow, M|100/100
|-weather|Hail|[from] ability: Snow Warning|[of] p2a: KAIOH DORIAN
|turn|1
|
|move|p1a: Cloyster|Shell Smash|p1a: Cloyster
|-unboost|p1a: Cloyster|def|1
|-unboost|p1a: Cloyster|spd|1
|-boost|p1a: Cloyster|atk|2
|-boost|p1a: Cloyster|spa|2
|-boost|p1a: Cloyster|spe|2
|move|p2a: KAIOH DORIAN|Wood Hammer|p1a: Cloyster
|-supereffective|p1a: Cloyster
|-enditem|p1a: Cloyster|Focus Sash
|-damage|p1a: Cloyster|1/100
|-damage|p2a: KAIOH DORIAN|79/100|[from] Recoil
|
|-weather|Hail|[upkeep]
|-heal|p2a: KAIOH DORIAN|85/100|[from] item: Leftovers
|upkeep
|turn|2
|
|move|p1a: Cloyster|Ice Shard|p2a: KAIOH DORIAN
|-damage|p2a: KAIOH DORIAN|40/100
|move|p2a: KAIOH DORIAN|Ice Shard|p1a: Cloyster
|-resisted|p1a: Cloyster
|-damage|p1a: Cloyster|0 fnt
|faint|p1a: Cloyster
|
|-weather|Hail|[upkeep]
|-heal|p2a: KAIOH DORIAN|46/100|[from] item: Leftovers
|upkeep
|
|switch|p1a: Ninetales|Ninetales, M|100/100
|-weather|SunnyDay|[from] ability: Drought|[of] p1a: Ninetales
|turn|3
|
|switch|p1a: Gyarados|Gyarados, F|100/100
|switch|p2a: SPECK|Blissey, F|100/100
|
|-weather|SunnyDay|[upkeep]
|upkeep
|turn|4
|
|move|p1a: Gyarados|Dragon Dance|p1a: Gyarados
|-boost|p1a: Gyarados|atk|1
|-boost|p1a: Gyarados|spe|1
|move|p2a: SPECK|Stealth Rock|p1a: Gyarados
|-sidestart|p1: Kaiser Choulio|move: Stealth Rock
|
|-weather|SunnyDay|[upkeep]
|upkeep
|turn|5
|
|switch|p2a: KAIOH DORIAN|Abomasnow, M|46/100
|-weather|Hail|[from] ability: Snow Warning|[of] p2a: KAIOH DORIAN
|move|p1a: Gyarados|Dragon Dance|p1a: Gyarados
|-boost|p1a: Gyarados|atk|1
|-boost|p1a: Gyarados|spe|1
|
|-weather|Hail|[upkeep]
|-damage|p1a: Gyarados|94/100|[from] Hail
|-heal|p1a: Gyarados|100/100|[from] item: Leftovers
|-heal|p2a: KAIOH DORIAN|52/100|[from] item: Leftovers
|upkeep
|turn|6
|
|move|p1a: Gyarados|Fire Blast|p2a: KAIOH DORIAN|[miss]
|-miss|p1a: Gyarados|p2a: KAIOH DORIAN
|move|p2a: KAIOH DORIAN|Leech Seed|p1a: Gyarados
|-start|p1a: Gyarados|move: Leech Seed
|
|-weather|Hail|[upkeep]
|-damage|p1a: Gyarados|94/100|[from] Hail
|-heal|p1a: Gyarados|100/100|[from] item: Leftovers
|-heal|p2a: KAIOH DORIAN|58/100|[from] item: Leftovers
|-damage|p1a: Gyarados|88/100|[from] Leech Seed|[of] p2a: KAIOH DORIAN
|-heal|p2a: KAIOH DORIAN|71/100|[silent]
|upkeep
|turn|7
|inactive|refsunpersons has 120 seconds left.
|
|move|p2a: KAIOH DORIAN|Protect|p2a: KAIOH DORIAN
|-singleturn|p2a: KAIOH DORIAN|Protect
|move|p1a: Gyarados|Fire Blast|p2a: KAIOH DORIAN
|-activate|p2a: KAIOH DORIAN|move: Protect
|
|-weather|Hail|[upkeep]
|-damage|p1a: Gyarados|82/100|[from] Hail
|-heal|p1a: Gyarados|88/100|[from] item: Leftovers
|-heal|p2a: KAIOH DORIAN|77/100|[from] item: Leftovers
|-damage|p1a: Gyarados|76/100|[from] Leech Seed|[of] p2a: KAIOH DORIAN
|-heal|p2a: KAIOH DORIAN|90/100|[silent]
|upkeep
|turn|8
|
|switch|p2a: SPECK|Blissey, F|100/100
|move|p1a: Gyarados|Fire Blast|p2a: SPECK
|-damage|p2a: SPECK|95/100
|
|-weather|Hail|[upkeep]
|-damage|p1a: Gyarados|70/100|[from] Hail
|-damage|p2a: SPECK|89/100|[from] Hail
|-heal|p1a: Gyarados|76/100|[from] item: Leftovers
|-heal|p2a: SPECK|95/100|[from] item: Leftovers
|-damage|p1a: Gyarados|64/100|[from] Leech Seed|[of] p2a: SPECK
|-heal|p2a: SPECK|100/100|[silent]
|upkeep
|turn|9
|
|switch|p2a: KAIOH DORIAN|Abomasnow, M|90/100
|move|p1a: Gyarados|Waterfall|p2a: KAIOH DORIAN
|-resisted|p2a: KAIOH DORIAN
|-damage|p2a: KAIOH DORIAN|45/100
|
|-weather|Hail|[upkeep]
|-damage|p1a: Gyarados|58/100|[from] Hail
|-heal|p1a: Gyarados|64/100|[from] item: Leftovers
|-heal|p2a: KAIOH DORIAN|51/100|[from] item: Leftovers
|-damage|p1a: Gyarados|51/100|[from] Leech Seed|[of] p2a: KAIOH DORIAN
|-heal|p2a: KAIOH DORIAN|64/100|[silent]
|upkeep
|turn|10
|
|move|p2a: KAIOH DORIAN|Protect|p2a: KAIOH DORIAN
|-singleturn|p2a: KAIOH DORIAN|Protect
|move|p1a: Gyarados|Waterfall|p2a: KAIOH DORIAN
|-activate|p2a: KAIOH DORIAN|move: Protect
|
|-weather|Hail|[upkeep]
|-damage|p1a: Gyarados|45/100|[from] Hail
|-heal|p1a: Gyarados|51/100|[from] item: Leftovers
|-heal|p2a: KAIOH DORIAN|70/100|[from] item: Leftovers
|-damage|p1a: Gyarados|39/100|[from] Leech Seed|[of] p2a: KAIOH DORIAN
|-heal|p2a: KAIOH DORIAN|83/100|[silent]
|upkeep
|turn|11
|
|move|p2a: KAIOH DORIAN|Ice Shard|p1a: Gyarados
|-damage|p1a: Gyarados|17/100
|move|p1a: Gyarados|Waterfall|p2a: KAIOH DORIAN
|-resisted|p2a: KAIOH DORIAN
|-damage|p2a: KAIOH DORIAN|38/100
|
|-weather|Hail|[upkeep]
|-damage|p1a: Gyarados|11/100|[from] Hail
|-heal|p1a: Gyarados|17/100|[from] item: Leftovers
|-heal|p2a: KAIOH DORIAN|44/100|[from] item: Leftovers
|-damage|p1a: Gyarados|5/100|[from] Leech Seed|[of] p2a: KAIOH DORIAN
|-heal|p2a: KAIOH DORIAN|57/100|[silent]
|upkeep
|turn|12
|l|☆refsunpersons
|inactive|refsunpersons disconnected and has a minute to reconnect!
|player|p2|
|inactive|refsunpersons has 60 seconds to reconnect!
|j|☆refsunpersons
|inactive|refsunpersons reconnected and has 110 seconds left.
|player|p2|refsunpersons|123
|
|switch|p1a: Forretress|Forretress, M|100/100
|-damage|p1a: Forretress|88/100|[from] Stealth Rock
|move|p2a: KAIOH DORIAN|Ice Shard|p1a: Forretress
|-resisted|p1a: Forretress
|-damage|p1a: Forretress|81/100
|
|-weather|Hail|[upkeep]
|-damage|p1a: Forretress|75/100|[from] Hail
|-heal|p2a: KAIOH DORIAN|63/100|[from] item: Leftovers
|upkeep
|turn|13
|inactive|refsunpersons has 120 seconds left.
|
|switch|p2a: MISTER DOYLE|Gothitelle, M|100/100
|move|p1a: Forretress|Rapid Spin|p2a: MISTER DOYLE
|-damage|p2a: MISTER DOYLE|94/100
|-sideend|p1: Kaiser Choulio|Stealth Rock|[from] move: Rapid Spin|[of] p1a: Forretress
|
|-weather|Hail|[upkeep]
|-damage|p2a: MISTER DOYLE|88/100|[from] Hail
|-damage|p1a: Forretress|69/100|[from] Hail
|upkeep
|turn|14
|
|move|p2a: MISTER DOYLE|Hidden Power|p1a: Forretress
|-supereffective|p1a: Forretress
|-damage|p1a: Forretress|0 fnt
|faint|p1a: Forretress
|
|-weather|Hail|[upkeep]
|-damage|p2a: MISTER DOYLE|82/100|[from] Hail
|upkeep
|
|switch|p1a: Gyarados|Gyarados, F|5/100
|turn|15
|
|move|p2a: MISTER DOYLE|Hidden Power|p1a: Gyarados
|-resisted|p1a: Gyarados
|-damage|p1a: Gyarados|0 fnt
|faint|p1a: Gyarados
|
|-weather|Hail|[upkeep]
|-damage|p2a: MISTER DOYLE|75/100|[from] Hail
|upkeep
|
|switch|p1a: Ninetales|Ninetales, M|100/100
|-weather|SunnyDay|[from] ability: Drought|[of] p1a: Ninetales
|turn|16
|
|switch|p2a: SPECK|Blissey, F|100/100
|move|p1a: Ninetales|Flamethrower|p2a: SPECK
|-damage|p2a: SPECK|76/100
|-status|p2a: SPECK|brn
|-damage|p1a: Ninetales|91/100|[from] item: Life Orb
|
|-weather|SunnyDay|[upkeep]
|-heal|p2a: SPECK|82/100 brn|[from] item: Leftovers
|-damage|p2a: SPECK|70/100 brn|[from] brn
|upkeep
|turn|17
|
|move|p1a: Ninetales|Psyshock|p2a: SPECK
|-damage|p2a: SPECK|44/100 brn
|-damage|p1a: Ninetales|81/100|[from] item: Life Orb
|move|p2a: SPECK|Stealth Rock|p1a: Ninetales
|-sidestart|p1: Kaiser Choulio|move: Stealth Rock
|
|-weather|SunnyDay|[upkeep]
|-heal|p2a: SPECK|50/100 brn|[from] item: Leftovers
|-damage|p2a: SPECK|38/100 brn|[from] brn
|upkeep
|turn|18
|inactive|refsunpersons has 120 seconds left.
|
|move|p1a: Ninetales|Flamethrower|p2a: SPECK
|-damage|p2a: SPECK|13/100 brn
|-damage|p1a: Ninetales|71/100|[from] item: Life Orb
|move|p2a: SPECK|Soft-Boiled|p2a: SPECK
|-heal|p2a: SPECK|63/100 brn
|
|-weather|SunnyDay|[upkeep]
|-heal|p2a: SPECK|69/100 brn|[from] item: Leftovers
|-damage|p2a: SPECK|57/100 brn|[from] brn
|upkeep
|turn|19
|inactive|refsunpersons has 120 seconds left.
|
|move|p1a: Ninetales|Psyshock|p2a: SPECK
|-damage|p2a: SPECK|33/100 brn
|-damage|p1a: Ninetales|61/100|[from] item: Life Orb
|move|p2a: SPECK|Soft-Boiled|p2a: SPECK
|-heal|p2a: SPECK|83/100 brn
|
|-weather|SunnyDay|[upkeep]
|-heal|p2a: SPECK|90/100 brn|[from] item: Leftovers
|-damage|p2a: SPECK|77/100 brn|[from] brn
|upkeep
|turn|20
|c|☆Kaiser Choulio|God so boring
|-message|Kaiser Choulio forfeited.
|
|win|refsunpersons
|l|☆Kaiser Choulio
|raw|Kaiser Choulio's rating: 1339 &rarr; <strong>1317</strong><br />(-22 for losing)
|raw|refsunpersons's rating: 1296 &rarr; <strong>1324</strong><br />(+28 for winning)
