|j|☆1994hfll2018
|j|☆cinema staff fan
|t:|1742166560
|gametype|singles
|player|p1|1994hfll2018|265|1322
|player|p2|cinema staff fan|sordward-shielbert|1350
|teamsize|p1|6
|teamsize|p2|6
|gen|5
|tier|[Gen 5] OU
|rated|
|rule|Species Clause: Limit one of each Pokémon
|rule|OHKO Clause: OHKO moves are banned
|rule|Moody Clause: Moody is banned
|rule|Evasion Items Clause: Evasion items are banned
|rule|Evasion Moves Clause: Evasion moves are banned
|rule|Endless Battle Clause: Forcing endless battles is banned
|rule|HP Percentage Mod: HP is shown in percentages
|rule|Evasion Abilities Clause: Evasion abilities are banned
|rule|Sleep Moves Clause: Sleep-inducing moves are banned
|rule|Swagger Clause: Swagger is banned
|rule|Baton Pass Stat Clause: No Baton Passer may have a way to boost its stats
|clearpoke
|poke|p1|Hydreigon, M|item
|poke|p1|Kabutops, M|item
|poke|p1|Keldeo|item
|poke|p1|Escavalier, M|item
|poke|p1|Gliscor, M|item
|poke|p1|Samurott, M|item
|poke|p2|Politoed, M|item
|poke|p2|Tentacruel, M|item
|poke|p2|Thundurus-Therian, M|item
|poke|p2|Toxicroak, M|item
|poke|p2|Landorus-Therian, M|item
|poke|p2|Keldeo|item
|teampreview
|inactive|Battle timer is ON: inactive players will automatically lose when time's up. (requested by cinema staff fan)
|
|t:|1742166579
|start
|switch|p1a: Kabutops|Kabutops, M|100/100
|switch|p2a: Politoed|Politoed, M|100/100
|-weather|RainDance|[from] ability: Drizzle|[of] p2a: Politoed
|turn|1
|
|t:|1742166592
|move|p2a: Politoed|Scald|p1a: Kabutops
|-damage|p1a: Kabutops|30/100
|move|p1a: Kabutops|Stealth Rock|p2a: Politoed
|-sidestart|p2: cinema staff fan|move: Stealth Rock
|
|-weather|RainDance|[upkeep]
|upkeep
|turn|2
|
|t:|1742166598
|switch|p1a: Hydreigon|Hydreigon, M|100/100
|move|p2a: Politoed|Scald|p1a: Hydreigon
|-resisted|p1a: Hydreigon
|-damage|p1a: Hydreigon|78/100
|
|-weather|RainDance|[upkeep]
|upkeep
|turn|3
|
|t:|1742166605
|move|p2a: Politoed|Scald|p1a: Hydreigon
|-resisted|p1a: Hydreigon
|-damage|p1a: Hydreigon|56/100
|move|p1a: Hydreigon|Draco Meteor|p2a: Politoed
|-damage|p2a: Politoed|0 fnt
|-unboost|p1a: Hydreigon|spa|2
|faint|p2a: Politoed
|
|-weather|RainDance|[upkeep]
|upkeep
|
|t:|1742166612
|switch|p2a: Landorus|Landorus-Therian, M|100/100
|-damage|p2a: Landorus|88/100|[from] Stealth Rock
|-ability|p2a: Landorus|Intimidate|boost
|-unboost|p1a: Hydreigon|atk|1
|turn|4
|
|t:|1742166620
|switch|p1a: Gliscor|Gliscor, M|100/100
|move|p2a: Landorus|U-turn|p1a: Gliscor
|-resisted|p1a: Gliscor
|-damage|p1a: Gliscor|89/100
|
|t:|1742166627
|switch|p2a: Keldeo|Keldeo|100/100|[from] U-turn
|-damage|p2a: Keldeo|94/100|[from] Stealth Rock
|
|-weather|RainDance|[upkeep]
|-heal|p2a: Keldeo|100/100|[from] item: Leftovers
|-status|p1a: Gliscor|tox|[from] item: Toxic Orb
|upkeep
|turn|5
|inactive|1994hfll2018 has 120 seconds left.
|
|t:|1742166672
|switch|p1a: Kabutops|Kabutops, M|30/100
|move|p2a: Keldeo|Substitute|p2a: Keldeo
|-start|p2a: Keldeo|Substitute
|-damage|p2a: Keldeo|76/100
|
|-weather|RainDance|[upkeep]
|-heal|p2a: Keldeo|82/100|[from] item: Leftovers
|upkeep
|turn|6
|
|t:|1742166683
|move|p1a: Kabutops|Aqua Jet|p2a: Keldeo
|-resisted|p2a: Keldeo
|-activate|p2a: Keldeo|Substitute|[damage]
|move|p2a: Keldeo|Calm Mind|p2a: Keldeo
|-boost|p2a: Keldeo|spa|1
|-boost|p2a: Keldeo|spd|1
|
|-weather|RainDance|[upkeep]
|-heal|p2a: Keldeo|88/100|[from] item: Leftovers
|upkeep
|turn|7
|
|t:|1742166691
|move|p1a: Kabutops|Aqua Jet|p2a: Keldeo
|-resisted|p2a: Keldeo
|-end|p2a: Keldeo|Substitute
|move|p2a: Keldeo|Calm Mind|p2a: Keldeo
|-boost|p2a: Keldeo|spa|1
|-boost|p2a: Keldeo|spd|1
|
|-weather|RainDance|[upkeep]
|-heal|p2a: Keldeo|94/100|[from] item: Leftovers
|upkeep
|turn|8
|inactive|1994hfll2018 has 90 seconds left.
|c|☆cinema staff fan|gg
|
|t:|1742166725
|switch|p1a: Samurott|Samurott, M|100/100
|move|p2a: Keldeo|Substitute|p2a: Keldeo
|-start|p2a: Keldeo|Substitute
|-damage|p2a: Keldeo|70/100
|
|-weather|RainDance|[upkeep]
|-heal|p2a: Keldeo|76/100|[from] item: Leftovers
|upkeep
|turn|9
|
|t:|1742166734
|move|p2a: Keldeo|Secret Sword|p1a: Samurott
|-damage|p1a: Samurott|10/100
|move|p1a: Samurott|Grass Knot|p2a: Keldeo
|-supereffective|p2a: Keldeo
|-end|p2a: Keldeo|Substitute
|-damage|p1a: Samurott|0 fnt|[from] item: Life Orb
|faint|p1a: Samurott
|
|-weather|RainDance|[upkeep]
|-heal|p2a: Keldeo|82/100|[from] item: Leftovers
|upkeep
|inactive|1994hfll2018 has 90 seconds left.
|
|t:|1742166745
|switch|p1a: Escavalier|Escavalier, M|100/100
|turn|10
|
|t:|1742166753
|move|p2a: Keldeo|Scald|p1a: Escavalier
|-damage|p1a: Escavalier|0 fnt
|faint|p1a: Escavalier
|
|-weather|RainDance|[upkeep]
|-heal|p2a: Keldeo|88/100|[from] item: Leftovers
|upkeep
|inactive|1994hfll2018 has 90 seconds left.
|
|t:|1742166767
|switch|p1a: Keldeo|Keldeo|100/100
|turn|11
|inactive|1994hfll2018 has 90 seconds left.
|
|t:|1742166777
|move|p2a: Keldeo|Secret Sword|p1a: Keldeo
|-damage|p1a: Keldeo|0 fnt
|faint|p1a: Keldeo
|
|-weather|RainDance|[upkeep]
|-heal|p2a: Keldeo|94/100|[from] item: Leftovers
|upkeep
|inactive|1994hfll2018 has 90 seconds left.
|-message|1994hfll2018 forfeited.
|
|win|cinema staff fan
|raw|1994hfll2018's rating: 1322 &rarr; <strong>1304</strong><br />(-18 for losing)
|raw|cinema staff fan's rating: 1350 &rarr; <strong>1368</strong><br />(+18 for winning)
|l|☆1994hfll2018
|player|p1|
