|j|☆yokeer
|j|☆Unhiptube3
|t:|1716675386
|gametype|singles
|player|p1|yokeer|janine|1492
|player|p2|Unhiptube3|marley|1257
|teamsize|p1|6
|teamsize|p2|6
|gen|5
|tier|[Gen 5] OU
|rated|
|rule|Species Clause: Limit one of each Pokémon
|rule|OHKO Clause: OHKO moves are banned
|rule|Moody Clause: Moody is banned
|rule|Evasion Items Clause: Evasion items are banned
|rule|Evasion Moves Clause: Evasion moves are banned
|rule|Endless Battle Clause: Forcing endless battles is banned
|rule|HP Percentage Mod: HP is shown in percentages
|rule|Evasion Abilities Clause: Evasion abilities are banned
|rule|Sleep Moves Clause: Sleep-inducing moves are banned
|rule|Swagger Clause: Swagger is banned
|rule|Baton Pass Stat Clause: No Baton Passer may have a way to boost its stats
|clearpoke
|poke|p1|Magnezone|item
|poke|p1|Scizor, M|item
|poke|p1|Garchomp, M|item
|poke|p1|Latios, M|item
|poke|p1|Dragonite, M|item
|poke|p1|Jirachi|item
|poke|p2|Garchomp, F|item
|poke|p2|Dragonite, M|item
|poke|p2|Latios, M|item
|poke|p2|Scizor, F|item
|poke|p2|Magnezone|item
|poke|p2|Starmie|item
|teampreview
|
|t:|1716675404
|start
|switch|p1a: Garchomp|Garchomp, M|100/100
|switch|p2a: Garchomp|Garchomp, F|100/100
|turn|1
|
|t:|1716675413
|switch|p1a: Jirachi|Jirachi|100/100
|move|p2a: Garchomp|Stealth Rock|p1a: Jirachi
|-sidestart|p1: yokeer|move: Stealth Rock
|
|upkeep
|turn|2
|
|t:|1716675425
|move|p1a: Jirachi|Ice Punch|p2a: Garchomp
|-supereffective|p2a: Garchomp
|-enditem|p2a: Garchomp|Yache Berry|[eat]
|-enditem|p2a: Garchomp|Yache Berry|[weaken]
|-damage|p2a: Garchomp|53/100
|-damage|p1a: Jirachi|88/100|[from] ability: Rough Skin|[of] p2a: Garchomp
|move|p2a: Garchomp|Earthquake|p1a: Jirachi
|-supereffective|p1a: Jirachi
|-damage|p1a: Jirachi|0 fnt
|faint|p1a: Jirachi
|
|upkeep
|
|t:|1716675434
|switch|p1a: Garchomp|Garchomp, M|100/100
|-damage|p1a: Garchomp|94/100|[from] Stealth Rock
|turn|3
|
|t:|1716675439
|move|p1a: Garchomp|Stealth Rock|p2a: Garchomp
|-sidestart|p2: Unhiptube3|move: Stealth Rock
|move|p2a: Garchomp|Dragon Claw|p1a: Garchomp
|-supereffective|p1a: Garchomp
|-damage|p1a: Garchomp|16/100
|-damage|p2a: Garchomp|41/100|[from] ability: Rough Skin|[of] p1a: Garchomp
|
|upkeep
|turn|4
|
|t:|1716675445
|move|p1a: Garchomp|Earthquake|p2a: Garchomp
|-damage|p2a: Garchomp|0 fnt
|faint|p2a: Garchomp
|
|upkeep
|
|t:|1716675449
|switch|p2a: Starmie|Starmie|100/100
|-damage|p2a: Starmie|88/100|[from] Stealth Rock
|-item|p2a: Starmie|Air Balloon
|turn|5
|
|t:|1716675455
|move|p2a: Starmie|Surf|p1a: Garchomp
|-crit|p1a: Garchomp
|-damage|p1a: Garchomp|0 fnt
|faint|p1a: Garchomp
|
|upkeep
|
|t:|1716675459
|switch|p1a: Magnezone|Magnezone|100/100
|-damage|p1a: Magnezone|94/100|[from] Stealth Rock
|-item|p1a: Magnezone|Air Balloon
|turn|6
|
|t:|1716675471
|move|p2a: Starmie|Rapid Spin|p1a: Magnezone
|-resisted|p1a: Magnezone
|-crit|p1a: Magnezone
|-damage|p1a: Magnezone|91/100
|-enditem|p1a: Magnezone|Air Balloon
|-sideend|p2: Unhiptube3|Stealth Rock|[from] move: Rapid Spin|[of] p2a: Starmie
|move|p1a: Magnezone|Volt Switch|p2a: Starmie
|-supereffective|p2a: Starmie
|-damage|p2a: Starmie|0 fnt
|-enditem|p2a: Starmie|Air Balloon
|faint|p2a: Starmie
|
|t:|1716675477
|switch|p1a: Latios|Latios, M|100/100|[from] Volt Switch
|-damage|p1a: Latios|88/100|[from] Stealth Rock
|
|upkeep
|
|t:|1716675481
|switch|p2a: Scizor|Scizor, F|100/100
|turn|7
|
|t:|1716675495
|move|p1a: Latios|Draco Meteor|p2a: Scizor
|-resisted|p2a: Scizor
|-damage|p2a: Scizor|38/100
|-unboost|p1a: Latios|spa|2
|move|p2a: Scizor|U-turn|p1a: Latios
|-supereffective|p1a: Latios
|-damage|p1a: Latios|0 fnt
|faint|p1a: Latios
|
|t:|1716675504
|switch|p2a: Latios|Latios, M|100/100|[from] U-turn
|
|upkeep
|
|t:|1716675507
|switch|p1a: Scizor|Scizor, M|100/100
|-damage|p1a: Scizor|88/100|[from] Stealth Rock
|turn|8
|
|t:|1716675516
|move|p2a: Latios|Surf|p1a: Scizor
|-damage|p1a: Scizor|36/100
|move|p1a: Scizor|Pursuit|p2a: Latios
|-supereffective|p2a: Latios
|-damage|p2a: Latios|25/100
|-damage|p1a: Scizor|26/100|[from] item: Life Orb
|
|upkeep
|turn|9
|
|t:|1716675521
|switch|p2a: Magnezone|Magnezone|100/100
|move|p1a: Scizor|Bullet Punch|p2a: Magnezone
|-resisted|p2a: Magnezone
|-damage|p2a: Magnezone|89/100
|-damage|p1a: Scizor|16/100|[from] item: Life Orb
|
|-heal|p2a: Magnezone|96/100|[from] item: Leftovers
|upkeep
|turn|10
|
|t:|1716675526
|move|p1a: Scizor|Superpower|p2a: Magnezone
|-supereffective|p2a: Magnezone
|-damage|p2a: Magnezone|0 fnt
|-unboost|p1a: Scizor|atk|1
|-unboost|p1a: Scizor|def|1
|faint|p2a: Magnezone
|-damage|p1a: Scizor|6/100|[from] item: Life Orb
|
|upkeep
|
|t:|1716675535
|switch|p2a: Dragonite|Dragonite, M|100/100
|turn|11
|
|t:|1716675546
|move|p1a: Scizor|Bullet Punch|p2a: Dragonite
|-damage|p2a: Dragonite|85/100
|-damage|p1a: Scizor|0 fnt|[from] item: Life Orb
|faint|p1a: Scizor
|move|p2a: Dragonite|Dragon Dance|p2a: Dragonite
|-boost|p2a: Dragonite|atk|1
|-boost|p2a: Dragonite|spe|1
|
|upkeep
|
|t:|1716675554
|switch|p1a: Dragonite|Dragonite, M|100/100
|-damage|p1a: Dragonite|76/100|[from] Stealth Rock
|turn|12
|
|t:|1716675558
|move|p1a: Dragonite|Extreme Speed|p2a: Dragonite
|-damage|p2a: Dragonite|51/100
|move|p2a: Dragonite|Outrage|p1a: Dragonite
|-supereffective|p1a: Dragonite
|-damage|p1a: Dragonite|0 fnt
|faint|p1a: Dragonite
|
|upkeep
|
|t:|1716675561
|switch|p1a: Magnezone|Magnezone|91/100
|-damage|p1a: Magnezone|85/100|[from] Stealth Rock
|turn|13
|
|t:|1716675566
|move|p2a: Dragonite|Outrage|p1a: Magnezone|[from]lockedmove
|-resisted|p1a: Magnezone
|-damage|p1a: Magnezone|30/100
|move|p1a: Magnezone|Flash Cannon|p2a: Dragonite
|-damage|p2a: Dragonite|10/100
|
|upkeep
|turn|14
|
|t:|1716675570
|move|p2a: Dragonite|Outrage|p1a: Magnezone|[from]lockedmove
|-resisted|p1a: Magnezone
|-damage|p1a: Magnezone|0 fnt
|faint|p1a: Magnezone
|-start|p2a: Dragonite|confusion|[fatigue]
|
|win|Unhiptube3
|raw|yokeer's rating: 1492 &rarr; <strong>1460</strong><br />(-32 for losing)
|raw|Unhiptube3's rating: 1257 &rarr; <strong>1297</strong><br />(+40 for winning)
