|j|☆BWR monai
|j|☆localdealerr
|t:|1722135193
|gametype|singles
|player|p1|BWR monai|backpacker|1477
|player|p2|localdealerr|2|1379
|teamsize|p1|6
|teamsize|p2|6
|gen|5
|tier|[Gen 5] OU
|rated|
|rule|Species Clause: Limit one of each Pokémon
|rule|OHKO Clause: OHKO moves are banned
|rule|Moody Clause: Moody is banned
|rule|Evasion Items Clause: Evasion items are banned
|rule|Evasion Moves Clause: Evasion moves are banned
|rule|Endless Battle Clause: Forcing endless battles is banned
|rule|HP Percentage Mod: HP is shown in percentages
|rule|Evasion Abilities Clause: Evasion abilities are banned
|rule|Sleep Moves Clause: Sleep-inducing moves are banned
|rule|Swagger Clause: Swagger is banned
|rule|Baton Pass Stat Clause: No Baton Passer may have a way to boost its stats
|clearpoke
|poke|p1|Whiscash, M|item
|poke|p1|Politoed, M|item
|poke|p1|Magnezone|item
|poke|p1|Scizor, M|item
|poke|p1|Tentacruel, F|item
|poke|p1|Latios, M|item
|poke|p2|Bronzong|item
|poke|p2|Octillery, F|item
|poke|p2|Marowak, F|item
|poke|p2|Reuniclus, M|item
|poke|p2|Cofagrigus, F|item
|poke|p2|Latias, F|item
|teampreview
|
|t:|1722135205
|start
|switch|p1a: Politoed|Politoed, M|100/100
|switch|p2a: Bronzong|Bronzong|100/100
|-weather|RainDance|[from] ability: Drizzle|[of] p1a: Politoed
|turn|1
|
|t:|1722135232
|move|p1a: Politoed|Scald|p2a: Bronzong
|-damage|p2a: Bronzong|72/100
|move|p2a: Bronzong|Stealth Rock|p1a: Politoed
|-sidestart|p1: BWR monai|move: Stealth Rock
|
|-weather|RainDance|[upkeep]
|upkeep
|turn|2
|
|t:|1722135236
|move|p1a: Politoed|Encore|p2a: Bronzong
|-start|p2a: Bronzong|Encore
|-enditem|p2a: Bronzong|Mental Herb
|-end|p2a: Bronzong|Encore
|move|p2a: Bronzong|Trick Room|p2a: Bronzong
|-fieldstart|move: Trick Room|[of] p2a: Bronzong
|
|-weather|RainDance|[upkeep]
|upkeep
|turn|3
|
|t:|1722135241
|move|p1a: Politoed|Protect|p1a: Politoed
|-singleturn|p1a: Politoed|Protect
|move|p2a: Bronzong|Explosion|p1a: Politoed
|-activate|p1a: Politoed|move: Protect
|faint|p2a: Bronzong
|
|-weather|RainDance|[upkeep]
|upkeep
|
|t:|1722135253
|switch|p2a: Reuniclus|Reuniclus, M|100/100
|turn|4
|
|t:|1722135259
|switch|p1a: Magnezone|Magnezone|100/100
|-damage|p1a: Magnezone|94/100|[from] Stealth Rock
|move|p2a: Reuniclus|Thunder|p1a: Magnezone
|-resisted|p1a: Magnezone
|-damage|p1a: Magnezone|59/100
|-status|p1a: Magnezone|par
|
|-weather|RainDance|[upkeep]
|-heal|p1a: Magnezone|65/100 par|[from] item: Leftovers
|upkeep
|turn|5
|
|t:|1722135266
|move|p1a: Magnezone|Thunder|p2a: Reuniclus
|-damage|p2a: Reuniclus|42/100
|move|p2a: Reuniclus|Focus Blast|p1a: Magnezone
|-supereffective|p1a: Magnezone
|-crit|p1a: Magnezone
|-damage|p1a: Magnezone|0 fnt
|faint|p1a: Magnezone
|
|-weather|RainDance|[upkeep]
|upkeep
|
|t:|1722135277
|switch|p1a: Politoed|Politoed, M|100/100
|-damage|p1a: Politoed|88/100|[from] Stealth Rock
|turn|6
|
|t:|1722135279
|move|p1a: Politoed|Protect|p1a: Politoed
|-singleturn|p1a: Politoed|Protect
|move|p2a: Reuniclus|Psyshock|p1a: Politoed
|-activate|p1a: Politoed|move: Protect
|
|-weather|RainDance|[upkeep]
|-heal|p1a: Politoed|94/100|[from] item: Leftovers
|-fieldend|move: Trick Room
|upkeep
|turn|7
|
|t:|1722135286
|move|p1a: Politoed|Scald|p2a: Reuniclus
|-damage|p2a: Reuniclus|9/100
|move|p2a: Reuniclus|Trick Room|p2a: Reuniclus
|-fieldstart|move: Trick Room|[of] p2a: Reuniclus
|
|-weather|RainDance|[upkeep]
|-heal|p1a: Politoed|99/100|[from] item: Leftovers
|upkeep
|turn|8
|
|t:|1722135293
|move|p1a: Politoed|Protect|p1a: Politoed
|-singleturn|p1a: Politoed|Protect
|move|p2a: Reuniclus|Psyshock|p1a: Politoed
|-activate|p1a: Politoed|move: Protect
|
|-weather|RainDance|[upkeep]
|-heal|p1a: Politoed|100/100|[from] item: Leftovers
|upkeep
|turn|9
|
|t:|1722135301
|move|p2a: Reuniclus|Thunder|p1a: Politoed
|-supereffective|p1a: Politoed
|-damage|p1a: Politoed|1/100
|-status|p1a: Politoed|par
|cant|p1a: Politoed|par
|
|-weather|RainDance|[upkeep]
|-heal|p1a: Politoed|7/100 par|[from] item: Leftovers
|upkeep
|turn|10
|
|t:|1722135305
|move|p1a: Politoed|Protect|p1a: Politoed
|-singleturn|p1a: Politoed|Protect
|move|p2a: Reuniclus|Psyshock|p1a: Politoed
|-activate|p1a: Politoed|move: Protect
|
|-weather|RainDance|[upkeep]
|-heal|p1a: Politoed|13/100 par|[from] item: Leftovers
|upkeep
|turn|11
|
|t:|1722135312
|switch|p2a: Cofagrigus|Cofagrigus, F|100/100
|cant|p1a: Politoed|par
|
|-weather|RainDance|[upkeep]
|-heal|p1a: Politoed|19/100 par|[from] item: Leftovers
|-fieldend|move: Trick Room
|upkeep
|turn|12
|
|t:|1722135316
|move|p1a: Politoed|Encore||[still]
|-fail|p1a: Politoed
|move|p2a: Cofagrigus|Trick Room|p2a: Cofagrigus
|-fieldstart|move: Trick Room|[of] p2a: Cofagrigus
|
|-weather|RainDance|[upkeep]
|-heal|p1a: Politoed|25/100 par|[from] item: Leftovers
|upkeep
|turn|13
|
|t:|1722135325
|move|p1a: Politoed|Encore|p2a: Cofagrigus
|-start|p2a: Cofagrigus|Encore
|move|p2a: Cofagrigus|Trick Room|p2a: Cofagrigus
|-fieldend|move: Trick Room
|
|-weather|RainDance|[upkeep]
|-heal|p1a: Politoed|31/100 par|[from] item: Leftovers
|upkeep
|turn|14
|
|t:|1722135329
|move|p1a: Politoed|Scald|p2a: Cofagrigus
|-damage|p2a: Cofagrigus|61/100
|move|p2a: Cofagrigus|Trick Room|p2a: Cofagrigus
|-fieldstart|move: Trick Room|[of] p2a: Cofagrigus
|
|-weather|RainDance|[upkeep]
|-heal|p1a: Politoed|37/100 par|[from] item: Leftovers
|upkeep
|turn|15
|
|t:|1722135335
|switch|p2a: Octillery|Octillery, F|100/100
|cant|p1a: Politoed|par
|
|-weather|RainDance|[upkeep]
|-heal|p1a: Politoed|43/100 par|[from] item: Leftovers
|upkeep
|turn|16
|
|t:|1722135348
|move|p1a: Politoed|Protect|p1a: Politoed
|-singleturn|p1a: Politoed|Protect
|move|p2a: Octillery|Water Spout|p1a: Politoed
|-activate|p1a: Politoed|move: Protect
|
|-weather|RainDance|[upkeep]
|-heal|p1a: Politoed|49/100 par|[from] item: Leftovers
|upkeep
|turn|17
|
|t:|1722135357
|move|p1a: Politoed|Protect||[still]
|-fail|p1a: Politoed
|move|p2a: Octillery|Water Spout|p1a: Politoed
|-resisted|p1a: Politoed
|-damage|p1a: Politoed|0 fnt
|faint|p1a: Politoed
|
|-weather|RainDance|[upkeep]
|upkeep
|
|t:|1722135360
|switch|p1a: Tentacruel|Tentacruel, F|100/100
|-damage|p1a: Tentacruel|88/100|[from] Stealth Rock
|turn|18
|
|t:|1722135366
|move|p1a: Tentacruel|Protect|p1a: Tentacruel
|-singleturn|p1a: Tentacruel|Protect
|move|p2a: Octillery|Water Spout|p1a: Tentacruel
|-activate|p1a: Tentacruel|move: Protect
|
|-weather|RainDance|[upkeep]
|-heal|p1a: Tentacruel|94/100|[from] ability: Rain Dish
|-heal|p1a: Tentacruel|99/100|[from] item: Black Sludge
|-fieldend|move: Trick Room
|upkeep
|turn|19
|
|t:|1722135375
|switch|p2a: Cofagrigus|Cofagrigus, F|61/100
|move|p1a: Tentacruel|Toxic|p2a: Cofagrigus
|-status|p2a: Cofagrigus|tox
|
|-weather|RainDance|[upkeep]
|-heal|p1a: Tentacruel|100/100|[from] ability: Rain Dish
|-damage|p2a: Cofagrigus|55/100 tox|[from] psn
|upkeep
|turn|20
|
|t:|1722135381
|switch|p1a: PU god|Whiscash, M|100/100
|-damage|p1a: PU god|94/100|[from] Stealth Rock
|move|p2a: Cofagrigus|Trick Room|p2a: Cofagrigus
|-fieldstart|move: Trick Room|[of] p2a: Cofagrigus
|
|-weather|RainDance|[upkeep]
|-heal|p1a: PU god|100/100|[from] item: Leftovers
|-damage|p2a: Cofagrigus|43/100 tox|[from] psn
|upkeep
|turn|21
|
|t:|1722135386
|move|p2a: Cofagrigus|Toxic|p1a: PU god
|-status|p1a: PU god|tox
|move|p1a: PU god|Dragon Dance|p1a: PU god
|-boost|p1a: PU god|atk|1
|-boost|p1a: PU god|spe|1
|
|-weather|RainDance|[upkeep]
|-activate|p1a: PU god|ability: Hydration
|-curestatus|p1a: PU god|tox|[msg]
|-damage|p2a: Cofagrigus|25/100 tox|[from] psn
|upkeep
|turn|22
|
|t:|1722135393
|move|p2a: Cofagrigus|Memento|p1a: PU god
|-unboost|p1a: PU god|atk|2
|-unboost|p1a: PU god|spa|2
|faint|p2a: Cofagrigus
|move|p1a: PU god|Dragon Dance|p1a: PU god
|-boost|p1a: PU god|atk|1
|-boost|p1a: PU god|spe|1
|
|-weather|RainDance|[upkeep]
|upkeep
|
|t:|1722135395
|switch|p2a: Octillery|Octillery, F|100/100
|turn|23
|
|t:|1722135402
|switch|p1a: Tentacruel|Tentacruel, F|100/100
|-damage|p1a: Tentacruel|88/100|[from] Stealth Rock
|move|p2a: Octillery|Water Spout|p1a: Tentacruel
|-resisted|p1a: Tentacruel
|-damage|p1a: Tentacruel|21/100
|
|-weather|RainDance|[upkeep]
|-heal|p1a: Tentacruel|27/100|[from] ability: Rain Dish
|-heal|p1a: Tentacruel|33/100|[from] item: Black Sludge
|upkeep
|turn|24
|
|t:|1722135407
|switch|p2a: Latias|Latias, F|100/100
|move|p1a: Tentacruel|Protect||[still]
|-fail|p1a: Tentacruel
|
|-weather|RainDance|[upkeep]
|-heal|p1a: Tentacruel|39/100|[from] ability: Rain Dish
|-heal|p1a: Tentacruel|45/100|[from] item: Black Sludge
|-fieldend|move: Trick Room
|upkeep
|turn|25
|
|t:|1722135409
|move|p1a: Tentacruel|Protect|p1a: Tentacruel
|-singleturn|p1a: Tentacruel|Protect
|move|p2a: Latias|Reflect Type|p1a: Tentacruel
|-activate|p1a: Tentacruel|move: Protect
|
|-weather|RainDance|[upkeep]
|-heal|p1a: Tentacruel|51/100|[from] ability: Rain Dish
|-heal|p1a: Tentacruel|58/100|[from] item: Black Sludge
|upkeep
|turn|26
|
|t:|1722135415
|move|p1a: Tentacruel|Rapid Spin|p2a: Latias
|-damage|p2a: Latias|98/100
|-sideend|p1: BWR monai|Stealth Rock|[from] move: Rapid Spin|[of] p1a: Tentacruel
|move|p2a: Latias|Reflect Type|p1a: Tentacruel
|-start|p2a: Latias|typechange|[from] move: Reflect Type|[of] p1a: Tentacruel
|
|-weather|RainDance|[upkeep]
|-heal|p1a: Tentacruel|64/100|[from] ability: Rain Dish
|-heal|p1a: Tentacruel|70/100|[from] item: Black Sludge
|-heal|p2a: Latias|100/100|[from] item: Leftovers
|upkeep
|turn|27
|
|t:|1722135420
|move|p1a: Tentacruel|Protect|p1a: Tentacruel
|-singleturn|p1a: Tentacruel|Protect
|move|p2a: Latias|Calm Mind|p2a: Latias
|-boost|p2a: Latias|spa|1
|-boost|p2a: Latias|spd|1
|
|-weather|RainDance|[upkeep]
|-heal|p1a: Tentacruel|76/100|[from] ability: Rain Dish
|-heal|p1a: Tentacruel|82/100|[from] item: Black Sludge
|upkeep
|turn|28
|
|t:|1722135432
|switch|p1a: PU god|Whiscash, M|100/100
|move|p2a: Latias|Calm Mind|p2a: Latias
|-boost|p2a: Latias|spa|1
|-boost|p2a: Latias|spd|1
|
|-weather|RainDance|[upkeep]
|upkeep
|turn|29
|
|t:|1722135442
|move|p2a: Latias|Dragon Pulse|p1a: PU god
|-damage|p1a: PU god|66/100
|move|p1a: PU god|Earthquake|p2a: Latias
|-immune|p2a: Latias|[from] ability: Levitate
|
|-weather|RainDance|[upkeep]
|-heal|p1a: PU god|73/100|[from] item: Leftovers
|upkeep
|turn|30
|
|t:|1722135447
|switch|p1a: Scizor|Scizor, M|100/100
|move|p2a: Latias|Calm Mind|p2a: Latias
|-boost|p2a: Latias|spa|1
|-boost|p2a: Latias|spd|1
|
|-weather|RainDance|[upkeep]
|upkeep
|turn|31
|
|t:|1722135451
|move|p1a: Scizor|U-turn|p2a: Latias
|-resisted|p2a: Latias
|-damage|p2a: Latias|84/100
|
|t:|1722135455
|switch|p1a: Tentacruel|Tentacruel, F|82/100|[from] U-turn
|move|p2a: Latias|Dragon Pulse|p1a: Tentacruel
|-damage|p1a: Tentacruel|35/100
|
|-weather|RainDance|[upkeep]
|-heal|p1a: Tentacruel|42/100|[from] ability: Rain Dish
|-heal|p1a: Tentacruel|48/100|[from] item: Black Sludge
|-heal|p2a: Latias|90/100|[from] item: Leftovers
|upkeep
|turn|32
|
|t:|1722135459
|move|p1a: Tentacruel|Scald|p2a: Latias
|-resisted|p2a: Latias
|-crit|p2a: Latias
|-damage|p2a: Latias|62/100
|-status|p2a: Latias|brn
|move|p2a: Latias|Calm Mind|p2a: Latias
|-boost|p2a: Latias|spa|1
|-boost|p2a: Latias|spd|1
|
|-weather|RainDance|[upkeep]
|-heal|p1a: Tentacruel|54/100|[from] ability: Rain Dish
|-heal|p1a: Tentacruel|60/100|[from] item: Black Sludge
|-heal|p2a: Latias|68/100 brn|[from] item: Leftovers
|-damage|p2a: Latias|56/100 brn|[from] brn
|upkeep
|turn|33
|
|t:|1722135470
|switch|p1a: PU god|Whiscash, M|73/100
|move|p2a: Latias|Calm Mind|p2a: Latias
|-boost|p2a: Latias|spa|1
|-boost|p2a: Latias|spd|1
|
|-weather|RainDance|[upkeep]
|-heal|p2a: Latias|62/100 brn|[from] item: Leftovers
|-heal|p1a: PU god|79/100|[from] item: Leftovers
|-damage|p2a: Latias|49/100 brn|[from] brn
|upkeep
|turn|34
|
|t:|1722135477
|switch|p1a: Scizor|Scizor, M|100/100
|move|p2a: Latias|Recover|p2a: Latias
|-heal|p2a: Latias|99/100 brn
|
|-weather|RainDance|[upkeep]
|-heal|p2a: Latias|100/100 brn|[from] item: Leftovers
|-damage|p2a: Latias|88/100 brn|[from] brn
|upkeep
|turn|35
|
|t:|1722135483
|move|p1a: Scizor|Bug Bite|p2a: Latias
|-resisted|p2a: Latias
|-damage|p2a: Latias|70/100 brn
|move|p2a: Latias|Dragon Pulse|p1a: Scizor
|-resisted|p1a: Scizor
|-damage|p1a: Scizor|40/100
|
|-weather|RainDance|[upkeep]
|-heal|p2a: Latias|76/100 brn|[from] item: Leftovers
|-damage|p2a: Latias|63/100 brn|[from] brn
|upkeep
|turn|36
|
|t:|1722135487
|move|p1a: Scizor|Bug Bite|p2a: Latias
|-resisted|p2a: Latias
|-damage|p2a: Latias|44/100 brn
|move|p2a: Latias|Recover|p2a: Latias
|-heal|p2a: Latias|94/100 brn
|
|-weather|RainDance|[upkeep]
|-heal|p2a: Latias|100/100 brn|[from] item: Leftovers
|-damage|p2a: Latias|88/100 brn|[from] brn
|upkeep
|turn|37
|
|t:|1722135491
|move|p1a: Scizor|Bug Bite|p2a: Latias
|-resisted|p2a: Latias
|-damage|p2a: Latias|70/100 brn
|move|p2a: Latias|Dragon Pulse|p1a: Scizor
|-resisted|p1a: Scizor
|-damage|p1a: Scizor|0 fnt
|faint|p1a: Scizor
|
|-weather|RainDance|[upkeep]
|-heal|p2a: Latias|76/100 brn|[from] item: Leftovers
|-damage|p2a: Latias|63/100 brn|[from] brn
|upkeep
|j| scorpion257
|
|t:|1722135507
|switch|p1a: Latios|Latios, M|100/100
|turn|38
|
|t:|1722135509
|move|p1a: Latios|Draco Meteor|p2a: Latias
|-damage|p2a: Latias|46/100 brn
|-unboost|p1a: Latios|spa|2
|move|p2a: Latias|Dragon Pulse|p1a: Latios
|-supereffective|p1a: Latios
|-damage|p1a: Latios|0 fnt
|faint|p1a: Latios
|
|-weather|RainDance|[upkeep]
|-heal|p2a: Latias|52/100 brn|[from] item: Leftovers
|-damage|p2a: Latias|40/100 brn|[from] brn
|upkeep
|
|t:|1722135512
|switch|p1a: PU god|Whiscash, M|79/100
|turn|39
|
|t:|1722135513
|move|p2a: Latias|Recover|p2a: Latias
|-heal|p2a: Latias|90/100 brn
|move|p1a: PU god|Dragon Dance|p1a: PU god
|-boost|p1a: PU god|atk|1
|-boost|p1a: PU god|spe|1
|
|-weather|RainDance|[upkeep]
|-heal|p2a: Latias|96/100 brn|[from] item: Leftovers
|-heal|p1a: PU god|85/100|[from] item: Leftovers
|-damage|p2a: Latias|83/100 brn|[from] brn
|upkeep
|turn|40
|
|t:|1722135518
|move|p2a: Latias|Dragon Pulse|p1a: PU god
|-damage|p1a: PU god|24/100
|move|p1a: PU god|Dragon Dance|p1a: PU god
|-boost|p1a: PU god|atk|1
|-boost|p1a: PU god|spe|1
|
|-weather|RainDance|[upkeep]
|-heal|p1a: PU god|30/100|[from] item: Leftovers
|-heal|p2a: Latias|90/100 brn|[from] item: Leftovers
|-damage|p2a: Latias|77/100 brn|[from] brn
|upkeep
|turn|41
|
|t:|1722135521
|move|p1a: PU god|Rest|p1a: PU god
|-status|p1a: PU god|slp|[from] move: Rest
|-heal|p1a: PU god|100/100 slp|[silent]
|move|p2a: Latias|Dragon Pulse|p1a: PU god
|-damage|p1a: PU god|35/100 slp
|
|-weather|RainDance|[upkeep]
|-activate|p1a: PU god|ability: Hydration
|-curestatus|p1a: PU god|slp|[msg]
|-heal|p1a: PU god|41/100|[from] item: Leftovers
|-heal|p2a: Latias|83/100 brn|[from] item: Leftovers
|-damage|p2a: Latias|71/100 brn|[from] brn
|upkeep
|turn|42
|
|t:|1722135525
|move|p1a: PU god|Rest|p1a: PU god
|-status|p1a: PU god|slp|[from] move: Rest
|-heal|p1a: PU god|100/100 slp|[silent]
|move|p2a: Latias|Calm Mind|p2a: Latias
|-boost|p2a: Latias|spa|1
|-boost|p2a: Latias|spd|1
|
|-weather|RainDance|[upkeep]
|-activate|p1a: PU god|ability: Hydration
|-curestatus|p1a: PU god|slp|[msg]
|-heal|p2a: Latias|77/100 brn|[from] item: Leftovers
|-damage|p2a: Latias|64/100 brn|[from] brn
|upkeep
|turn|43
|
|t:|1722135530
|move|p1a: PU god|Waterfall|p2a: Latias
|-resisted|p2a: Latias
|-damage|p2a: Latias|39/100 brn
|move|p2a: Latias|Recover|p2a: Latias
|-heal|p2a: Latias|89/100 brn
|
|-weather|RainDance|[upkeep]
|-heal|p2a: Latias|95/100 brn|[from] item: Leftovers
|-damage|p2a: Latias|83/100 brn|[from] brn
|upkeep
|turn|44
|
|t:|1722135535
|move|p1a: PU god|Dragon Dance|p1a: PU god
|-boost|p1a: PU god|atk|1
|-boost|p1a: PU god|spe|1
|move|p2a: Latias|Dragon Pulse|p1a: PU god
|-damage|p1a: PU god|35/100
|
|-weather|RainDance|[upkeep]
|-heal|p1a: PU god|42/100|[from] item: Leftovers
|-heal|p2a: Latias|89/100 brn|[from] item: Leftovers
|-damage|p2a: Latias|76/100 brn|[from] brn
|upkeep
|turn|45
|
|t:|1722135540
|move|p1a: PU god|Rest|p1a: PU god
|-status|p1a: PU god|slp|[from] move: Rest
|-heal|p1a: PU god|100/100 slp|[silent]
|move|p2a: Latias|Dragon Pulse|p1a: PU god
|-damage|p1a: PU god|34/100 slp
|
|-weather|RainDance|[upkeep]
|-activate|p1a: PU god|ability: Hydration
|-curestatus|p1a: PU god|slp|[msg]
|-heal|p1a: PU god|40/100|[from] item: Leftovers
|-heal|p2a: Latias|82/100 brn|[from] item: Leftovers
|-damage|p2a: Latias|70/100 brn|[from] brn
|upkeep
|turn|46
|
|t:|1722135545
|move|p1a: PU god|Rest|p1a: PU god
|-status|p1a: PU god|slp|[from] move: Rest
|-heal|p1a: PU god|100/100 slp|[silent]
|move|p2a: Latias|Dragon Pulse|p1a: PU god
|-damage|p1a: PU god|35/100 slp
|
|-weather|RainDance|[upkeep]
|-activate|p1a: PU god|ability: Hydration
|-curestatus|p1a: PU god|slp|[msg]
|-heal|p1a: PU god|41/100|[from] item: Leftovers
|-heal|p2a: Latias|76/100 brn|[from] item: Leftovers
|-damage|p2a: Latias|63/100 brn|[from] brn
|upkeep
|turn|47
|
|t:|1722135550
|move|p1a: PU god|Rest|p1a: PU god
|-status|p1a: PU god|slp|[from] move: Rest
|-heal|p1a: PU god|100/100 slp|[silent]
|move|p2a: Latias|Dragon Pulse|p1a: PU god
|-damage|p1a: PU god|33/100 slp
|
|-weather|RainDance|[upkeep]
|-activate|p1a: PU god|ability: Hydration
|-curestatus|p1a: PU god|slp|[msg]
|-heal|p1a: PU god|39/100|[from] item: Leftovers
|-heal|p2a: Latias|69/100 brn|[from] item: Leftovers
|-damage|p2a: Latias|57/100 brn|[from] brn
|upkeep
|turn|48
|
|t:|1722135553
|move|p1a: PU god|Rest|p1a: PU god
|-status|p1a: PU god|slp|[from] move: Rest
|-heal|p1a: PU god|100/100 slp|[silent]
|move|p2a: Latias|Recover|p2a: Latias
|-heal|p2a: Latias|100/100 brn
|
|-weather|RainDance|[upkeep]
|-activate|p1a: PU god|ability: Hydration
|-curestatus|p1a: PU god|slp|[msg]
|-damage|p2a: Latias|88/100 brn|[from] brn
|upkeep
|turn|49
|
|t:|1722135559
|move|p1a: PU god|Dragon Dance|p1a: PU god
|-boost|p1a: PU god|atk|1
|-boost|p1a: PU god|spe|1
|move|p2a: Latias|Dragon Pulse|p1a: PU god
|-damage|p1a: PU god|30/100
|
|-weather|RainDance|[upkeep]
|-heal|p1a: PU god|36/100|[from] item: Leftovers
|-heal|p2a: Latias|94/100 brn|[from] item: Leftovers
|-damage|p2a: Latias|82/100 brn|[from] brn
|upkeep
|turn|50
|
|t:|1722135561
|move|p1a: PU god|Rest|p1a: PU god
|-status|p1a: PU god|slp|[from] move: Rest
|-heal|p1a: PU god|100/100 slp|[silent]
|move|p2a: Latias|Dragon Pulse|p1a: PU god
|-damage|p1a: PU god|29/100 slp
|
|-weather|RainDance|[upkeep]
|-activate|p1a: PU god|ability: Hydration
|-curestatus|p1a: PU god|slp|[msg]
|-heal|p1a: PU god|35/100|[from] item: Leftovers
|-heal|p2a: Latias|88/100 brn|[from] item: Leftovers
|-damage|p2a: Latias|75/100 brn|[from] brn
|upkeep
|turn|51
|
|t:|1722135564
|move|p1a: PU god|Rest|p1a: PU god
|-status|p1a: PU god|slp|[from] move: Rest
|-heal|p1a: PU god|100/100 slp|[silent]
|move|p2a: Latias|Dragon Pulse|p1a: PU god
|-damage|p1a: PU god|32/100 slp
|
|-weather|RainDance|[upkeep]
|-activate|p1a: PU god|ability: Hydration
|-curestatus|p1a: PU god|slp|[msg]
|-heal|p1a: PU god|38/100|[from] item: Leftovers
|-heal|p2a: Latias|81/100 brn|[from] item: Leftovers
|-damage|p2a: Latias|69/100 brn|[from] brn
|upkeep
|turn|52
|
|t:|1722135568
|move|p1a: PU god|Rest|p1a: PU god
|-status|p1a: PU god|slp|[from] move: Rest
|-heal|p1a: PU god|100/100 slp|[silent]
|move|p2a: Latias|Dragon Pulse|p1a: PU god
|-damage|p1a: PU god|30/100 slp
|
|-weather|RainDance|[upkeep]
|-activate|p1a: PU god|ability: Hydration
|-curestatus|p1a: PU god|slp|[msg]
|-heal|p1a: PU god|36/100|[from] item: Leftovers
|-heal|p2a: Latias|75/100 brn|[from] item: Leftovers
|-damage|p2a: Latias|63/100 brn|[from] brn
|upkeep
|turn|53
|
|t:|1722135573
|move|p1a: PU god|Rest|p1a: PU god
|-status|p1a: PU god|slp|[from] move: Rest
|-heal|p1a: PU god|100/100 slp|[silent]
|move|p2a: Latias|Dragon Pulse|p1a: PU god
|-damage|p1a: PU god|32/100 slp
|
|-weather|RainDance|[upkeep]
|-activate|p1a: PU god|ability: Hydration
|-curestatus|p1a: PU god|slp|[msg]
|-heal|p1a: PU god|39/100|[from] item: Leftovers
|-heal|p2a: Latias|69/100 brn|[from] item: Leftovers
|-damage|p2a: Latias|56/100 brn|[from] brn
|upkeep
|turn|54
|
|t:|1722135576
|move|p1a: PU god|Dragon Dance|p1a: PU god
|-boost|p1a: PU god|atk|1
|-boost|p1a: PU god|spe|1
|move|p2a: Latias|Recover|p2a: Latias
|-heal|p2a: Latias|100/100 brn
|
|-weather|RainDance|[upkeep]
|-heal|p1a: PU god|45/100|[from] item: Leftovers
|-damage|p2a: Latias|88/100 brn|[from] brn
|upkeep
|turn|55
|c|☆localdealerr|gg
|-message|localdealerr forfeited.
|
|win|BWR monai
|raw|BWR monai's rating: 1477 &rarr; <strong>1492</strong><br />(+15 for winning)
|raw|localdealerr's rating: 1379 &rarr; <strong>1364</strong><br />(-15 for losing)
|c|☆BWR monai|Gg
|l|☆localdealerr
|player|p2|
