|j|☆onlyusemebladee
|j|☆dhdhdhdhbdbdb
|t:|1741069050
|gametype|singles
|player|p1|onlyusemebladee|erika-gen2|1311
|player|p2|dhdhdhdhbdbdb|lass-gen4dp|1379
|teamsize|p1|6
|teamsize|p2|6
|gen|5
|tier|[Gen 5] OU
|rated|
|rule|Species Clause: Limit one of each Pokémon
|rule|OHKO Clause: OHKO moves are banned
|rule|Moody Clause: Moody is banned
|rule|Evasion Items Clause: Evasion items are banned
|rule|Evasion Moves Clause: Evasion moves are banned
|rule|Endless Battle Clause: Forcing endless battles is banned
|rule|HP Percentage Mod: HP is shown in percentages
|rule|Evasion Abilities Clause: Evasion abilities are banned
|rule|Sleep Moves Clause: Sleep-inducing moves are banned
|rule|Swagger Clause: Swagger is banned
|rule|Baton Pass Stat Clause: No Baton Passer may have a way to boost its stats
|clearpoke
|poke|p1|Tyranitar, M|item
|poke|p1|Breloom, F|item
|poke|p1|Latios, M|item
|poke|p1|Landorus-Therian, M|item
|poke|p1|Excadrill, M|item
|poke|p1|Rotom-Wash|item
|poke|p2|Tyranitar, M|item
|poke|p2|Alakazam, M|item
|poke|p2|Latios, M|item
|poke|p2|Ferrothorn, M|item
|poke|p2|Keldeo|item
|poke|p2|Landorus-Therian, M|item
|teampreview
|inactive|Battle timer is ON: inactive players will automatically lose when time's up. (requested by onlyusemebladee)
|
|t:|1741069072
|start
|switch|p1a: Breloom|Breloom, F|100/100
|switch|p2a: Landorus|Landorus-Therian, M|100/100
|-ability|p2a: Landorus|Intimidate|boost
|-unboost|p1a: Breloom|atk|1
|turn|1
|
|t:|1741069081
|move|p1a: Breloom|Protect|p1a: Breloom
|-singleturn|p1a: Breloom|Protect
|move|p2a: Landorus|Stealth Rock|p1a: Breloom
|-sidestart|p1: onlyusemebladee|move: Stealth Rock
|
|-status|p1a: Breloom|tox|[from] item: Toxic Orb
|upkeep
|turn|2
|
|t:|1741069089
|switch|p1a: Rotom|Rotom-Wash|100/100
|-damage|p1a: Rotom|88/100|[from] Stealth Rock
|move|p2a: Landorus|Hidden Power|p1a: Rotom
|-resisted|p1a: Rotom
|-crit|p1a: Rotom
|-damage|p1a: Rotom|75/100
|
|-heal|p1a: Rotom|81/100|[from] item: Leftovers
|upkeep
|turn|3
|
|t:|1741069105
|move|p2a: Landorus|U-turn|p1a: Rotom
|-damage|p1a: Rotom|58/100
|
|t:|1741069112
|switch|p2a: Ferrothorn|Ferrothorn, M|100/100|[from] U-turn
|move|p1a: Rotom|Will-O-Wisp|p2a: Ferrothorn
|-status|p2a: Ferrothorn|brn
|
|-heal|p1a: Rotom|64/100|[from] item: Leftovers
|-damage|p2a: Ferrothorn|88/100 brn|[from] brn
|upkeep
|turn|4
|
|t:|1741069125
|move|p1a: Rotom|Volt Switch|p2a: Ferrothorn
|-resisted|p2a: Ferrothorn
|-damage|p2a: Ferrothorn|79/100 brn
|
|t:|1741069128
|switch|p1a: Breloom|Breloom, F|100/100 tox|[from] Volt Switch
|-damage|p1a: Breloom|94/100 tox|[from] Stealth Rock
|move|p2a: Ferrothorn|Spikes|p1a: Breloom
|-sidestart|p1: onlyusemebladee|Spikes
|
|-heal|p2a: Ferrothorn|85/100 brn|[from] item: Leftovers
|-heal|p1a: Breloom|100/100 tox|[from] ability: Poison Heal
|-damage|p2a: Ferrothorn|73/100 brn|[from] brn
|upkeep
|turn|5
|
|t:|1741069144
|switch|p2a: Latios|Latios, M|100/100
|move|p1a: Breloom|Swords Dance|p1a: Breloom
|-boost|p1a: Breloom|atk|2
|
|upkeep
|turn|6
|
|t:|1741069160
|move|p1a: Breloom|Protect|p1a: Breloom
|-singleturn|p1a: Breloom|Protect
|move|p2a: Latios|Draco Meteor|p1a: Breloom
|-activate|p1a: Breloom|move: Protect
|
|upkeep
|turn|7
|
|t:|1741069175
|switch|p2a: Landorus|Landorus-Therian, M|100/100
|-ability|p2a: Landorus|Intimidate|boost
|-unboost|p1a: Breloom|atk|1
|switch|p1a: Excadrill|Excadrill, M|100/100
|-damage|p1a: Excadrill|97/100|[from] Stealth Rock
|-damage|p1a: Excadrill|85/100|[from] Spikes
|
|-heal|p1a: Excadrill|91/100|[from] item: Leftovers
|upkeep
|turn|8
|
|t:|1741069186
|move|p1a: Excadrill|Protect|p1a: Excadrill
|-singleturn|p1a: Excadrill|Protect
|move|p2a: Landorus|Earthquake|p1a: Excadrill
|-activate|p1a: Excadrill|move: Protect
|
|-heal|p1a: Excadrill|97/100|[from] item: Leftovers
|upkeep
|turn|9
|
|t:|1741069197
|switch|p1a: Landorus|Landorus-Therian, M|100/100
|-damage|p1a: Landorus|88/100|[from] Stealth Rock
|-ability|p1a: Landorus|Intimidate|boost
|-unboost|p2a: Landorus|atk|1
|move|p2a: Landorus|U-turn|p1a: Landorus
|-resisted|p1a: Landorus
|-damage|p1a: Landorus|80/100
|
|t:|1741069212
|switch|p2a: Keldeo|Keldeo|100/100|[from] U-turn
|
|-heal|p1a: Landorus|86/100|[from] item: Leftovers
|upkeep
|turn|10
|
|t:|1741069230
|switch|p1a: Breloom|Breloom, F|100/100 tox
|-damage|p1a: Breloom|94/100 tox|[from] Stealth Rock
|-damage|p1a: Breloom|82/100 tox|[from] Spikes
|move|p2a: Keldeo|Substitute|p2a: Keldeo
|-start|p2a: Keldeo|Substitute
|-damage|p2a: Keldeo|76/100
|
|-heal|p2a: Keldeo|82/100|[from] item: Leftovers
|-heal|p1a: Breloom|94/100 tox|[from] ability: Poison Heal
|upkeep
|turn|11
|
|t:|1741069241
|move|p2a: Keldeo|Secret Sword|p1a: Breloom
|-damage|p1a: Breloom|38/100 tox
|move|p1a: Breloom|Seed Bomb|p2a: Keldeo
|-supereffective|p2a: Keldeo
|-end|p2a: Keldeo|Substitute
|
|-heal|p2a: Keldeo|88/100|[from] item: Leftovers
|-heal|p1a: Breloom|50/100 tox|[from] ability: Poison Heal
|upkeep
|turn|12
|
|t:|1741069253
|switch|p1a: Latios|Latios, M|100/100
|-damage|p1a: Latios|88/100|[from] Stealth Rock
|move|p2a: Keldeo|Secret Sword|p1a: Latios
|-resisted|p1a: Latios
|-damage|p1a: Latios|58/100
|
|-heal|p2a: Keldeo|94/100|[from] item: Leftovers
|upkeep
|turn|13
|
|t:|1741069264
|switch|p1a: Excadrill|Excadrill, M|97/100
|-damage|p1a: Excadrill|94/100|[from] Stealth Rock
|-damage|p1a: Excadrill|82/100|[from] Spikes
|switch|p2a: Ferrothorn|Ferrothorn, M|73/100 brn
|
|-heal|p1a: Excadrill|88/100|[from] item: Leftovers
|-heal|p2a: Ferrothorn|79/100 brn|[from] item: Leftovers
|-damage|p2a: Ferrothorn|67/100 brn|[from] brn
|upkeep
|turn|14
|
|t:|1741069280
|switch|p2a: Landorus|Landorus-Therian, M|100/100
|-ability|p2a: Landorus|Intimidate|boost
|-unboost|p1a: Excadrill|atk|1
|move|p1a: Excadrill|Earthquake|p2a: Landorus
|-immune|p2a: Landorus
|
|-heal|p1a: Excadrill|94/100|[from] item: Leftovers
|upkeep
|turn|15
|
|t:|1741069295
|move|p1a: Excadrill|Protect|p1a: Excadrill
|-singleturn|p1a: Excadrill|Protect
|move|p2a: Landorus|U-turn|p1a: Excadrill
|-activate|p1a: Excadrill|move: Protect
|
|-heal|p1a: Excadrill|99/100|[from] item: Leftovers
|upkeep
|turn|16
|
|t:|1741069303
|move|p2a: Landorus|Earthquake|p1a: Excadrill
|-supereffective|p1a: Excadrill
|-damage|p1a: Excadrill|0 fnt
|faint|p1a: Excadrill
|
|upkeep
|-message|onlyusemebladee forfeited.
|
|win|dhdhdhdhbdbdb
|raw|onlyusemebladee's rating: 1311 &rarr; <strong>1295</strong><br />(-16 for losing)
|raw|dhdhdhdhbdbdb's rating: 1379 &rarr; <strong>1395</strong><br />(+16 for winning)
|l|☆onlyusemebladee
|player|p1|
