|j|☆wudikrunnis
|j|☆PirateDesCarabing
|t:|1723450314
|gametype|singles
|player|p1|wudikrunnis|266|1366
|player|p2|PirateDesCarabing|ingo|1496
|teamsize|p1|6
|teamsize|p2|6
|gen|5
|tier|[Gen 5] OU
|rated|
|rule|Species Clause: Limit one of each Pokémon
|rule|OHKO Clause: OHKO moves are banned
|rule|Moody Clause: Moody is banned
|rule|Evasion Items Clause: Evasion items are banned
|rule|Evasion Moves Clause: Evasion moves are banned
|rule|Endless Battle Clause: Forcing endless battles is banned
|rule|HP Percentage Mod: HP is shown in percentages
|rule|Evasion Abilities Clause: Evasion abilities are banned
|rule|Sleep Moves Clause: Sleep-inducing moves are banned
|rule|Swagger Clause: Swagger is banned
|rule|Baton Pass Stat Clause: No Baton Passer may have a way to boost its stats
|clearpoke
|poke|p1|Landorus-Therian, M|item
|poke|p1|Ferrothorn, F|item
|poke|p1|Terrakion|item
|poke|p1|Latios, M|item
|poke|p1|Rotom-Wash|item
|poke|p1|Tyranitar, M|item
|poke|p2|Politoed, M|item
|poke|p2|Ferrothorn, F|item
|poke|p2|Mamoswine, M|item
|poke|p2|Latios, M|item
|poke|p2|Thundurus-Therian, M|item
|poke|p2|Tentacruel, F|item
|teampreview
|
|t:|1723450342
|start
|switch|p1a: Landorus|Landorus-Therian, M|100/100
|switch|p2a: Ferrothorn|Ferrothorn, F|100/100
|-ability|p1a: Landorus|Intimidate|boost
|-unboost|p2a: Ferrothorn|atk|1
|turn|1
|
|t:|1723450377
|switch|p1a: Ferrothorn|Ferrothorn, F|100/100
|move|p2a: Ferrothorn|Stealth Rock|p1a: Ferrothorn
|-sidestart|p1: wudikrunnis|move: Stealth Rock
|
|upkeep
|turn|2
|
|t:|1723450386
|move|p1a: Ferrothorn|Spikes|p2a: Ferrothorn
|-sidestart|p2: PirateDesCarabing|Spikes
|move|p2a: Ferrothorn|Knock Off|p1a: Ferrothorn
|-resisted|p1a: Ferrothorn
|-damage|p1a: Ferrothorn|99/100
|-damage|p2a: Ferrothorn|88/100|[from] ability: Iron Barbs|[of] p1a: Ferrothorn
|-enditem|p1a: Ferrothorn|Leftovers|[from] move: Knock Off|[of] p2a: Ferrothorn
|
|upkeep
|turn|3
|
|t:|1723450399
|move|p1a: Ferrothorn|Leech Seed|p2a: Ferrothorn
|-immune|p2a: Ferrothorn
|move|p2a: Ferrothorn|Spikes|p1a: Ferrothorn
|-sidestart|p1: wudikrunnis|Spikes
|
|upkeep
|turn|4
|
|t:|1723450407
|move|p1a: Ferrothorn|Spikes|p2a: Ferrothorn
|-sidestart|p2: PirateDesCarabing|Spikes
|move|p2a: Ferrothorn|Spikes|p1a: Ferrothorn
|-sidestart|p1: wudikrunnis|Spikes
|
|upkeep
|turn|5
|
|t:|1723450415
|move|p1a: Ferrothorn|Spikes|p2a: Ferrothorn
|-sidestart|p2: PirateDesCarabing|Spikes
|move|p2a: Ferrothorn|Spikes|p1a: Ferrothorn
|-sidestart|p1: wudikrunnis|Spikes
|
|upkeep
|turn|6
|
|t:|1723450428
|switch|p2a: Politoed|Politoed, M|100/100
|-damage|p2a: Politoed|75/100|[from] Spikes
|-weather|RainDance|[from] ability: Drizzle|[of] p2a: Politoed
|move|p1a: Ferrothorn|Leech Seed|p2a: Politoed
|-start|p2a: Politoed|move: Leech Seed
|
|-weather|RainDance|[upkeep]
|-heal|p2a: Politoed|82/100|[from] item: Leftovers
|-damage|p2a: Politoed|69/100|[from] Leech Seed|[of] p1a: Ferrothorn
|-heal|p1a: Ferrothorn|100/100|[silent]
|upkeep
|turn|7
|
|t:|1723450459
|switch|p2a: Tentacruel|Tentacruel, F|100/100
|-damage|p2a: Tentacruel|75/100|[from] Spikes
|move|p1a: Ferrothorn|Leech Seed|p2a: Tentacruel
|-start|p2a: Tentacruel|move: Leech Seed
|
|-weather|RainDance|[upkeep]
|-heal|p2a: Tentacruel|82/100|[from] ability: Rain Dish
|-heal|p2a: Tentacruel|88/100|[from] item: Black Sludge
|-damage|p2a: Tentacruel|75/100|[from] Leech Seed|[of] p1a: Ferrothorn
|upkeep
|turn|8
|
|t:|1723450476
|move|p2a: Tentacruel|Rapid Spin|p1a: Ferrothorn
|-resisted|p1a: Ferrothorn
|-damage|p1a: Ferrothorn|99/100
|-damage|p2a: Tentacruel|63/100|[from] ability: Iron Barbs|[of] p1a: Ferrothorn
|-end|p2a: Tentacruel|Leech Seed|[from] move: Rapid Spin|[of] p2a: Tentacruel
|-sideend|p2: PirateDesCarabing|Spikes|[from] move: Rapid Spin|[of] p2a: Tentacruel
|move|p1a: Ferrothorn|Power Whip|p2a: Tentacruel
|-damage|p2a: Tentacruel|24/100
|
|-weather|RainDance|[upkeep]
|-heal|p2a: Tentacruel|30/100|[from] ability: Rain Dish
|-heal|p2a: Tentacruel|36/100|[from] item: Black Sludge
|upkeep
|turn|9
|
|t:|1723450496
|move|p2a: Tentacruel|Protect|p2a: Tentacruel
|-singleturn|p2a: Tentacruel|Protect
|move|p1a: Ferrothorn|Leech Seed|p2a: Tentacruel
|-activate|p2a: Tentacruel|move: Protect
|
|-weather|RainDance|[upkeep]
|-heal|p2a: Tentacruel|42/100|[from] ability: Rain Dish
|-heal|p2a: Tentacruel|48/100|[from] item: Black Sludge
|upkeep
|turn|10
|
|t:|1723450506
|move|p2a: Tentacruel|Scald|p1a: Ferrothorn
|-resisted|p1a: Ferrothorn
|-damage|p1a: Ferrothorn|88/100
|-status|p1a: Ferrothorn|brn
|move|p1a: Ferrothorn|Leech Seed|p2a: Tentacruel
|-start|p2a: Tentacruel|move: Leech Seed
|
|-weather|RainDance|[upkeep]
|-heal|p2a: Tentacruel|54/100|[from] ability: Rain Dish
|-heal|p2a: Tentacruel|60/100|[from] item: Black Sludge
|-damage|p2a: Tentacruel|48/100|[from] Leech Seed|[of] p1a: Ferrothorn
|-heal|p1a: Ferrothorn|100/100 brn|[silent]
|-damage|p1a: Ferrothorn|88/100 brn|[from] brn
|upkeep
|turn|11
|
|t:|1723450528
|switch|p2a: Thundurus|Thundurus-Therian, M|100/100
|switch|p1a: Tyranitar|Tyranitar, M|100/100
|-damage|p1a: Tyranitar|88/100|[from] Stealth Rock
|-damage|p1a: Tyranitar|63/100|[from] Spikes
|-weather|Sandstorm|[from] ability: Sand Stream|[of] p1a: Tyranitar
|
|-weather|Sandstorm|[upkeep]
|-damage|p2a: Thundurus|94/100|[from] Sandstorm
|-heal|p2a: Thundurus|100/100|[from] item: Leftovers
|upkeep
|turn|12
|
|t:|1723450535
|move|p2a: Thundurus|U-turn|p1a: Tyranitar
|-supereffective|p1a: Tyranitar
|-damage|p1a: Tyranitar|40/100
|
|t:|1723450543
|switch|p2a: Ferrothorn|Ferrothorn, F|88/100|[from] U-turn
|move|p1a: Tyranitar|Crunch|p2a: Ferrothorn
|-resisted|p2a: Ferrothorn
|-damage|p2a: Ferrothorn|74/100
|-damage|p1a: Tyranitar|28/100|[from] ability: Iron Barbs|[of] p2a: Ferrothorn
|
|-weather|Sandstorm|[upkeep]
|upkeep
|turn|13
|
|t:|1723450557
|switch|p2a: Politoed|Politoed, M|69/100
|-weather|RainDance|[from] ability: Drizzle|[of] p2a: Politoed
|move|p1a: Tyranitar|Stealth Rock|p2a: Politoed
|-sidestart|p2: PirateDesCarabing|move: Stealth Rock
|
|-weather|RainDance|[upkeep]
|-heal|p2a: Politoed|75/100|[from] item: Leftovers
|upkeep
|turn|14
|
|t:|1723450565
|switch|p1a: Ferrothorn|Ferrothorn, F|88/100 brn
|-damage|p1a: Ferrothorn|82/100 brn|[from] Stealth Rock
|-damage|p1a: Ferrothorn|57/100 brn|[from] Spikes
|move|p2a: Politoed|Scald|p1a: Ferrothorn
|-resisted|p1a: Ferrothorn
|-damage|p1a: Ferrothorn|43/100 brn
|
|-weather|RainDance|[upkeep]
|-heal|p2a: Politoed|82/100|[from] item: Leftovers
|-damage|p1a: Ferrothorn|30/100 brn|[from] brn
|upkeep
|turn|15
|
|t:|1723450576
|move|p2a: Politoed|Protect|p2a: Politoed
|-singleturn|p2a: Politoed|Protect
|move|p1a: Ferrothorn|Spikes|p2a: Politoed
|-sidestart|p2: PirateDesCarabing|Spikes
|
|-weather|RainDance|[upkeep]
|-heal|p2a: Politoed|88/100|[from] item: Leftovers
|-damage|p1a: Ferrothorn|18/100 brn|[from] brn
|upkeep
|turn|16
|
|t:|1723450581
|move|p2a: Politoed|Encore|p1a: Ferrothorn
|-start|p1a: Ferrothorn|Encore
|move|p1a: Ferrothorn|Spikes|p2a: Politoed
|-sidestart|p2: PirateDesCarabing|Spikes
|
|-weather|RainDance|[upkeep]
|-heal|p2a: Politoed|94/100|[from] item: Leftovers
|-damage|p1a: Ferrothorn|5/100 brn|[from] brn
|upkeep
|turn|17
|
|t:|1723450588
|switch|p2a: Tentacruel|Tentacruel, F|48/100
|-damage|p2a: Tentacruel|35/100|[from] Stealth Rock
|-damage|p2a: Tentacruel|19/100|[from] Spikes
|move|p1a: Ferrothorn|Spikes|p2a: Tentacruel
|-sidestart|p2: PirateDesCarabing|Spikes
|
|-weather|RainDance|[upkeep]
|-heal|p2a: Tentacruel|25/100|[from] ability: Rain Dish
|-heal|p2a: Tentacruel|31/100|[from] item: Black Sludge
|-damage|p1a: Ferrothorn|0 fnt|[from] brn
|faint|p1a: Ferrothorn
|upkeep
|
|t:|1723450610
|switch|p1a: Terrakion|Terrakion|100/100
|-damage|p1a: Terrakion|94/100|[from] Stealth Rock
|-damage|p1a: Terrakion|69/100|[from] Spikes
|turn|18
|
|t:|1723450623
|move|p2a: Tentacruel|Protect|p2a: Tentacruel
|-singleturn|p2a: Tentacruel|Protect
|move|p1a: Terrakion|Stone Edge|p2a: Tentacruel
|-activate|p2a: Tentacruel|move: Protect
|
|-weather|RainDance|[upkeep]
|-heal|p2a: Tentacruel|37/100|[from] ability: Rain Dish
|-heal|p2a: Tentacruel|43/100|[from] item: Black Sludge
|upkeep
|turn|19
|
|t:|1723450640
|switch|p2a: Politoed|Politoed, M|94/100
|-damage|p2a: Politoed|82/100|[from] Stealth Rock
|-damage|p2a: Politoed|57/100|[from] Spikes
|move|p1a: Terrakion|Stone Edge|p2a: Politoed
|-damage|p2a: Politoed|0 fnt
|faint|p2a: Politoed
|
|-weather|RainDance|[upkeep]
|upkeep
|
|t:|1723450642
|switch|p2a: Latios|Latios, M|100/100
|-damage|p2a: Latios|88/100|[from] Stealth Rock
|turn|20
|
|t:|1723450649
|move|p1a: Terrakion|Protect|p1a: Terrakion
|-singleturn|p1a: Terrakion|Protect
|move|p2a: Latios|Surf|p1a: Terrakion
|-activate|p1a: Terrakion|move: Protect
|
|-weather|RainDance|[upkeep]
|upkeep
|turn|21
|
|t:|1723450664
|switch|p1a: Tyranitar|Tyranitar, M|28/100
|-damage|p1a: Tyranitar|15/100|[from] Stealth Rock
|-damage|p1a: Tyranitar|0 fnt|[from] Spikes
|faint|p1a: Tyranitar
|move|p2a: Latios|Surf|p1: Tyranitar|[notarget]
|-fail|p2a: Latios
|
|-weather|RainDance|[upkeep]
|upkeep
|
|t:|1723450682
|switch|p1a: Latios|Latios, M|100/100
|-damage|p1a: Latios|88/100|[from] Stealth Rock
|turn|22
|
|t:|1723450703
|switch|p2a: Ferrothorn|Ferrothorn, F|74/100
|-damage|p2a: Ferrothorn|67/100|[from] Stealth Rock
|-damage|p2a: Ferrothorn|42/100|[from] Spikes
|move|p1a: Latios|Trick|p2a: Ferrothorn
|-activate|p1a: Latios|move: Trick|[of] p2a: Ferrothorn
|-item|p2a: Ferrothorn|Choice Specs|[from] move: Trick
|-item|p1a: Latios|Lum Berry|[from] move: Trick
|
|-weather|RainDance|[upkeep]
|upkeep
|turn|23
|
|t:|1723450737
|switch|p1a: Rotom|Rotom-Wash|100/100
|-damage|p1a: Rotom|88/100|[from] Stealth Rock
|move|p2a: Ferrothorn|Knock Off|p1a: Rotom
|-damage|p1a: Rotom|83/100
|-enditem|p1a: Rotom|Leftovers|[from] move: Knock Off|[of] p2a: Ferrothorn
|
|-weather|RainDance|[upkeep]
|upkeep
|turn|24
|
|t:|1723450747
|switch|p2a: Thundurus|Thundurus-Therian, M|100/100
|-damage|p2a: Thundurus|76/100|[from] Stealth Rock
|move|p1a: Rotom|Will-O-Wisp|p2a: Thundurus
|-status|p2a: Thundurus|brn
|
|-weather|RainDance|[upkeep]
|-heal|p2a: Thundurus|82/100 brn|[from] item: Leftovers
|-damage|p2a: Thundurus|69/100 brn|[from] brn
|upkeep
|turn|25
|
|t:|1723450760
|move|p2a: Thundurus|Thunder|p1a: Rotom
|-damage|p1a: Rotom|31/100
|move|p1a: Rotom|Hydro Pump|p2a: Thundurus
|-damage|p2a: Thundurus|0 fnt
|faint|p2a: Thundurus
|
|-weather|RainDance|[upkeep]
|upkeep
|
|t:|1723450765
|switch|p2a: Tentacruel|Tentacruel, F|43/100
|-damage|p2a: Tentacruel|31/100|[from] Stealth Rock
|-damage|p2a: Tentacruel|6/100|[from] Spikes
|turn|26
|
|t:|1723450772
|move|p2a: Tentacruel|Rapid Spin|p1a: Rotom
|-damage|p1a: Rotom|28/100
|-sideend|p2: PirateDesCarabing|Spikes|[from] move: Rapid Spin|[of] p2a: Tentacruel
|-sideend|p2: PirateDesCarabing|Stealth Rock|[from] move: Rapid Spin|[of] p2a: Tentacruel
|move|p1a: Rotom|Volt Switch|p2a: Tentacruel
|-supereffective|p2a: Tentacruel
|-damage|p2a: Tentacruel|0 fnt
|faint|p2a: Tentacruel
|
|t:|1723450803
|switch|p1a: Latios|Latios, M|88/100|[from] Volt Switch
|-damage|p1a: Latios|76/100|[from] Stealth Rock
|
|-weather|RainDance|[upkeep]
|upkeep
|
|t:|1723450811
|switch|p2a: Mamoswine|Mamoswine, M|100/100
|turn|27
|
|t:|1723450818
|switch|p1a: Rotom|Rotom-Wash|28/100
|-damage|p1a: Rotom|16/100|[from] Stealth Rock
|move|p2a: Mamoswine|Ice Shard|p1a: Rotom
|-resisted|p1a: Rotom
|-damage|p1a: Rotom|0 fnt
|faint|p1a: Rotom
|
|-weather|RainDance|[upkeep]
|upkeep
|
|t:|1723450831
|switch|p1a: Terrakion|Terrakion|69/100
|-damage|p1a: Terrakion|63/100|[from] Stealth Rock
|-damage|p1a: Terrakion|38/100|[from] Spikes
|turn|28
|
|t:|1723450845
|switch|p2a: Ferrothorn|Ferrothorn, F|42/100
|move|p1a: Terrakion|Stone Edge|p2a: Ferrothorn
|-resisted|p2a: Ferrothorn
|-damage|p2a: Ferrothorn|21/100
|
|-weather|RainDance|[upkeep]
|upkeep
|turn|29
|
|t:|1723450857
|move|p1a: Terrakion|Stone Edge|p2a: Ferrothorn
|-resisted|p2a: Ferrothorn
|-damage|p2a: Ferrothorn|0 fnt
|faint|p2a: Ferrothorn
|
|-weather|RainDance|[upkeep]
|upkeep
|
|t:|1723450860
|switch|p2a: Latios|Latios, M|88/100
|turn|30
|
|t:|1723450895
|move|p1a: Terrakion|Protect|p1a: Terrakion
|-singleturn|p1a: Terrakion|Protect
|move|p2a: Latios|Surf|p1a: Terrakion
|-activate|p1a: Terrakion|move: Protect
|
|-weather|RainDance|[upkeep]
|upkeep
|turn|31
|
|t:|1723450959
|switch|p2a: Mamoswine|Mamoswine, M|100/100
|move|p1a: Terrakion|Stone Edge|p2a: Mamoswine
|-damage|p2a: Mamoswine|31/100
|
|-weather|RainDance|[upkeep]
|upkeep
|turn|32
|
|t:|1723450973
|move|p2a: Mamoswine|Ice Shard|p1a: Terrakion
|-damage|p1a: Terrakion|0 fnt
|faint|p1a: Terrakion
|
|-weather|RainDance|[upkeep]
|upkeep
|
|t:|1723450976
|switch|p1a: Landorus|Landorus-Therian, M|100/100
|-damage|p1a: Landorus|88/100|[from] Stealth Rock
|-ability|p1a: Landorus|Intimidate|boost
|-unboost|p2a: Mamoswine|atk|1
|turn|33
|
|t:|1723450982
|move|p2a: Mamoswine|Ice Shard|p1a: Landorus
|-supereffective|p1a: Landorus
|-damage|p1a: Landorus|16/100
|move|p1a: Landorus|Punishment|p2a: Mamoswine
|-damage|p2a: Mamoswine|9/100
|
|-weather|RainDance|[upkeep]
|upkeep
|turn|34
|
|t:|1723450992
|move|p2a: Mamoswine|Ice Shard|p1a: Landorus
|-supereffective|p1a: Landorus
|-damage|p1a: Landorus|0 fnt
|faint|p1a: Landorus
|
|-weather|RainDance|[upkeep]
|upkeep
|
|t:|1723450994
|switch|p1a: Latios|Latios, M|76/100
|-damage|p1a: Latios|64/100|[from] Stealth Rock
|turn|35
|
|t:|1723450998
|switch|p2a: Latios|Latios, M|88/100
|move|p1a: Latios|Surf|p2a: Latios
|-resisted|p2a: Latios
|-damage|p2a: Latios|61/100
|
|-weather|RainDance|[upkeep]
|upkeep
|turn|36
|
|t:|1723451001
|move|p2a: Latios|Draco Meteor|p1a: Latios
|-supereffective|p1a: Latios
|-damage|p1a: Latios|0 fnt
|-unboost|p2a: Latios|spa|2
|faint|p1a: Latios
|
|win|PirateDesCarabing
|raw|wudikrunnis's rating: 1366 &rarr; <strong>1353</strong><br />(-13 for losing)
|raw|PirateDesCarabing's rating: 1496 &rarr; <strong>1509</strong><br />(+13 for winning)
|l|☆PirateDesCarabing
|player|p2|
