|j|☆ladbwsuckkss
|j|☆apo_ace
|t:|1745619646
|gametype|singles
|player|p1|ladbwsuckkss|psychic-gen2|1398
|player|p2|apo_ace|266|1422
|teamsize|p1|6
|teamsize|p2|6
|gen|5
|tier|[Gen 5] OU
|rated|
|rule|Species Clause: Limit one of each Pokémon
|rule|OHKO Clause: OHKO moves are banned
|rule|Moody Clause: Moody is banned
|rule|Evasion Items Clause: Evasion items are banned
|rule|Evasion Moves Clause: Evasion moves are banned
|rule|Endless Battle Clause: Forcing endless battles is banned
|rule|HP Percentage Mod: HP is shown in percentages
|rule|Evasion Abilities Clause: Evasion abilities are banned
|rule|Sleep Moves Clause: Sleep-inducing moves are banned
|rule|Swagger Clause: Swagger is banned
|rule|Baton Pass Stat Clause: No Baton Passer may have a way to boost its stats
|clearpoke
|poke|p1|Magnezone|item
|poke|p1|Terrakion|item
|poke|p1|Latios, M|item
|poke|p1|Ferrothorn, M|item
|poke|p1|Latias, F|item
|poke|p1|Forretress, F|item
|poke|p2|Hippowdon, F|item
|poke|p2|Skarmory, F|item
|poke|p2|Reuniclus, F|item
|poke|p2|Clefable, M|item
|poke|p2|Latias, F|item
|poke|p2|Bronzong|item
|teampreview
|inactive|Battle timer is ON: inactive players will automatically lose when time's up. (requested by ladbwsuckkss)
|inactive|apo_ace has 120 seconds left.
|inactive|apo_ace has 90 seconds left.
|inactive|apo_ace has 60 seconds left.
|
|t:|1745619762
|start
|switch|p1a: Forretress|Forretress, F|100/100
|switch|p2a: Hippowdon|Hippowdon, F|100/100
|-weather|Sandstorm|[from] ability: Sand Stream|[of] p2a: Hippowdon
|turn|1
|inactive|ladbwsuckkss has 120 seconds left.
|
|t:|1745619795
|move|p2a: Hippowdon|Stealth Rock|p1a: Forretress
|-sidestart|p1: ladbwsuckkss|move: Stealth Rock
|move|p1a: Forretress|Stealth Rock|p2a: Hippowdon
|-sidestart|p2: apo_ace|move: Stealth Rock
|
|-weather|Sandstorm|[upkeep]
|upkeep
|turn|2
|inactive|ladbwsuckkss has 120 seconds left.
|
|t:|1745619806
|move|p1a: Forretress|Rapid Spin|p2a: Hippowdon
|-damage|p2a: Hippowdon|98/100
|-sideend|p1: ladbwsuckkss|Stealth Rock|[from] move: Rapid Spin|[of] p1a: Forretress
|move|p2a: Hippowdon|Whirlwind|p1a: Forretress
|drag|p1a: Latios|Latios, M, shiny|100/100
|
|-weather|Sandstorm|[upkeep]
|-damage|p1a: Latios|95/100|[from] Sandstorm
|-heal|p2a: Hippowdon|100/100|[from] item: Leftovers
|upkeep
|turn|3
|
|t:|1745619812
|switch|p2a: Bronzong|Bronzong|100/100
|-damage|p2a: Bronzong|94/100|[from] Stealth Rock
|move|p1a: Latios|Luster Purge|p2a: Bronzong
|-resisted|p2a: Bronzong
|-damage|p2a: Bronzong|84/100
|-unboost|p2a: Bronzong|spd|1
|
|-weather|Sandstorm|[upkeep]
|-damage|p1a: Latios|89/100|[from] Sandstorm
|-heal|p2a: Bronzong|90/100|[from] item: Leftovers
|upkeep
|turn|4
|
|t:|1745619822
|switch|p1a: Ferrothorn|Ferrothorn, M, shiny|100/100
|switch|p2a: Hippowdon|Hippowdon, F|100/100
|-damage|p2a: Hippowdon|94/100|[from] Stealth Rock
|
|-weather|Sandstorm|[upkeep]
|-heal|p2a: Hippowdon|100/100|[from] item: Leftovers
|upkeep
|turn|5
|inactive|ladbwsuckkss has 120 seconds left.
|
|t:|1745619856
|move|p2a: Hippowdon|Stealth Rock|p1a: Ferrothorn
|-sidestart|p1: ladbwsuckkss|move: Stealth Rock
|move|p1a: Ferrothorn|Power Whip|p2a: Hippowdon
|-supereffective|p2a: Hippowdon
|-damage|p2a: Hippowdon|45/100
|
|-weather|Sandstorm|[upkeep]
|-heal|p2a: Hippowdon|51/100|[from] item: Leftovers
|upkeep
|turn|6
|
|t:|1745619864
|move|p2a: Hippowdon|Slack Off|p2a: Hippowdon
|-heal|p2a: Hippowdon|100/100
|move|p1a: Ferrothorn|Curse|p1a: Ferrothorn
|-unboost|p1a: Ferrothorn|spe|1
|-boost|p1a: Ferrothorn|atk|1
|-boost|p1a: Ferrothorn|def|1
|
|-weather|Sandstorm|[upkeep]
|upkeep
|turn|7
|inactive|ladbwsuckkss has 120 seconds left.
|
|t:|1745619880
|switch|p2a: Skarmory|Skarmory, F|100/100
|-damage|p2a: Skarmory|88/100|[from] Stealth Rock
|move|p1a: Ferrothorn|Power Whip|p2a: Skarmory
|-resisted|p2a: Skarmory
|-damage|p2a: Skarmory|80/100
|-damage|p1a: Ferrothorn|84/100|[from] item: Rocky Helmet|[of] p2a: Skarmory
|
|-weather|Sandstorm|[upkeep]
|upkeep
|turn|8
|
|t:|1745619890
|move|p1a: Ferrothorn|Power Whip|p2a: Skarmory
|-resisted|p2a: Skarmory
|-damage|p2a: Skarmory|72/100
|-damage|p1a: Ferrothorn|67/100|[from] item: Rocky Helmet|[of] p2a: Skarmory
|move|p2a: Skarmory|Whirlwind|p1a: Ferrothorn
|drag|p1a: Latias|Latias, F, shiny|100/100
|-damage|p1a: Latias|88/100|[from] Stealth Rock
|
|-weather|Sandstorm|[upkeep]
|-damage|p1a: Latias|82/100|[from] Sandstorm
|upkeep
|turn|9
|
|t:|1745619902
|switch|p1a: Magnezone|Magnezone, shiny|100/100
|-damage|p1a: Magnezone|95/100|[from] Stealth Rock
|switch|p2a: Bronzong|Bronzong|90/100
|-damage|p2a: Bronzong|84/100|[from] Stealth Rock
|
|-weather|Sandstorm|[upkeep]
|-heal|p2a: Bronzong|90/100|[from] item: Leftovers
|upkeep
|turn|10
|
|t:|1745619906
|move|p2a: Bronzong|Protect|p2a: Bronzong
|-singleturn|p2a: Bronzong|Protect
|move|p1a: Magnezone|Thunderbolt|p2a: Bronzong
|-activate|p2a: Bronzong|move: Protect
|
|-weather|Sandstorm|[upkeep]
|-heal|p2a: Bronzong|97/100|[from] item: Leftovers
|upkeep
|turn|11
|
|t:|1745619909
|switch|p1a: Forretress|Forretress, F|100/100
|-damage|p1a: Forretress|88/100|[from] Stealth Rock
|move|p2a: Bronzong|Earthquake|p1a: Forretress
|-damage|p1a: Forretress|77/100
|
|-weather|Sandstorm|[upkeep]
|-heal|p1a: Forretress|84/100|[from] item: Leftovers
|-heal|p2a: Bronzong|100/100|[from] item: Leftovers
|upkeep
|turn|12
|
|t:|1745619915
|switch|p2a: Skarmory|Skarmory, F|72/100
|-damage|p2a: Skarmory|59/100|[from] Stealth Rock
|move|p1a: Forretress|Rapid Spin|p2a: Skarmory
|-resisted|p2a: Skarmory
|-damage|p2a: Skarmory|59/100
|-damage|p1a: Forretress|67/100|[from] item: Rocky Helmet|[of] p2a: Skarmory
|-sideend|p1: ladbwsuckkss|Stealth Rock|[from] move: Rapid Spin|[of] p1a: Forretress
|
|-weather|Sandstorm|[upkeep]
|-heal|p1a: Forretress|73/100|[from] item: Leftovers
|upkeep
|turn|13
|
|t:|1745619930
|switch|p2a: Hippowdon|Hippowdon, F|100/100
|-damage|p2a: Hippowdon|94/100|[from] Stealth Rock
|move|p1a: Forretress|Volt Switch|p2a: Hippowdon
|-immune|p2a: Hippowdon
|
|-weather|Sandstorm|[upkeep]
|-heal|p2a: Hippowdon|100/100|[from] item: Leftovers
|-heal|p1a: Forretress|79/100|[from] item: Leftovers
|upkeep
|turn|14
|
|t:|1745619934
|move|p2a: Hippowdon|Stealth Rock|p1a: Forretress
|-sidestart|p1: ladbwsuckkss|move: Stealth Rock
|move|p1a: Forretress|Rapid Spin|p2a: Hippowdon
|-damage|p2a: Hippowdon|98/100
|-sideend|p1: ladbwsuckkss|Stealth Rock|[from] move: Rapid Spin|[of] p1a: Forretress
|
|-weather|Sandstorm|[upkeep]
|-heal|p2a: Hippowdon|100/100|[from] item: Leftovers
|-heal|p1a: Forretress|86/100|[from] item: Leftovers
|upkeep
|turn|15
|
|t:|1745619945
|switch|p1a: Latios|Latios, M, shiny|89/100
|move|p2a: Hippowdon|Stealth Rock|p1a: Latios
|-sidestart|p1: ladbwsuckkss|move: Stealth Rock
|
|-weather|Sandstorm|[upkeep]
|-damage|p1a: Latios|83/100|[from] Sandstorm
|upkeep
|turn|16
|
|t:|1745619962
|switch|p2a: Bronzong|Bronzong|100/100
|-damage|p2a: Bronzong|94/100|[from] Stealth Rock
|move|p1a: Latios|Draco Meteor|p2a: Bronzong|[miss]
|-miss|p1a: Latios|p2a: Bronzong
|
|-weather|Sandstorm|[upkeep]
|-damage|p1a: Latios|77/100|[from] Sandstorm
|-heal|p2a: Bronzong|100/100|[from] item: Leftovers
|upkeep
|turn|17
|
|t:|1745619978
|switch|p1a: Forretress|Forretress, F|86/100
|-damage|p1a: Forretress|73/100|[from] Stealth Rock
|move|p2a: Bronzong|Toxic|p1a: Forretress
|-immune|p1a: Forretress
|
|-weather|Sandstorm|[upkeep]
|-heal|p1a: Forretress|79/100|[from] item: Leftovers
|upkeep
|turn|18
|
|t:|1745620005
|switch|p2a: Clefable|Clefable, M|100/100
|move|p1a: Forretress|Rapid Spin|p2a: Clefable
|-crit|p2a: Clefable
|-damage|p2a: Clefable|93/100
|-sideend|p1: ladbwsuckkss|Stealth Rock|[from] move: Rapid Spin|[of] p1a: Forretress
|
|-weather|Sandstorm|[upkeep]
|-heal|p2a: Clefable|99/100|[from] item: Leftovers
|-heal|p1a: Forretress|86/100|[from] item: Leftovers
|upkeep
|turn|19
|
|t:|1745620016
|switch|p1a: Ferrothorn|Ferrothorn, M, shiny|67/100
|move|p2a: Clefable|Knock Off|p1a: Ferrothorn
|-resisted|p1a: Ferrothorn
|-damage|p1a: Ferrothorn|66/100
|-enditem|p1a: Ferrothorn|Chesto Berry|[from] move: Knock Off|[of] p2a: Clefable
|
|-weather|Sandstorm|[upkeep]
|-heal|p2a: Clefable|100/100|[from] item: Leftovers
|upkeep
|turn|20
|
|t:|1745620032
|switch|p2a: Skarmory|Skarmory, F|59/100
|-damage|p2a: Skarmory|46/100|[from] Stealth Rock
|move|p1a: Ferrothorn|Curse|p1a: Ferrothorn
|-unboost|p1a: Ferrothorn|spe|1
|-boost|p1a: Ferrothorn|atk|1
|-boost|p1a: Ferrothorn|def|1
|
|-weather|Sandstorm|[upkeep]
|upkeep
|turn|21
|
|t:|1745620034
|switch|p1a: Magnezone|Magnezone, shiny|95/100
|move|p2a: Skarmory|Whirlwind|p1a: Magnezone
|drag|p1a: Forretress|Forretress, F|86/100
|
|-weather|Sandstorm|[upkeep]
|-heal|p1a: Forretress|92/100|[from] item: Leftovers
|upkeep
|turn|22
|
|t:|1745620039
|move|p2a: Skarmory|Roost|p2a: Skarmory
|-heal|p2a: Skarmory|96/100
|-singleturn|p2a: Skarmory|move: Roost
|move|p1a: Forretress|Volt Switch|p2a: Skarmory
|-damage|p2a: Skarmory|83/100
|
|t:|1745620041
|switch|p1a: Magnezone|Magnezone, shiny|95/100|[from] Volt Switch
|
|-weather|Sandstorm|[upkeep]
|upkeep
|turn|23
|
|t:|1745620047
|move|p1a: Magnezone|Thunderbolt|p2a: Skarmory
|-supereffective|p2a: Skarmory
|-damage|p2a: Skarmory|0 fnt
|faint|p2a: Skarmory
|
|-weather|Sandstorm|[upkeep]
|upkeep
|
|t:|1745620050
|switch|p2a: Hippowdon|Hippowdon, F|100/100
|-damage|p2a: Hippowdon|94/100|[from] Stealth Rock
|turn|24
|
|t:|1745620054
|switch|p1a: Latios|Latios, M, shiny|77/100
|move|p2a: Hippowdon|Earthquake|p1a: Latios
|-immune|p1a: Latios|[from] ability: Levitate
|
|-weather|Sandstorm|[upkeep]
|-damage|p1a: Latios|71/100|[from] Sandstorm
|-heal|p2a: Hippowdon|100/100|[from] item: Leftovers
|upkeep
|turn|25
|
|t:|1745620058
|move|p1a: Latios|Draco Meteor|p2a: Hippowdon|[miss]
|-miss|p1a: Latios|p2a: Hippowdon
|move|p2a: Hippowdon|Stealth Rock|p1a: Latios
|-sidestart|p1: ladbwsuckkss|move: Stealth Rock
|
|-weather|Sandstorm|[upkeep]
|-damage|p1a: Latios|65/100|[from] Sandstorm
|upkeep
|turn|26
|c|☆ladbwsuckkss|lol
|c|☆ladbwsuckkss|ugly
|
|t:|1745620068
|switch|p2a: Clefable|Clefable, M|100/100
|move|p1a: Latios|Draco Meteor|p2a: Clefable
|-damage|p2a: Clefable|31/100
|-unboost|p1a: Latios|spa|2
|
|-weather|Sandstorm|[upkeep]
|-damage|p1a: Latios|59/100|[from] Sandstorm
|-heal|p2a: Clefable|37/100|[from] item: Leftovers
|upkeep
|turn|27
|
|t:|1745620072
|move|p1a: Latios|Draco Meteor|p2a: Clefable|[miss]
|-miss|p1a: Latios|p2a: Clefable
|move|p2a: Clefable|Soft-Boiled|p2a: Clefable
|-heal|p2a: Clefable|87/100
|
|-weather|Sandstorm|[upkeep]
|-damage|p1a: Latios|53/100|[from] Sandstorm
|-heal|p2a: Clefable|93/100|[from] item: Leftovers
|upkeep
|turn|28
|
|t:|1745620079
|switch|p1a: Ferrothorn|Ferrothorn, M, shiny|66/100
|-damage|p1a: Ferrothorn|60/100|[from] Stealth Rock
|move|p2a: Clefable|Knock Off|p1a: Ferrothorn
|-resisted|p1a: Ferrothorn
|-damage|p1a: Ferrothorn|59/100
|
|-weather|Sandstorm|[upkeep]
|-heal|p2a: Clefable|99/100|[from] item: Leftovers
|upkeep
|turn|29
|
|t:|1745620090
|switch|p2a: Reuniclus|Reuniclus, F|100/100
|move|p1a: Ferrothorn|Curse|p1a: Ferrothorn
|-unboost|p1a: Ferrothorn|spe|1
|-boost|p1a: Ferrothorn|atk|1
|-boost|p1a: Ferrothorn|def|1
|
|-weather|Sandstorm|[upkeep]
|upkeep
|turn|30
|
|t:|1745620093
|move|p2a: Reuniclus|Calm Mind|p2a: Reuniclus
|-boost|p2a: Reuniclus|spa|1
|-boost|p2a: Reuniclus|spd|1
|move|p1a: Ferrothorn|Power Whip|p2a: Reuniclus
|-damage|p2a: Reuniclus|61/100
|
|-weather|Sandstorm|[upkeep]
|-heal|p2a: Reuniclus|67/100|[from] item: Leftovers
|upkeep
|turn|31
|
|t:|1745620104
|move|p2a: Reuniclus|Recover|p2a: Reuniclus
|-heal|p2a: Reuniclus|100/100
|move|p1a: Ferrothorn|Curse|p1a: Ferrothorn
|-unboost|p1a: Ferrothorn|spe|1
|-boost|p1a: Ferrothorn|atk|1
|-boost|p1a: Ferrothorn|def|1
|
|-weather|Sandstorm|[upkeep]
|upkeep
|turn|32
|
|t:|1745620108
|switch|p2a: Hippowdon|Hippowdon, F|100/100
|-damage|p2a: Hippowdon|94/100|[from] Stealth Rock
|move|p1a: Ferrothorn|Power Whip|p2a: Hippowdon
|-supereffective|p2a: Hippowdon
|-damage|p2a: Hippowdon|0 fnt
|faint|p2a: Hippowdon
|
|-weather|Sandstorm|[upkeep]
|upkeep
|-message|apo_ace forfeited.
|
|win|ladbwsuckkss
|raw|ladbwsuckkss's rating: 1373 &rarr; <strong>1396</strong><br />(+23 for winning)
|raw|apo_ace's rating: 1422 &rarr; <strong>1399</strong><br />(-23 for losing)
|l|☆apo_ace
|player|p2|
