|j|☆Accelerock Ttar
|j|☆baixiaohen
|t:|1743758785
|gametype|singles
|player|p1|Accelerock Ttar|blackbelt-gen4dp|1449
|player|p2|baixiaohen|red|1495
|teamsize|p1|6
|teamsize|p2|6
|gen|5
|tier|[Gen 5] OU
|rated|
|rule|Species Clause: Limit one of each Pokémon
|rule|OHKO Clause: OHKO moves are banned
|rule|Moody Clause: Moody is banned
|rule|Evasion Items Clause: Evasion items are banned
|rule|Evasion Moves Clause: Evasion moves are banned
|rule|Endless Battle Clause: Forcing endless battles is banned
|rule|HP Percentage Mod: HP is shown in percentages
|rule|Evasion Abilities Clause: Evasion abilities are banned
|rule|Sleep Moves Clause: Sleep-inducing moves are banned
|rule|Swagger Clause: Swagger is banned
|rule|Baton Pass Stat Clause: No Baton Passer may have a way to boost its stats
|clearpoke
|poke|p1|Politoed, F|item
|poke|p1|Ferrothorn, F|item
|poke|p1|Tentacruel, M|item
|poke|p1|Keldeo|item
|poke|p1|Landorus-Therian, M|item
|poke|p1|Latios, M|item
|poke|p2|Jirachi|item
|poke|p2|Scizor, M|item
|poke|p2|Celebi|item
|poke|p2|Gyarados, M|item
|poke|p2|Heatran, M|item
|poke|p2|Starmie|item
|teampreview
|inactive|Battle timer is ON: inactive players will automatically lose when time's up. (requested by baixiaohen)
|c|☆Accelerock Ttar|hf
|inactive|Accelerock Ttar also wants the timer to be on.
|inactive|baixiaohen has 120 seconds left.
|
|t:|1743758816
|start
|switch|p1a: Landorus|Landorus-Therian, M|100/100
|switch|p2a: Starmie|Starmie, shiny|100/100
|-ability|p1a: Landorus|Intimidate|boost
|-unboost|p2a: Starmie|atk|1
|turn|1
|
|t:|1743758833
|switch|p1a: Ferrothorn|Ferrothorn, F|100/100
|move|p2a: Starmie|Trick|p1a: Ferrothorn
|-activate|p2a: Starmie|move: Trick|[of] p1a: Ferrothorn
|-item|p1a: Ferrothorn|Choice Specs|[from] move: Trick
|-item|p2a: Starmie|Leftovers|[from] move: Trick
|
|upkeep
|turn|2
|
|t:|1743758849
|switch|p1a: Landorus|Landorus-Therian, M|100/100
|-ability|p1a: Landorus|Intimidate|boost
|-unboost|p2a: Starmie|atk|1
|move|p2a: Starmie|Hydro Pump|p1a: Landorus
|-supereffective|p1a: Landorus
|-damage|p1a: Landorus|0 fnt
|faint|p1a: Landorus
|
|upkeep
|inactive|Accelerock Ttar has 120 seconds left.
|
|t:|1743758866
|switch|p1a: Ferrothorn|Ferrothorn, F|100/100
|turn|3
|inactive|Accelerock Ttar has 120 seconds left.
|
|t:|1743758882
|switch|p2a: Celebi|Celebi|100/100
|move|p1a: Ferrothorn|Spikes|p2a: Celebi
|-sidestart|p2: baixiaohen|Spikes
|
|upkeep
|turn|4
|inactive|Accelerock Ttar has 120 seconds left.
|
|t:|1743758898
|move|p2a: Celebi|Thunder Wave|p1a: Ferrothorn
|-status|p1a: Ferrothorn|par
|move|p1a: Ferrothorn|Spikes|p2a: Celebi
|-sidestart|p2: baixiaohen|Spikes
|
|upkeep
|turn|5
|
|t:|1743758915
|switch|p2a: Starmie|Starmie, shiny|100/100
|-damage|p2a: Starmie|84/100|[from] Spikes
|move|p1a: Ferrothorn|Spikes|p2a: Starmie
|-sidestart|p2: baixiaohen|Spikes
|
|-heal|p2a: Starmie|90/100|[from] item: Leftovers
|upkeep
|turn|6
|
|t:|1743758931
|move|p2a: Starmie|Rapid Spin|p1a: Ferrothorn
|-resisted|p1a: Ferrothorn
|-damage|p1a: Ferrothorn|99/100 par
|-damage|p2a: Starmie|78/100|[from] ability: Iron Barbs|[of] p1a: Ferrothorn
|-sideend|p2: baixiaohen|Spikes|[from] move: Rapid Spin|[of] p2a: Starmie
|move|p1a: Ferrothorn|Spikes|p2a: Starmie
|-sidestart|p2: baixiaohen|Spikes
|
|-heal|p2a: Starmie|84/100|[from] item: Leftovers
|upkeep
|turn|7
|
|t:|1743758940
|move|p2a: Starmie|Hydro Pump|p1a: Ferrothorn
|-resisted|p1a: Ferrothorn
|-damage|p1a: Ferrothorn|82/100 par
|move|p1a: Ferrothorn|Spikes|p2a: Starmie
|-sidestart|p2: baixiaohen|Spikes
|
|-heal|p2a: Starmie|90/100|[from] item: Leftovers
|upkeep
|turn|8
|
|t:|1743758948
|move|p2a: Starmie|Rapid Spin|p1a: Ferrothorn
|-resisted|p1a: Ferrothorn
|-damage|p1a: Ferrothorn|81/100 par
|-damage|p2a: Starmie|78/100|[from] ability: Iron Barbs|[of] p1a: Ferrothorn
|-sideend|p2: baixiaohen|Spikes|[from] move: Rapid Spin|[of] p2a: Starmie
|move|p1a: Ferrothorn|Spikes|p2a: Starmie
|-sidestart|p2: baixiaohen|Spikes
|
|-heal|p2a: Starmie|84/100|[from] item: Leftovers
|upkeep
|turn|9
|
|t:|1743758957
|move|p2a: Starmie|Hydro Pump|p1a: Ferrothorn
|-resisted|p1a: Ferrothorn
|-damage|p1a: Ferrothorn|64/100 par
|move|p1a: Ferrothorn|Spikes|p2a: Starmie
|-sidestart|p2: baixiaohen|Spikes
|
|-heal|p2a: Starmie|90/100|[from] item: Leftovers
|upkeep
|turn|10
|inactive|Accelerock Ttar has 120 seconds left.
|
|t:|1743758965
|move|p2a: Starmie|Hydro Pump|p1a: Ferrothorn
|-resisted|p1a: Ferrothorn
|-crit|p1a: Ferrothorn
|-damage|p1a: Ferrothorn|31/100 par
|cant|p1a: Ferrothorn|par
|
|-heal|p2a: Starmie|96/100|[from] item: Leftovers
|upkeep
|turn|11
|
|t:|1743758975
|move|p2a: Starmie|Hydro Pump|p1a: Ferrothorn
|-resisted|p1a: Ferrothorn
|-damage|p1a: Ferrothorn|14/100 par
|move|p1a: Ferrothorn|Spikes|p2a: Starmie
|-sidestart|p2: baixiaohen|Spikes
|
|-heal|p2a: Starmie|100/100|[from] item: Leftovers
|upkeep
|turn|12
|
|t:|1743758984
|move|p2a: Starmie|Rapid Spin|p1a: Ferrothorn
|-resisted|p1a: Ferrothorn
|-crit|p1a: Ferrothorn
|-damage|p1a: Ferrothorn|11/100 par
|-damage|p2a: Starmie|88/100|[from] ability: Iron Barbs|[of] p1a: Ferrothorn
|-sideend|p2: baixiaohen|Spikes|[from] move: Rapid Spin|[of] p2a: Starmie
|cant|p1a: Ferrothorn|par
|
|-heal|p2a: Starmie|94/100|[from] item: Leftovers
|upkeep
|turn|13
|
|t:|1743758992
|switch|p1a: Politoed|Politoed, F|100/100
|-weather|RainDance|[from] ability: Drizzle|[of] p1a: Politoed
|move|p2a: Starmie|Hydro Pump|p1a: Politoed
|-resisted|p1a: Politoed
|-damage|p1a: Politoed|71/100
|
|-weather|RainDance|[upkeep]
|-heal|p2a: Starmie|100/100|[from] item: Leftovers
|-heal|p1a: Politoed|78/100|[from] item: Leftovers
|upkeep
|turn|14
|
|t:|1743759000
|move|p2a: Starmie|Thunder|p1a: Politoed
|-supereffective|p1a: Politoed
|-damage|p1a: Politoed|30/100
|move|p1a: Politoed|Scald|p2a: Starmie
|-resisted|p2a: Starmie
|-damage|p2a: Starmie|71/100
|
|-weather|RainDance|[upkeep]
|-heal|p2a: Starmie|77/100|[from] item: Leftovers
|-heal|p1a: Politoed|36/100|[from] item: Leftovers
|upkeep
|turn|15
|
|t:|1743759009
|switch|p1a: Latios|Latios, M|100/100
|move|p2a: Starmie|Thunder|p1a: Latios
|-resisted|p1a: Latios
|-damage|p1a: Latios|82/100
|-status|p1a: Latios|par
|
|-weather|RainDance|[upkeep]
|-heal|p2a: Starmie|83/100|[from] item: Leftovers
|upkeep
|turn|16
|
|t:|1743759026
|switch|p2a: Heatran|Heatran, M, shiny|100/100
|-item|p2a: Heatran|Air Balloon
|cant|p1a: Latios|par
|
|-weather|RainDance|[upkeep]
|upkeep
|turn|17
|
|t:|1743759043
|move|p2a: Heatran|Stealth Rock|p1a: Latios
|-sidestart|p1: Accelerock Ttar|move: Stealth Rock
|move|p1a: Latios|Draco Meteor|p2a: Heatran
|-resisted|p2a: Heatran
|-damage|p2a: Heatran|77/100
|-unboost|p1a: Latios|spa|2
|-enditem|p2a: Heatran|Air Balloon
|
|-weather|RainDance|[upkeep]
|upkeep
|turn|18
|
|t:|1743759060
|switch|p1a: Tentacruel|Tentacruel, M|100/100
|-damage|p1a: Tentacruel|88/100|[from] Stealth Rock
|move|p2a: Heatran|Will-O-Wisp|p1a: Tentacruel|[miss]
|-miss|p2a: Heatran|p1a: Tentacruel
|
|-weather|RainDance|[upkeep]
|-heal|p1a: Tentacruel|94/100|[from] ability: Rain Dish
|-heal|p1a: Tentacruel|99/100|[from] item: Black Sludge
|upkeep
|turn|19
|
|t:|1743759076
|move|p1a: Tentacruel|Rapid Spin|p2a: Heatran
|-resisted|p2a: Heatran
|-damage|p2a: Heatran|76/100
|-sideend|p1: Accelerock Ttar|Stealth Rock|[from] move: Rapid Spin|[of] p1a: Tentacruel
|move|p2a: Heatran|Will-O-Wisp|p1a: Tentacruel
|-status|p1a: Tentacruel|brn
|
|-weather|RainDance|[upkeep]
|-heal|p1a: Tentacruel|100/100 brn|[from] ability: Rain Dish
|-damage|p1a: Tentacruel|88/100 brn|[from] brn
|upkeep
|turn|20
|inactive|Accelerock Ttar has 120 seconds left.
|
|t:|1743759093
|switch|p2a: Celebi|Celebi|100/100
|move|p1a: Tentacruel|Scald|p2a: Celebi
|-resisted|p2a: Celebi
|-damage|p2a: Celebi|91/100
|
|-weather|RainDance|[upkeep]
|-heal|p1a: Tentacruel|94/100 brn|[from] ability: Rain Dish
|-heal|p1a: Tentacruel|99/100 brn|[from] item: Black Sludge
|-heal|p2a: Celebi|97/100|[from] item: Leftovers
|-damage|p1a: Tentacruel|88/100 brn|[from] brn
|upkeep
|turn|21
|inactive|Accelerock Ttar has 120 seconds left.
|
|t:|1743759109
|move|p1a: Tentacruel|Protect|p1a: Tentacruel
|-singleturn|p1a: Tentacruel|Protect
|move|p2a: Celebi|Psychic|p1a: Tentacruel
|-activate|p1a: Tentacruel|move: Protect
|
|-weather|RainDance|[upkeep]
|-heal|p1a: Tentacruel|94/100 brn|[from] ability: Rain Dish
|-heal|p1a: Tentacruel|99/100 brn|[from] item: Black Sludge
|-heal|p2a: Celebi|100/100|[from] item: Leftovers
|-damage|p1a: Tentacruel|88/100 brn|[from] brn
|upkeep
|turn|22
|inactive|Accelerock Ttar has 120 seconds left.
|
|t:|1743759126
|switch|p1a: Latios|Latios, M|82/100 par
|move|p2a: Celebi|Psychic|p1a: Latios
|-resisted|p1a: Latios
|-damage|p1a: Latios|65/100 par
|
|-weather|RainDance|[upkeep]
|upkeep
|turn|23
|
|t:|1743759143
|move|p2a: Celebi|Psychic|p1a: Latios
|-resisted|p1a: Latios
|-damage|p1a: Latios|48/100 par
|move|p1a: Latios|Draco Meteor|p2a: Celebi
|-damage|p2a: Celebi|57/100
|-unboost|p1a: Latios|spa|2
|
|-weather|RainDance|[upkeep]
|-heal|p2a: Celebi|63/100|[from] item: Leftovers
|upkeep
|turn|24
|
|t:|1743759159
|move|p2a: Celebi|Psychic|p1a: Latios
|-resisted|p1a: Latios
|-damage|p1a: Latios|33/100 par
|move|p1a: Latios|Draco Meteor|p2a: Celebi
|-damage|p2a: Celebi|40/100
|-unboost|p1a: Latios|spa|2
|
|-weather|RainDance|[upkeep]
|-heal|p2a: Celebi|46/100|[from] item: Leftovers
|upkeep
|turn|25
|
|t:|1743759176
|switch|p1a: Politoed|Politoed, F|36/100
|move|p2a: Celebi|Recover|p2a: Celebi
|-heal|p2a: Celebi|96/100
|
|-weather|RainDance|[upkeep]
|-heal|p2a: Celebi|100/100|[from] item: Leftovers
|-heal|p1a: Politoed|42/100|[from] item: Leftovers
|upkeep
|turn|26
|
|t:|1743759184
|move|p1a: Politoed|Protect|p1a: Politoed
|-singleturn|p1a: Politoed|Protect
|move|p2a: Celebi|Giga Drain|p1a: Politoed
|-activate|p1a: Politoed|move: Protect
|
|-weather|RainDance|[upkeep]
|-heal|p1a: Politoed|48/100|[from] item: Leftovers
|upkeep
|turn|27
|
|t:|1743759193
|switch|p1a: Latios|Latios, M|33/100 par
|move|p2a: Celebi|Giga Drain|p1a: Latios
|-resisted|p1a: Latios
|-damage|p1a: Latios|20/100 par
|
|-weather|RainDance|[upkeep]
|upkeep
|turn|28
|
|t:|1743759201
|move|p2a: Celebi|Psychic|p1a: Latios
|-resisted|p1a: Latios
|-damage|p1a: Latios|3/100 par
|move|p1a: Latios|Draco Meteor|p2a: Celebi
|-damage|p2a: Celebi|53/100
|-unboost|p1a: Latios|spa|2
|
|-weather|RainDance|[upkeep]
|-heal|p2a: Celebi|60/100|[from] item: Leftovers
|upkeep
|turn|29
|
|t:|1743759209
|move|p2a: Celebi|Recover|p2a: Celebi
|-heal|p2a: Celebi|100/100
|cant|p1a: Latios|par
|
|-weather|RainDance|[upkeep]
|upkeep
|turn|30
|inactive|Accelerock Ttar has 120 seconds left.
|
|t:|1743759218
|move|p2a: Celebi|Giga Drain|p1a: Latios
|-resisted|p1a: Latios
|-damage|p1a: Latios|0 fnt
|faint|p1a: Latios
|
|-weather|RainDance|[upkeep]
|upkeep
|inactive|Accelerock Ttar has 120 seconds left.
|
|t:|1743759226
|switch|p1a: Politoed|Politoed, F|48/100
|turn|31
|
|t:|1743759235
|move|p1a: Politoed|Protect|p1a: Politoed
|-singleturn|p1a: Politoed|Protect
|move|p2a: Celebi|Giga Drain|p1a: Politoed
|-activate|p1a: Politoed|move: Protect
|
|-weather|RainDance|[upkeep]
|-heal|p1a: Politoed|55/100|[from] item: Leftovers
|upkeep
|turn|32
|
|t:|1743759243
|switch|p1a: Ferrothorn|Ferrothorn, F|11/100 par
|move|p2a: Celebi|Giga Drain|p1a: Ferrothorn
|-resisted|p1a: Ferrothorn
|-damage|p1a: Ferrothorn|8/100 par
|
|-weather|RainDance|[upkeep]
|upkeep
|turn|33
|
|t:|1743759251
|switch|p1a: Politoed|Politoed, F|55/100
|move|p2a: Celebi|Psychic|p1a: Politoed
|-damage|p1a: Politoed|35/100
|
|-weather|RainDance|[upkeep]
|-heal|p1a: Politoed|41/100|[from] item: Leftovers
|upkeep
|turn|34
|
|t:|1743759260
|move|p1a: Politoed|Protect|p1a: Politoed
|-singleturn|p1a: Politoed|Protect
|move|p2a: Celebi|Giga Drain|p1a: Politoed
|-activate|p1a: Politoed|move: Protect
|
|-weather|RainDance|[upkeep]
|-heal|p1a: Politoed|47/100|[from] item: Leftovers
|upkeep
|turn|35
|
|t:|1743759268
|switch|p1a: Ferrothorn|Ferrothorn, F|8/100 par
|move|p2a: Celebi|Giga Drain|p1a: Ferrothorn
|-resisted|p1a: Ferrothorn
|-damage|p1a: Ferrothorn|4/100 par
|
|-weather|RainDance|[upkeep]
|upkeep
|turn|36
|
|t:|1743759277
|move|p2a: Celebi|Psychic|p1a: Ferrothorn
|-resisted|p1a: Ferrothorn
|-damage|p1a: Ferrothorn|0 fnt
|faint|p1a: Ferrothorn
|
|-weather|RainDance|[upkeep]
|upkeep
|
|t:|1743759285
|switch|p1a: Politoed|Politoed, F|47/100
|turn|37
|
|t:|1743759293
|move|p2a: Celebi|Giga Drain|p1a: Politoed
|-supereffective|p1a: Politoed
|-damage|p1a: Politoed|11/100
|move|p1a: Politoed|Toxic|p2a: Celebi
|-status|p2a: Celebi|tox
|
|-weather|RainDance|[upkeep]
|-heal|p1a: Politoed|18/100|[from] item: Leftovers
|-damage|p2a: Celebi|94/100 tox|[from] psn
|upkeep
|turn|38
|
|t:|1743759301
|-curestatus|p2a: Celebi|tox|[from] ability: Natural Cure
|switch|p2a: Starmie|Starmie, shiny|83/100
|move|p1a: Politoed|Protect||[still]
|-fail|p1a: Politoed
|
|-weather|RainDance|[upkeep]
|-heal|p2a: Starmie|89/100|[from] item: Leftovers
|-heal|p1a: Politoed|24/100|[from] item: Leftovers
|upkeep
|turn|39
|
|t:|1743759310
|move|p2a: Starmie|Thunder|p1a: Politoed
|-supereffective|p1a: Politoed
|-damage|p1a: Politoed|0 fnt
|faint|p1a: Politoed
|
|-weather|RainDance|[upkeep]
|-heal|p2a: Starmie|95/100|[from] item: Leftovers
|upkeep
|
|t:|1743759318
|switch|p1a: Keldeo|Keldeo|100/100
|turn|40
|
|t:|1743759326
|switch|p1a: Tentacruel|Tentacruel, M|88/100 brn
|move|p2a: Starmie|Thunder|p1a: Tentacruel
|-supereffective|p1a: Tentacruel
|-damage|p1a: Tentacruel|36/100 brn
|
|-weather|RainDance|[upkeep]
|-heal|p1a: Tentacruel|42/100 brn|[from] ability: Rain Dish
|-heal|p2a: Starmie|100/100|[from] item: Leftovers
|-heal|p1a: Tentacruel|48/100 brn|[from] item: Black Sludge
|-damage|p1a: Tentacruel|36/100 brn|[from] brn
|upkeep
|turn|41
|
|t:|1743759334
|move|p1a: Tentacruel|Protect|p1a: Tentacruel
|-singleturn|p1a: Tentacruel|Protect
|move|p2a: Starmie|Thunder|p1a: Tentacruel
|-activate|p1a: Tentacruel|move: Protect
|
|-weather|RainDance|[upkeep]
|-heal|p1a: Tentacruel|42/100 brn|[from] ability: Rain Dish
|-heal|p1a: Tentacruel|48/100 brn|[from] item: Black Sludge
|-damage|p1a: Tentacruel|35/100 brn|[from] brn
|upkeep
|turn|42
|
|t:|1743759342
|move|p1a: Tentacruel|Protect||[still]
|-fail|p1a: Tentacruel
|move|p2a: Starmie|Thunder|p1a: Tentacruel
|-supereffective|p1a: Tentacruel
|-damage|p1a: Tentacruel|0 fnt
|faint|p1a: Tentacruel
|
|-weather|RainDance|[upkeep]
|upkeep
|
|t:|1743759347
|switch|p1a: Keldeo|Keldeo|100/100
|turn|43
|
|t:|1743759352
|move|p2a: Starmie|Thunder|p1a: Keldeo
|-supereffective|p1a: Keldeo
|-damage|p1a: Keldeo|17/100
|move|p1a: Keldeo|Hidden Power|p2a: Starmie
|-supereffective|p2a: Starmie
|-damage|p2a: Starmie|0 fnt
|faint|p2a: Starmie
|
|-weather|RainDance|[upkeep]
|upkeep
|
|t:|1743759367
|switch|p2a: Scizor|Scizor, M|100/100
|turn|44
|
|t:|1743759380
|move|p2a: Scizor|Quick Attack|p1a: Keldeo
|-damage|p1a: Keldeo|0 fnt
|faint|p1a: Keldeo
|-damage|p2a: Scizor|91/100|[from] item: Life Orb
|
|win|baixiaohen
|raw|Accelerock Ttar's rating: 1449 &rarr; <strong>1432</strong><br />(-17 for losing)
|raw|baixiaohen's rating: 1495 &rarr; <strong>1512</strong><br />(+17 for winning)
|c|☆Accelerock Ttar|gg
