|j|☆roa dom
|j|☆LarvitarFan
|player|p1|roa dom|23
|player|p2|LarvitarFan|164
|teamsize|p1|6
|teamsize|p2|6
|gametype|singles
|gen|5
|tier|[Gen 5] OU
|rated|
|rule|Sleep Clause Mod: Limit one foe put to sleep
|rule|Species Clause: Limit one of each Pokémon
|rule|OHKO Clause: OHKO moves are banned
|rule|Moody Clause: Moody is banned
|rule|Evasion Moves Clause: Evasion moves are banned
|rule|Endless Battle Clause: Forcing endless battles is banned
|rule|HP Percentage Mod: HP is shown in percentages
|rule|Evasion Abilities Clause: Evasion abilities are banned
|rule|Baton Pass Clause: Limit one Baton Passer, can't pass Spe and other stats simultaneously
|rule|Swagger Clause: Swagger is banned
|clearpoke
|poke|p1|Ninetales, M|item
|poke|p1|Excadrill, F|item
|poke|p1|Heatran, F|item
|poke|p1|Moltres|item
|poke|p1|Dugtrio, F|item
|poke|p1|Jellicent, M|item
|poke|p2|Tyranitar, F|item
|poke|p2|Reuniclus, F|item
|poke|p2|Breloom, F|item
|poke|p2|Garchomp, F|item
|poke|p2|Gengar, F|item
|poke|p2|Jirachi|item
|teampreview
|
|start
|switch|p1a: Ninetales|Ninetales, M|100/100
|switch|p2a: Garchomp|Garchomp, F|100/100
|-weather|SunnyDay|[from] ability: Drought|[of] p1a: Ninetales
|turn|1
|inactive|Battle timer is ON: inactive players will automatically lose when time's up. (requested by roa dom)
|
|move|p2a: Garchomp|Earthquake|p1a: Ninetales
|-supereffective|p1a: Ninetales
|-damage|p1a: Ninetales|0 fnt
|faint|p1a: Ninetales
|
|-weather|SunnyDay|[upkeep]
|upkeep
|j| Trivandrum
|l| Trivandrum
|inactive|roa dom has 135 seconds left.
|
|switch|p1a: Excadrill|Excadrill, F|100/100
|-item|p1a: Excadrill|Air Balloon
|turn|2
|inactive|LarvitarFan has 135 seconds left.
|
|switch|p2a: Breloom|Breloom, F|100/100
|move|p1a: Excadrill|Earthquake|p2a: Breloom
|-resisted|p2a: Breloom
|-damage|p2a: Breloom|52/100
|
|-weather|SunnyDay|[upkeep]
|upkeep
|turn|3
|
|move|p2a: Breloom|Mach Punch|p1a: Excadrill
|-supereffective|p1a: Excadrill
|-damage|p1a: Excadrill|0 fnt
|-enditem|p1a: Excadrill|Air Balloon
|faint|p1a: Excadrill
|
|-weather|SunnyDay|[upkeep]
|upkeep
|j| Paycard
|
|switch|p1a: Moltres|Moltres|100/100
|-ability|p1a: Moltres|Pressure
|turn|4
|
|switch|p2a: Tyranitar|Tyranitar, F|100/100
|-weather|Sandstorm|[from] ability: Sand Stream|[of] p2a: Tyranitar
|move|p1a: Moltres|Flamethrower|p2a: Tyranitar
|-resisted|p2a: Tyranitar
|-damage|p2a: Tyranitar|78/100
|
|-weather|Sandstorm|[upkeep]
|-damage|p1a: Moltres|94/100|[from] sandstorm
|upkeep
|turn|5
|
|switch|p2a: Reuniclus|Reuniclus, F|100/100
|switch|p1a: Dugtrio|Dugtrio, F|100/100
|
|-weather|Sandstorm|[upkeep]
|upkeep
|turn|6
|
|switch|p1a: Heatran|Heatran, F|100/100
|move|p2a: Reuniclus|Psyshock|p1a: Heatran
|-resisted|p1a: Heatran
|-damage|p1a: Heatran|87/100
|
|-weather|Sandstorm|[upkeep]
|-heal|p1a: Heatran|93/100|[from] item: Leftovers
|upkeep
|turn|7
|
|move|p1a: Heatran|Stealth Rock|p2a: Reuniclus
|-sidestart|p2: LarvitarFan|move: Stealth Rock
|move|p2a: Reuniclus|Calm Mind|p2a: Reuniclus
|-boost|p2a: Reuniclus|spa|1
|-boost|p2a: Reuniclus|spd|1
|
|-weather|Sandstorm|[upkeep]
|-heal|p1a: Heatran|99/100|[from] item: Leftovers
|upkeep
|turn|8
|
|switch|p1a: Jellicent|Jellicent, M|100/100
|move|p2a: Reuniclus|Focus Blast|p1a: Jellicent
|-immune|p1a: Jellicent|[msg]
|
|-weather|Sandstorm|[upkeep]
|-damage|p1a: Jellicent|94/100|[from] sandstorm
|-heal|p1a: Jellicent|100/100|[from] item: Leftovers
|upkeep
|turn|9
|
|move|p1a: Jellicent|Taunt|p2a: Reuniclus
|-start|p2a: Reuniclus|move: Taunt
|move|p2a: Reuniclus|Psyshock|p1a: Jellicent
|-damage|p1a: Jellicent|65/100
|
|-weather|Sandstorm|[upkeep]
|-damage|p1a: Jellicent|58/100|[from] sandstorm
|-heal|p1a: Jellicent|65/100|[from] item: Leftovers
|upkeep
|turn|10
|
|move|p1a: Jellicent|Recover|p1a: Jellicent
|-heal|p1a: Jellicent|100/100
|move|p2a: Reuniclus|Psyshock|p1a: Jellicent
|-damage|p1a: Jellicent|63/100
|
|-weather|Sandstorm|[upkeep]
|-damage|p1a: Jellicent|57/100|[from] sandstorm
|-heal|p1a: Jellicent|63/100|[from] item: Leftovers
|upkeep
|turn|11
|
|move|p1a: Jellicent|Recover|p1a: Jellicent
|-heal|p1a: Jellicent|100/100
|move|p2a: Reuniclus|Psyshock|p1a: Jellicent
|-damage|p1a: Jellicent|65/100
|
|-weather|Sandstorm|[upkeep]
|-damage|p1a: Jellicent|58/100|[from] sandstorm
|-heal|p1a: Jellicent|65/100|[from] item: Leftovers
|-end|p2a: Reuniclus|move: Taunt
|upkeep
|turn|12
|
|move|p1a: Jellicent|Taunt|p2a: Reuniclus
|-start|p2a: Reuniclus|move: Taunt
|move|p2a: Reuniclus|Psyshock|p1a: Jellicent
|-damage|p1a: Jellicent|26/100
|
|-weather|Sandstorm|[upkeep]
|-damage|p1a: Jellicent|20/100|[from] sandstorm
|-heal|p1a: Jellicent|26/100|[from] item: Leftovers
|upkeep
|turn|13
|
|switch|p2a: Breloom|Breloom, F|52/100
|-damage|p2a: Breloom|46/100|[from] Stealth Rock
|move|p1a: Jellicent|Recover|p1a: Jellicent
|-heal|p1a: Jellicent|76/100
|
|-weather|Sandstorm|[upkeep]
|-damage|p2a: Breloom|40/100|[from] sandstorm
|-damage|p1a: Jellicent|70/100|[from] sandstorm
|-heal|p1a: Jellicent|76/100|[from] item: Leftovers
|upkeep
|turn|14
|
|switch|p1a: Heatran|Heatran, F|99/100
|move|p2a: Breloom|Bullet Seed|p1a: Heatran
|-resisted|p1a: Heatran
|-damage|p1a: Heatran|93/100
|-resisted|p1a: Heatran
|-damage|p1a: Heatran|87/100
|-hitcount|p1a: Heatran|2
|
|-weather|Sandstorm|[upkeep]
|-damage|p2a: Breloom|34/100|[from] sandstorm
|-heal|p1a: Heatran|93/100|[from] item: Leftovers
|upkeep
|turn|15
|
|switch|p2a: Tyranitar|Tyranitar, F|78/100
|-damage|p2a: Tyranitar|66/100|[from] Stealth Rock
|switch|p1a: Moltres|Moltres|94/100
|-ability|p1a: Moltres|Pressure
|
|-weather|Sandstorm|[upkeep]
|-damage|p1a: Moltres|88/100|[from] sandstorm
|upkeep
|turn|16
|inactive|LarvitarFan has 135 seconds left.
|
|switch|p2a: Reuniclus|Reuniclus, F|100/100
|move|p1a: Moltres|U-turn|p2a: Reuniclus
|-supereffective|p2a: Reuniclus
|-damage|p2a: Reuniclus|81/100
|j| Truedrew
|
|switch|p1a: Jellicent|Jellicent, M|76/100
|
|-weather|Sandstorm|[upkeep]
|-damage|p1a: Jellicent|70/100|[from] sandstorm
|-heal|p1a: Jellicent|76/100|[from] item: Leftovers
|-heal|p2a: Reuniclus|87/100|[from] item: Leftovers
|upkeep
|turn|17
|
|switch|p2a: Gengar|Gengar, F|100/100
|-damage|p2a: Gengar|88/100|[from] Stealth Rock
|move|p1a: Jellicent|Taunt|p2a: Gengar
|-start|p2a: Gengar|move: Taunt
|
|-weather|Sandstorm|[upkeep]
|-damage|p2a: Gengar|82/100|[from] sandstorm
|-damage|p1a: Jellicent|70/100|[from] sandstorm
|-heal|p2a: Gengar|88/100|[from] item: Black Sludge
|-heal|p1a: Jellicent|76/100|[from] item: Leftovers
|upkeep
|turn|18
|
|switch|p1a: Heatran|Heatran, F|93/100
|move|p2a: Gengar|Shadow Ball|p1a: Heatran
|-resisted|p1a: Heatran
|-damage|p1a: Heatran|76/100
|
|-weather|Sandstorm|[upkeep]
|-damage|p2a: Gengar|82/100|[from] sandstorm
|-heal|p2a: Gengar|88/100|[from] item: Black Sludge
|-heal|p1a: Heatran|82/100|[from] item: Leftovers
|upkeep
|turn|19
|
|move|p2a: Gengar|Focus Blast|p1a: Heatran
|-supereffective|p1a: Heatran
|-damage|p1a: Heatran|9/100
|move|p1a: Heatran|Lava Plume|p2a: Gengar
|-damage|p2a: Gengar|17/100
|
|-weather|Sandstorm|[upkeep]
|-damage|p2a: Gengar|10/100|[from] sandstorm
|-heal|p2a: Gengar|17/100|[from] item: Black Sludge
|-heal|p1a: Heatran|15/100|[from] item: Leftovers
|-end|p2a: Gengar|move: Taunt
|upkeep
|turn|20
|
|move|p2a: Gengar|Shadow Ball|p1a: Heatran
|-resisted|p1a: Heatran
|-damage|p1a: Heatran|0 fnt
|faint|p1a: Heatran
|
|-weather|Sandstorm|[upkeep]
|-damage|p2a: Gengar|10/100|[from] sandstorm
|-heal|p2a: Gengar|17/100|[from] item: Black Sludge
|upkeep
|
|switch|p1a: Dugtrio|Dugtrio, F|100/100
|turn|21
|
|switch|p2a: Reuniclus|Reuniclus, F|87/100
|move|p1a: Dugtrio|Rock Tomb|p2a: Reuniclus
|-damage|p2a: Reuniclus|78/100
|-unboost|p2a: Reuniclus|spe|1
|
|-weather|Sandstorm|[upkeep]
|-heal|p2a: Reuniclus|84/100|[from] item: Leftovers
|upkeep
|turn|22
|
|move|p1a: Dugtrio|Screech|p2a: Reuniclus
|-unboost|p2a: Reuniclus|def|2
|move|p2a: Reuniclus|Psyshock|p1a: Dugtrio
|-damage|p1a: Dugtrio|3/100
|
|-weather|Sandstorm|[upkeep]
|-heal|p2a: Reuniclus|90/100|[from] item: Leftovers
|upkeep
|turn|23
|
|move|p1a: Dugtrio|Earthquake|p2a: Reuniclus
|-damage|p2a: Reuniclus|38/100
|move|p2a: Reuniclus|Psyshock|p1a: Dugtrio
|-crit|p1a: Dugtrio
|-damage|p1a: Dugtrio|0 fnt
|faint|p1a: Dugtrio
|
|-weather|Sandstorm|[upkeep]
|-heal|p2a: Reuniclus|44/100|[from] item: Leftovers
|upkeep
|
|switch|p1a: Moltres|Moltres|88/100
|-ability|p1a: Moltres|Pressure
|turn|24
|
|switch|p2a: Breloom|Breloom, F|34/100
|-damage|p2a: Breloom|28/100|[from] Stealth Rock
|move|p1a: Moltres|Air Slash|p2a: Breloom
|-supereffective|p2a: Breloom
|-damage|p2a: Breloom|0 fnt
|faint|p2a: Breloom
|
|-weather|Sandstorm|[upkeep]
|-damage|p1a: Moltres|82/100|[from] sandstorm
|upkeep
|
|switch|p2a: Gengar|Gengar, F|17/100
|-damage|p2a: Gengar|4/100|[from] Stealth Rock
|turn|25
|
|move|p2a: Gengar|Thunderbolt|p1a: Moltres
|-supereffective|p1a: Moltres
|-damage|p1a: Moltres|0 fnt
|faint|p1a: Moltres
|
|-weather|Sandstorm|[upkeep]
|-damage|p2a: Gengar|0 fnt|[from] sandstorm
|upkeep
|faint|p2a: Gengar
|
|switch|p2a: Tyranitar|Tyranitar, F|66/100
|switch|p1a: Jellicent|Jellicent, M|76/100
|-damage|p2a: Tyranitar|54/100|[from] Stealth Rock
|turn|26
|j| Trivandrum
|
|move|p2a: Tyranitar|Crunch|p1a: Jellicent
|-supereffective|p1a: Jellicent
|-damage|p1a: Jellicent|5/100
|-unboost|p1a: Jellicent|def|1
|move|p1a: Jellicent|Will-O-Wisp|p2a: Tyranitar|[miss]
|-miss|p1a: Jellicent|p2a: Tyranitar
|
|-weather|Sandstorm|[upkeep]
|-damage|p1a: Jellicent|0 fnt|[from] sandstorm
|upkeep
|faint|p1a: Jellicent
|
|win|LarvitarFan
|raw|roa dom's rating: 1399 &rarr; <strong>1385</strong><br />(-14 for losing)
|raw|LarvitarFan's rating: 1513 &rarr; <strong>1526</strong><br />(+13 for winning)
|l|☆roa dom
|l| Trivandrum
|l| Paycard
|l| Truedrew
