|j|☆Knopper
|j|☆CertamenMeum
|t:|1730863402
|gametype|singles
|player|p1|Knopper|nessa|1328
|player|p2|CertamenMeum|fisherman-gen4|1470
|teamsize|p1|6
|teamsize|p2|6
|gen|5
|tier|[Gen 5] OU
|rated|
|rule|Species Clause: Limit one of each Pokémon
|rule|OHKO Clause: OHKO moves are banned
|rule|Moody Clause: Moody is banned
|rule|Evasion Items Clause: Evasion items are banned
|rule|Evasion Moves Clause: Evasion moves are banned
|rule|Endless Battle Clause: Forcing endless battles is banned
|rule|HP Percentage Mod: HP is shown in percentages
|rule|Evasion Abilities Clause: Evasion abilities are banned
|rule|Sleep Moves Clause: Sleep-inducing moves are banned
|rule|Swagger Clause: Swagger is banned
|rule|Baton Pass Stat Clause: No Baton Passer may have a way to boost its stats
|clearpoke
|poke|p1|Hippowdon, F|item
|poke|p1|Alakazam, F|item
|poke|p1|Rotom-Wash|item
|poke|p1|Excadrill, F|item
|poke|p1|Ferrothorn, F|item
|poke|p1|Keldeo|item
|poke|p2|Forretress, F|item
|poke|p2|Dragonite, M|item
|poke|p2|Scizor, F|item
|poke|p2|Rotom-Wash|item
|poke|p2|Ferrothorn, F|item
|poke|p2|Landorus-Therian, M|item
|teampreview
|inactive|Battle timer is ON: inactive players will automatically lose when time's up. (requested by CertamenMeum)
|
|t:|1730863422
|start
|switch|p1a: Rotom|Rotom-Wash|100/100
|switch|p2a: ランドロス|Landorus-Therian, M|100/100
|-ability|p2a: ランドロス|Intimidate|boost
|-unboost|p1a: Rotom|atk|1
|turn|1
|
|t:|1730863427
|move|p2a: ランドロス|U-turn|p1a: Rotom
|-damage|p1a: Rotom|75/100
|
|t:|1730863430
|switch|p2a: ナットレイ|Ferrothorn, F|100/100|[from] U-turn
|move|p1a: Rotom|Will-O-Wisp|p2a: ナットレイ
|-status|p2a: ナットレイ|brn
|
|-heal|p1a: Rotom|81/100|[from] item: Leftovers
|-damage|p2a: ナットレイ|88/100 brn|[from] brn
|upkeep
|turn|2
|
|t:|1730863435
|move|p1a: Rotom|Volt Switch|p2a: ナットレイ
|-resisted|p2a: ナットレイ
|-damage|p2a: ナットレイ|80/100 brn
|
|t:|1730863446
|switch|p1a: Ferrothorn|Ferrothorn, F|100/100|[from] Volt Switch
|move|p2a: ナットレイ|Leech Seed|p1a: Ferrothorn
|-immune|p1a: Ferrothorn
|
|-heal|p2a: ナットレイ|86/100 brn|[from] item: Leftovers
|-damage|p2a: ナットレイ|74/100 brn|[from] brn
|upkeep
|turn|3
|
|t:|1730863451
|switch|p2a: フォレトス|Forretress, F, shiny|100/100
|move|p1a: Ferrothorn|Spikes|p2a: フォレトス
|-sidestart|p2: CertamenMeum|Spikes
|
|upkeep
|turn|4
|
|t:|1730863454
|move|p2a: フォレトス|Stealth Rock|p1a: Ferrothorn
|-sidestart|p1: Knopper|move: Stealth Rock
|move|p1a: Ferrothorn|Knock Off|p2a: フォレトス
|-resisted|p2a: フォレトス
|-damage|p2a: フォレトス|98/100
|-enditem|p2a: フォレトス|Custap Berry|[from] move: Knock Off|[of] p1a: Ferrothorn
|
|upkeep
|turn|5
|
|t:|1730863461
|move|p2a: フォレトス|Spikes|p1a: Ferrothorn
|-sidestart|p1: Knopper|Spikes
|move|p1a: Ferrothorn|Spikes|p2a: フォレトス
|-sidestart|p2: CertamenMeum|Spikes
|
|upkeep
|turn|6
|
|t:|1730863464
|switch|p1a: Excadrill|Excadrill, F, shiny|100/100
|-damage|p1a: Excadrill|97/100|[from] Stealth Rock
|-damage|p1a: Excadrill|85/100|[from] Spikes
|move|p2a: フォレトス|Spikes|p1a: Excadrill
|-sidestart|p1: Knopper|Spikes
|
|-heal|p1a: Excadrill|91/100|[from] item: Leftovers
|upkeep
|turn|7
|
|t:|1730863470
|move|p1a: Excadrill|Rapid Spin|p2a: フォレトス
|-resisted|p2a: フォレトス
|-damage|p2a: フォレトス|95/100
|-sideend|p1: Knopper|Spikes|[from] move: Rapid Spin|[of] p1a: Excadrill
|-sideend|p1: Knopper|Stealth Rock|[from] move: Rapid Spin|[of] p1a: Excadrill
|move|p2a: フォレトス|Rapid Spin|p1a: Excadrill
|-resisted|p1a: Excadrill
|-damage|p1a: Excadrill|87/100
|-sideend|p2: CertamenMeum|Spikes|[from] move: Rapid Spin|[of] p2a: フォレトス
|
|-heal|p1a: Excadrill|93/100|[from] item: Leftovers
|upkeep
|turn|8
|
|t:|1730863476
|switch|p1a: Hippowdon|Hippowdon, F|100/100
|-weather|Sandstorm|[from] ability: Sand Stream|[of] p1a: Hippowdon
|switch|p2a: ランドロス|Landorus-Therian, M|100/100
|-ability|p2a: ランドロス|Intimidate|boost
|-unboost|p1a: Hippowdon|atk|1
|
|-weather|Sandstorm|[upkeep]
|upkeep
|turn|9
|
|t:|1730863480
|move|p2a: ランドロス|U-turn|p1a: Hippowdon
|-damage|p1a: Hippowdon|86/100
|
|t:|1730863484
|switch|p2a: フォレトス|Forretress, F, shiny|95/100|[from] U-turn
|move|p1a: Hippowdon|Toxic|p2a: フォレトス
|-immune|p2a: フォレトス
|
|-weather|Sandstorm|[upkeep]
|-heal|p1a: Hippowdon|92/100|[from] item: Leftovers
|upkeep
|turn|10
|
|t:|1730863502
|switch|p1a: Alakazam|Alakazam, F|100/100
|move|p2a: フォレトス|Stealth Rock|p1a: Alakazam
|-sidestart|p1: Knopper|move: Stealth Rock
|
|-weather|Sandstorm|[upkeep]
|upkeep
|turn|11
|
|t:|1730863507
|move|p1a: Alakazam|Hidden Power|p2a: フォレトス
|-supereffective|p2a: フォレトス
|-crit|p2a: フォレトス
|-damage|p2a: フォレトス|0 fnt
|faint|p2a: フォレトス
|
|-weather|Sandstorm|[upkeep]
|upkeep
|
|t:|1730863511
|switch|p2a: ランドロス|Landorus-Therian, M|100/100
|-ability|p2a: ランドロス|Intimidate|boost
|-unboost|p1a: Alakazam|atk|1
|turn|12
|
|t:|1730863514
|switch|p1a: Ferrothorn|Ferrothorn, F|100/100
|-damage|p1a: Ferrothorn|94/100|[from] Stealth Rock
|move|p2a: ランドロス|U-turn|p1a: Ferrothorn
|-damage|p1a: Ferrothorn|78/100
|-damage|p2a: ランドロス|88/100|[from] ability: Iron Barbs|[of] p1a: Ferrothorn
|
|t:|1730863525
|switch|p2a: ロトム|Rotom-Wash, shiny|100/100|[from] U-turn
|
|-weather|Sandstorm|[upkeep]
|-damage|p2a: ロトム|94/100|[from] Sandstorm
|-heal|p1a: Ferrothorn|84/100|[from] item: Leftovers
|upkeep
|turn|13
|
|t:|1730863528
|move|p2a: ロトム|Trick|p1a: Ferrothorn
|-activate|p2a: ロトム|move: Trick|[of] p1a: Ferrothorn
|-item|p1a: Ferrothorn|Choice Specs|[from] move: Trick
|-item|p2a: ロトム|Leftovers|[from] move: Trick
|move|p1a: Ferrothorn|Spikes|p2a: ロトム
|-sidestart|p2: CertamenMeum|Spikes
|
|-weather|Sandstorm|[upkeep]
|-damage|p2a: ロトム|88/100|[from] Sandstorm
|-heal|p2a: ロトム|94/100|[from] item: Leftovers
|upkeep
|turn|14
|
|t:|1730863534
|move|p2a: ロトム|Volt Switch|p1a: Ferrothorn
|-resisted|p1a: Ferrothorn
|-damage|p1a: Ferrothorn|69/100
|
|t:|1730863540
|switch|p2a: カイリュー|Dragonite, M|100/100|[from] Volt Switch
|move|p1a: Ferrothorn|Spikes|p2a: カイリュー
|-sidestart|p2: CertamenMeum|Spikes
|
|-weather|Sandstorm|[upkeep]
|-damage|p2a: カイリュー|94/100|[from] Sandstorm
|upkeep
|turn|15
|
|t:|1730863548
|switch|p1a: Hippowdon|Hippowdon, F|92/100
|-damage|p1a: Hippowdon|86/100|[from] Stealth Rock
|move|p2a: カイリュー|Dragon Dance|p2a: カイリュー
|-boost|p2a: カイリュー|atk|1
|-boost|p2a: カイリュー|spe|1
|
|-weather|Sandstorm|[upkeep]
|-damage|p2a: カイリュー|88/100|[from] Sandstorm
|-heal|p1a: Hippowdon|92/100|[from] item: Leftovers
|upkeep
|turn|16
|
|t:|1730863553
|move|p2a: カイリュー|Outrage|p1a: Hippowdon
|-damage|p1a: Hippowdon|31/100
|move|p1a: Hippowdon|Roar|p2a: カイリュー
|drag|p2a: ナットレイ|Ferrothorn, F|74/100 brn
|-damage|p2a: ナットレイ|57/100 brn|[from] Spikes
|
|-weather|Sandstorm|[upkeep]
|-heal|p1a: Hippowdon|37/100|[from] item: Leftovers
|-heal|p2a: ナットレイ|64/100 brn|[from] item: Leftovers
|-damage|p2a: ナットレイ|51/100 brn|[from] brn
|upkeep
|turn|17
|
|t:|1730863563
|move|p1a: Hippowdon|Slack Off|p1a: Hippowdon
|-heal|p1a: Hippowdon|87/100
|move|p2a: ナットレイ|Leech Seed|p1a: Hippowdon
|-start|p1a: Hippowdon|move: Leech Seed
|
|-weather|Sandstorm|[upkeep]
|-heal|p1a: Hippowdon|93/100|[from] item: Leftovers
|-heal|p2a: ナットレイ|57/100 brn|[from] item: Leftovers
|-damage|p1a: Hippowdon|81/100|[from] Leech Seed|[of] p2a: ナットレイ
|-heal|p2a: ナットレイ|72/100 brn|[silent]
|-damage|p2a: ナットレイ|60/100 brn|[from] brn
|upkeep
|turn|18
|
|t:|1730863572
|switch|p1a: Excadrill|Excadrill, F, shiny|93/100
|-damage|p1a: Excadrill|90/100|[from] Stealth Rock
|move|p2a: ナットレイ|Gyro Ball|p1a: Excadrill
|-resisted|p1a: Excadrill
|-damage|p1a: Excadrill|74/100
|
|-weather|Sandstorm|[upkeep]
|-heal|p1a: Excadrill|80/100|[from] item: Leftovers
|-heal|p2a: ナットレイ|66/100 brn|[from] item: Leftovers
|-damage|p2a: ナットレイ|53/100 brn|[from] brn
|upkeep
|turn|19
|
|t:|1730863579
|move|p1a: Excadrill|Rapid Spin|p2a: ナットレイ
|-resisted|p2a: ナットレイ
|-damage|p2a: ナットレイ|50/100 brn
|-damage|p1a: Excadrill|68/100|[from] ability: Iron Barbs|[of] p2a: ナットレイ
|-sideend|p1: Knopper|Stealth Rock|[from] move: Rapid Spin|[of] p1a: Excadrill
|move|p2a: ナットレイ|Leech Seed|p1a: Excadrill
|-start|p1a: Excadrill|move: Leech Seed
|
|-weather|Sandstorm|[upkeep]
|-heal|p1a: Excadrill|74/100|[from] item: Leftovers
|-heal|p2a: ナットレイ|57/100 brn|[from] item: Leftovers
|-damage|p1a: Excadrill|61/100|[from] Leech Seed|[of] p2a: ナットレイ
|-heal|p2a: ナットレイ|70/100 brn|[silent]
|-damage|p2a: ナットレイ|57/100 brn|[from] brn
|upkeep
|turn|20
|
|t:|1730863588
|switch|p1a: Keldeo|Keldeo|100/100
|move|p2a: ナットレイ|Gyro Ball|p1a: Keldeo
|-resisted|p1a: Keldeo
|-crit|p1a: Keldeo
|-damage|p1a: Keldeo|76/100
|
|-weather|Sandstorm|[upkeep]
|-damage|p1a: Keldeo|70/100|[from] Sandstorm
|-heal|p1a: Keldeo|76/100|[from] item: Leftovers
|-heal|p2a: ナットレイ|63/100 brn|[from] item: Leftovers
|-damage|p2a: ナットレイ|51/100 brn|[from] brn
|upkeep
|turn|21
|
|t:|1730863599
|move|p1a: Keldeo|Protect|p1a: Keldeo
|-singleturn|p1a: Keldeo|Protect
|move|p2a: ナットレイ|Leech Seed|p1a: Keldeo
|-activate|p1a: Keldeo|move: Protect
|
|-weather|Sandstorm|[upkeep]
|-damage|p1a: Keldeo|70/100|[from] Sandstorm
|-heal|p1a: Keldeo|76/100|[from] item: Leftovers
|-heal|p2a: ナットレイ|57/100 brn|[from] item: Leftovers
|-damage|p2a: ナットレイ|45/100 brn|[from] brn
|upkeep
|turn|22
|
|t:|1730863606
|move|p1a: Keldeo|Secret Sword|p2a: ナットレイ
|-supereffective|p2a: ナットレイ
|-damage|p2a: ナットレイ|0 fnt
|faint|p2a: ナットレイ
|
|-weather|Sandstorm|[upkeep]
|-damage|p1a: Keldeo|70/100|[from] Sandstorm
|-heal|p1a: Keldeo|76/100|[from] item: Leftovers
|upkeep
|
|t:|1730863612
|switch|p2a: カイリュー|Dragonite, M|88/100
|turn|23
|
|t:|1730863617
|move|p2a: カイリュー|Dragon Dance|p2a: カイリュー
|-boost|p2a: カイリュー|atk|1
|-boost|p2a: カイリュー|spe|1
|move|p1a: Keldeo|Scald|p2a: カイリュー
|-resisted|p2a: カイリュー
|-damage|p2a: カイリュー|62/100
|
|-weather|Sandstorm|[upkeep]
|-damage|p2a: カイリュー|56/100|[from] Sandstorm
|-damage|p1a: Keldeo|70/100|[from] Sandstorm
|-heal|p1a: Keldeo|76/100|[from] item: Leftovers
|upkeep
|turn|24
|
|t:|1730863627
|switch|p1a: Ferrothorn|Ferrothorn, F|69/100
|move|p2a: カイリュー|Dragon Dance|p2a: カイリュー
|-boost|p2a: カイリュー|atk|1
|-boost|p2a: カイリュー|spe|1
|
|-weather|Sandstorm|[upkeep]
|-damage|p2a: カイリュー|50/100|[from] Sandstorm
|upkeep
|turn|25
|
|t:|1730863637
|switch|p1a: Hippowdon|Hippowdon, F|81/100
|move|p2a: カイリュー|Earthquake|p1a: Hippowdon
|-damage|p1a: Hippowdon|38/100
|
|-weather|Sandstorm|[upkeep]
|-damage|p2a: カイリュー|44/100|[from] Sandstorm
|-heal|p1a: Hippowdon|44/100|[from] item: Leftovers
|upkeep
|turn|26
|
|t:|1730863648
|switch|p1a: Rotom|Rotom-Wash|81/100
|move|p2a: カイリュー|Outrage|p1a: Rotom
|-damage|p1a: Rotom|0 fnt
|faint|p1a: Rotom
|
|-weather|Sandstorm|[upkeep]
|-damage|p2a: カイリュー|38/100|[from] Sandstorm
|upkeep
|
|t:|1730863654
|switch|p1a: Ferrothorn|Ferrothorn, F|69/100
|turn|27
|
|t:|1730863657
|move|p2a: カイリュー|Outrage|p1a: Ferrothorn|[from]lockedmove
|-resisted|p1a: Ferrothorn
|-damage|p1a: Ferrothorn|27/100
|-damage|p2a: カイリュー|25/100|[from] ability: Iron Barbs|[of] p1a: Ferrothorn
|-start|p2a: カイリュー|confusion|[fatigue]
|-enditem|p2a: カイリュー|Lum Berry|[eat]
|-end|p2a: カイリュー|confusion
|move|p1a: Ferrothorn|Gyro Ball|p2a: カイリュー
|-damage|p2a: カイリュー|0 fnt
|faint|p2a: カイリュー
|
|-weather|Sandstorm|[upkeep]
|upkeep
|
|t:|1730863672
|switch|p2a: ランドロス|Landorus-Therian, M|88/100
|-ability|p2a: ランドロス|Intimidate|boost
|-unboost|p1a: Ferrothorn|atk|1
|turn|28
|
|t:|1730863678
|switch|p1a: Hippowdon|Hippowdon, F|44/100
|move|p2a: ランドロス|U-turn|p1a: Hippowdon
|-damage|p1a: Hippowdon|31/100
|
|t:|1730863683
|switch|p2a: ロトム|Rotom-Wash, shiny|94/100|[from] U-turn
|
|-weather|Sandstorm|[upkeep]
|-damage|p2a: ロトム|88/100|[from] Sandstorm
|-heal|p2a: ロトム|94/100|[from] item: Leftovers
|-heal|p1a: Hippowdon|37/100|[from] item: Leftovers
|upkeep
|turn|29
|
|t:|1730863695
|switch|p1a: Ferrothorn|Ferrothorn, F|27/100
|move|p2a: ロトム|Hydro Pump|p1a: Ferrothorn
|-resisted|p1a: Ferrothorn
|-damage|p1a: Ferrothorn|3/100
|
|-weather|Sandstorm|[upkeep]
|-damage|p2a: ロトム|88/100|[from] Sandstorm
|-heal|p2a: ロトム|94/100|[from] item: Leftovers
|upkeep
|turn|30
|
|t:|1730863701
|switch|p2a: ランドロス|Landorus-Therian, M|88/100
|-ability|p2a: ランドロス|Intimidate|boost
|-unboost|p1a: Ferrothorn|atk|1
|move|p1a: Ferrothorn|Power Whip|p2a: ランドロス
|-damage|p2a: ランドロス|57/100
|
|-weather|Sandstorm|[upkeep]
|upkeep
|turn|31
|
|t:|1730863704
|move|p2a: ランドロス|U-turn|p1a: Ferrothorn
|-damage|p1a: Ferrothorn|0 fnt
|-damage|p2a: ランドロス|45/100|[from] ability: Iron Barbs|[of] p1a: Ferrothorn
|faint|p1a: Ferrothorn
|
|t:|1730863714
|switch|p2a: ロトム|Rotom-Wash, shiny|94/100|[from] U-turn
|
|-weather|Sandstorm|[upkeep]
|-damage|p2a: ロトム|88/100|[from] Sandstorm
|-heal|p2a: ロトム|94/100|[from] item: Leftovers
|upkeep
|
|t:|1730863729
|switch|p1a: Alakazam|Alakazam, F|100/100
|turn|32
|
|t:|1730863734
|move|p1a: Alakazam|Psyshock|p2a: ロトム
|-damage|p2a: ロトム|25/100
|move|p2a: ロトム|Volt Switch|p1a: Alakazam
|-damage|p1a: Alakazam|42/100
|
|t:|1730863741
|switch|p2a: ランドロス|Landorus-Therian, M|45/100|[from] Volt Switch
|-ability|p2a: ランドロス|Intimidate|boost
|-unboost|p1a: Alakazam|atk|1
|
|-weather|Sandstorm|[upkeep]
|upkeep
|turn|33
|
|t:|1730863755
|switch|p1a: Hippowdon|Hippowdon, F|37/100
|move|p2a: ランドロス|U-turn|p1a: Hippowdon
|-damage|p1a: Hippowdon|22/100
|
|t:|1730863764
|switch|p2a: ロトム|Rotom-Wash, shiny|25/100|[from] U-turn
|
|-weather|Sandstorm|[upkeep]
|-damage|p2a: ロトム|19/100|[from] Sandstorm
|-heal|p2a: ロトム|25/100|[from] item: Leftovers
|-heal|p1a: Hippowdon|28/100|[from] item: Leftovers
|upkeep
|turn|34
|
|t:|1730863767
|move|p2a: ロトム|Hydro Pump|p1a: Hippowdon
|-supereffective|p1a: Hippowdon
|-damage|p1a: Hippowdon|0 fnt
|faint|p1a: Hippowdon
|
|-weather|Sandstorm|[upkeep]
|-damage|p2a: ロトム|19/100|[from] Sandstorm
|-heal|p2a: ロトム|25/100|[from] item: Leftovers
|upkeep
|
|t:|1730863771
|switch|p1a: Alakazam|Alakazam, F|42/100
|turn|35
|
|t:|1730863776
|move|p1a: Alakazam|Psyshock|p2a: ロトム
|-damage|p2a: ロトム|0 fnt
|faint|p2a: ロトム
|
|-weather|Sandstorm|[upkeep]
|upkeep
|
|t:|1730863779
|switch|p2a: ランドロス|Landorus-Therian, M|45/100
|-ability|p2a: ランドロス|Intimidate|boost
|-unboost|p1a: Alakazam|atk|1
|turn|36
|
|t:|1730863783
|switch|p1a: Keldeo|Keldeo|76/100
|move|p2a: ランドロス|Earthquake|p1a: Keldeo
|-damage|p1a: Keldeo|26/100
|
|-weather|Sandstorm|[upkeep]
|-damage|p1a: Keldeo|19/100|[from] Sandstorm
|-heal|p1a: Keldeo|26/100|[from] item: Leftovers
|upkeep
|turn|37
|
|t:|1730863795
|move|p2a: ランドロス|Earthquake|p1a: Keldeo
|-damage|p1a: Keldeo|0 fnt
|faint|p1a: Keldeo
|
|-weather|Sandstorm|[upkeep]
|upkeep
|
|t:|1730863798
|switch|p1a: Alakazam|Alakazam, F|42/100
|turn|38
|
|t:|1730863800
|move|p2a: ランドロス|Earthquake|p1a: Alakazam
|-damage|p1a: Alakazam|0 fnt
|faint|p1a: Alakazam
|
|-weather|Sandstorm|[upkeep]
|upkeep
|c|☆Knopper|gg
|
|t:|1730863805
|switch|p1a: Excadrill|Excadrill, F, shiny|61/100
|turn|39
|c|☆CertamenMeum|gg
|
|t:|1730863807
|move|p2a: ランドロス|Earthquake|p1a: Excadrill
|-supereffective|p1a: Excadrill
|-damage|p1a: Excadrill|0 fnt
|faint|p1a: Excadrill
|
|win|CertamenMeum
|raw|Knopper's rating: 1328 &rarr; <strong>1316</strong><br />(-12 for losing)
|raw|CertamenMeum's rating: 1470 &rarr; <strong>1482</strong><br />(+12 for winning)
|l|☆Knopper
|player|p1|
