|j|☆Seiji15
|j|☆Alakazam17
|player|p1|Seiji15|6
|player|p2|Alakazam17|153
|teamsize|p1|6
|teamsize|p2|6
|gametype|singles
|gen|5
|tier|[Gen 5] OU
|rated|
|rule|Sleep Clause Mod: Limit one foe put to sleep
|rule|Species Clause: Limit one of each Pokémon
|rule|OHKO Clause: OHKO moves are banned
|rule|Moody Clause: Moody is banned
|rule|Evasion Moves Clause: Evasion moves are banned
|rule|Endless Battle Clause: Forcing endless battles is banned
|rule|HP Percentage Mod: HP is shown in percentages
|rule|Evasion Abilities Clause: Evasion abilities are banned
|rule|Baton Pass Clause: Limit one Baton Passer, can't pass Spe and other stats simultaneously
|rule|Swagger Clause: Swagger is banned
|clearpoke
|poke|p1|Politoed, F|item
|poke|p1|Gliscor, F|item
|poke|p1|Zapdos|item
|poke|p1|Ferrothorn, F|item
|poke|p1|Tentacruel, F|item
|poke|p1|Tornadus, M|item
|poke|p2|Magnezone|item
|poke|p2|Garchomp, F|item
|poke|p2|Dragonite, F|item
|poke|p2|Kyurem-Black|item
|poke|p2|Latios, M|item
|poke|p2|Terrakion|item
|teampreview
|l|☆Alakazam17
|player|p2|
|j|☆Alakazam17
|player|p2|Alakazam17|153
|
|start
|switch|p1a: Politoed|Politoed, F|100/100
|switch|p2a: Keskejfoulà|Terrakion|100/100
|-weather|RainDance|[from] ability: Drizzle|[of] p1a: Politoed
|turn|1
|
|move|p1a: Politoed|Hypnosis|p2a: Keskejfoulà|[miss]
|-miss|p1a: Politoed|p2a: Keskejfoulà
|move|p2a: Keskejfoulà|Stealth Rock|p1a: Politoed
|-sidestart|p1: Seiji15|move: Stealth Rock
|
|-weather|RainDance|[upkeep]
|upkeep
|turn|2
|
|move|p1a: Politoed|Hypnosis|p2a: Keskejfoulà|[miss]
|-miss|p1a: Politoed|p2a: Keskejfoulà
|move|p2a: Keskejfoulà|Close Combat|p1a: Politoed
|-damage|p1a: Politoed|18/100
|-unboost|p2a: Keskejfoulà|def|1
|-unboost|p2a: Keskejfoulà|spd|1
|
|-weather|RainDance|[upkeep]
|upkeep
|turn|3
|inactive|Battle timer is ON: inactive players will automatically lose when time's up. (requested by Seiji15)
|
|move|p1a: Politoed|Hypnosis|p2a: Keskejfoulà|[miss]
|-miss|p1a: Politoed|p2a: Keskejfoulà
|move|p2a: Keskejfoulà|Close Combat|p1a: Politoed
|-damage|p1a: Politoed|0 fnt
|-unboost|p2a: Keskejfoulà|def|1
|-unboost|p2a: Keskejfoulà|spd|1
|faint|p1a: Politoed
|
|-weather|RainDance|[upkeep]
|upkeep
|c|☆Alakazam17|Sorry
|inactive|Seiji15 has 135 seconds left.
|
|switch|p1a: Tentacruel|Tentacruel, F|100/100
|-damage|p1a: Tentacruel|88/100|[from] Stealth Rock
|turn|4
|
|move|p2a: Keskejfoulà|Stone Edge|p1a: Tentacruel
|-damage|p1a: Tentacruel|37/100
|move|p1a: Tentacruel|Rapid Spin|p2a: Keskejfoulà
|-resisted|p2a: Keskejfoulà
|-damage|p2a: Keskejfoulà|97/100
|-sideend|p1: Seiji15|Stealth Rock|[from] move: Rapid Spin|[of] p1a: Tentacruel
|
|-weather|RainDance|[upkeep]
|-heal|p1a: Tentacruel|43/100|[from] ability: Rain Dish
|-heal|p1a: Tentacruel|50/100|[from] item: Black Sludge
|upkeep
|turn|5
|
|move|p2a: Keskejfoulà|Stealth Rock|p1a: Tentacruel
|-sidestart|p1: Seiji15|move: Stealth Rock
|move|p1a: Tentacruel|Scald|p2a: Keskejfoulà
|-supereffective|p2a: Keskejfoulà
|-damage|p2a: Keskejfoulà|0 fnt
|faint|p2a: Keskejfoulà
|
|-weather|RainDance|[upkeep]
|-heal|p1a: Tentacruel|56/100|[from] ability: Rain Dish
|-heal|p1a: Tentacruel|62/100|[from] item: Black Sludge
|upkeep
|
|switch|p2a: SUIS UN AVION|Latios, M|100/100
|turn|6
|
|move|p1a: Tentacruel|Protect|p1a: Tentacruel
|-singleturn|p1a: Tentacruel|Protect
|move|p2a: SUIS UN AVION|Psyshock|p1a: Tentacruel
|-activate|p1a: Tentacruel|move: Protect
|
|-weather|RainDance|[upkeep]
|-heal|p1a: Tentacruel|68/100|[from] ability: Rain Dish
|-heal|p1a: Tentacruel|74/100|[from] item: Black Sludge
|upkeep
|turn|7
|
|switch|p1a: Gliscor|Gliscor, F|100/100
|-damage|p1a: Gliscor|88/100|[from] Stealth Rock
|move|p2a: SUIS UN AVION|Psyshock|p1a: Gliscor
|-damage|p1a: Gliscor|51/100
|
|-weather|RainDance|[upkeep]
|-status|p1a: Gliscor|tox|[from] item: Toxic Orb
|upkeep
|turn|8
|
|switch|p2a: Comment ça uber?|Kyurem-Black|100/100
|-ability|p2a: Comment ça uber?|Teravolt
|move|p1a: Gliscor|Roost|p1a: Gliscor
|-heal|p1a: Gliscor|100/100 tox
|
|-weather|RainDance|[upkeep]
|upkeep
|turn|9
|
|switch|p1a: Ferrothorn|Ferrothorn, F|100/100
|-damage|p1a: Ferrothorn|95/100|[from] Stealth Rock
|move|p2a: Comment ça uber?|Ice Beam|p1a: Ferrothorn
|-damage|p1a: Ferrothorn|70/100
|
|-weather|RainDance|[upkeep]
|-heal|p1a: Ferrothorn|76/100|[from] item: Leftovers
|upkeep
|turn|10
|
|switch|p2a: IT’S NOT A TRAP|Magnezone|100/100
|move|p1a: Ferrothorn|Leech Seed|p2a: IT’S NOT A TRAP
|-start|p2a: IT’S NOT A TRAP|move: Leech Seed
|
|-weather|RainDance|[upkeep]
|-heal|p1a: Ferrothorn|82/100|[from] item: Leftovers
|-damage|p2a: IT’S NOT A TRAP|88/100|[from] Leech Seed|[of] p1a: Ferrothorn
|-heal|p1a: Ferrothorn|93/100|[silent]
|upkeep
|turn|11
|
|move|p2a: IT’S NOT A TRAP|Hidden Power|p1a: Ferrothorn
|-supereffective|p1a: Ferrothorn
|-crit|p1a: Ferrothorn
|-damage|p1a: Ferrothorn|0 fnt
|faint|p1a: Ferrothorn
|
|-weather|RainDance|[upkeep]
|upkeep
|-message|Seiji15 forfeited.
|
|win|Alakazam17
|l|☆Seiji15
|c|☆Alakazam17|Sorry
|raw|Seiji15's rating: 1366 &rarr; <strong>1345</strong><br />(-21 for losing)
|raw|Alakazam17's rating: 1357 &rarr; <strong>1378</strong><br />(+21 for winning)
