|j|☆KL007
|j|☆porrompompom
|player|p1|KL007|supernerd|1359
|player|p2|porrompompom|2|1480
|teamsize|p1|6
|teamsize|p2|6
|gametype|singles
|gen|5
|tier|[Gen 5] OU
|rated|
|clearpoke
|poke|p1|Politoed, F|item
|poke|p1|Breloom, F|item
|poke|p1|Tentacruel, M|item
|poke|p1|Jirachi|item
|poke|p1|Landorus-Therian, M|item
|poke|p1|Reuniclus, F|item
|poke|p2|Abomasnow, F|item
|poke|p2|Starmie|item
|poke|p2|Heatran, F|item
|poke|p2|Kyurem|item
|poke|p2|Landorus-Therian, M|item
|poke|p2|Reuniclus, F|item
|rule|Species Clause: Limit one of each Pokémon
|rule|OHKO Clause: OHKO moves are banned
|rule|Moody Clause: Moody is banned
|rule|Evasion Moves Clause: Evasion moves are banned
|rule|Endless Battle Clause: Forcing endless battles is banned
|rule|HP Percentage Mod: HP is shown in percentages
|rule|Evasion Abilities Clause: Evasion abilities are banned
|rule|Baton Pass Clause: Limit one Baton Passer, can't pass Spe and other stats simultaneously
|rule|Sleep Clause: Sleep-inducing moves are banned
|rule|Swagger Clause: Swagger is banned
|teampreview
|
|start
|switch|p1a: Landorus|Landorus-Therian, M|100/100
|switch|p2a: Reuniclus|Reuniclus, F|100/100
|-ability|p1a: Landorus|Intimidate|boost
|-unboost|p2a: Reuniclus|atk|1
|turn|1
|
|move|p1a: Landorus|U-turn|p2a: Reuniclus
|-supereffective|p2a: Reuniclus
|-damage|p2a: Reuniclus|63/100
|
|switch|p1a: Jirachi|Jirachi|100/100|[from]move: U-turn
|move|p2a: Reuniclus|Trick|p1a: Jirachi
|-activate|p2a: Reuniclus|move: Trick|[of] p1a: Jirachi
|-item|p1a: Jirachi|Flame Orb|[from] move: Trick
|-item|p2a: Reuniclus|Leftovers|[from] move: Trick
|
|-heal|p2a: Reuniclus|69/100|[from] item: Leftovers
|-status|p1a: Jirachi|brn|[from] item: Flame Orb
|upkeep
|turn|2
|
|switch|p2a: Heatran|Heatran, F|100/100
|move|p1a: Jirachi|Body Slam|p2a: Heatran
|-resisted|p2a: Heatran
|-damage|p2a: Heatran|97/100
|-status|p2a: Heatran|par
|
|-heal|p2a: Heatran|100/100 par|[from] item: Leftovers
|-damage|p1a: Jirachi|88/100 brn|[from] brn
|upkeep
|turn|3
|
|switch|p1a: Politoed|Politoed, F|100/100
|-weather|RainDance|[from] ability: Drizzle|[of] p1a: Politoed
|move|p2a: Heatran|Will-O-Wisp|p1a: Politoed|[miss]
|-miss|p2a: Heatran|p1a: Politoed
|
|-weather|RainDance|[upkeep]
|upkeep
|turn|4
|
|switch|p2a: Starmie|Starmie|100/100
|move|p1a: Politoed|Scald|p2a: Starmie
|-resisted|p2a: Starmie
|-damage|p2a: Starmie|78/100
|
|-weather|RainDance|[upkeep]
|-heal|p2a: Starmie|84/100|[from] item: Leftovers
|upkeep
|turn|5
|
|move|p2a: Starmie|Scald|p1a: Politoed
|-resisted|p1a: Politoed
|-damage|p1a: Politoed|81/100
|move|p1a: Politoed|Scald|p2a: Starmie
|-resisted|p2a: Starmie
|-damage|p2a: Starmie|63/100
|
|-weather|RainDance|[upkeep]
|-heal|p2a: Starmie|69/100|[from] item: Leftovers
|-heal|p1a: Politoed|87/100|[from] item: Leftovers
|upkeep
|turn|6
|
|move|p1a: Politoed|Protect|p1a: Politoed
|-singleturn|p1a: Politoed|Protect
|move|p2a: Starmie|Recover|p2a: Starmie
|-heal|p2a: Starmie|100/100
|
|-weather|RainDance|[upkeep]
|-heal|p1a: Politoed|94/100|[from] item: Leftovers
|upkeep
|turn|7
|
|switch|p2a: Abomasnow|Abomasnow, F|100/100
|-weather|Hail|[from] ability: Snow Warning|[of] p2a: Abomasnow
|move|p1a: Politoed|Scald|p2a: Abomasnow
|-resisted|p2a: Abomasnow
|-damage|p2a: Abomasnow|87/100
|
|-weather|Hail|[upkeep]
|-damage|p1a: Politoed|87/100|[from] Hail
|-heal|p2a: Abomasnow|93/100|[from] item: Leftovers
|-heal|p1a: Politoed|94/100|[from] item: Leftovers
|upkeep
|turn|8
|
|switch|p1a: Jirachi|Jirachi|88/100 brn
|move|p2a: Abomasnow|Leech Seed|p1a: Jirachi
|-start|p1a: Jirachi|move: Leech Seed
|
|-weather|Hail|[upkeep]
|-damage|p1a: Jirachi|82/100 brn|[from] Hail
|-heal|p2a: Abomasnow|99/100|[from] item: Leftovers
|-damage|p1a: Jirachi|70/100 brn|[from] Leech Seed|[of] p2a: Abomasnow
|-heal|p2a: Abomasnow|100/100|[silent]
|-damage|p1a: Jirachi|57/100 brn|[from] brn
|upkeep
|turn|9
|
|switch|p2a: Heatran|Heatran, F|100/100 par
|move|p1a: Jirachi|Wish|p1a: Jirachi
|
|-weather|Hail|[upkeep]
|-damage|p1a: Jirachi|51/100 brn|[from] Hail
|-damage|p2a: Heatran|94/100 par|[from] Hail
|-heal|p2a: Heatran|100/100 par|[from] item: Leftovers
|-damage|p1a: Jirachi|39/100 brn|[from] Leech Seed|[of] p2a: Heatran
|-damage|p1a: Jirachi|26/100 brn|[from] brn
|upkeep
|turn|10
|
|move|p1a: Jirachi|Iron Head|p2a: Heatran
|-resisted|p2a: Heatran
|-damage|p2a: Heatran|98/100 par
|cant|p2a: Heatran|flinch
|
|-weather|Hail|[upkeep]
|-damage|p1a: Jirachi|20/100 brn|[from] Hail
|-damage|p2a: Heatran|92/100 par|[from] Hail
|-heal|p1a: Jirachi|70/100 brn|[from] move: Wish|[wisher] Jirachi
|-heal|p2a: Heatran|98/100 par|[from] item: Leftovers
|-damage|p1a: Jirachi|58/100 brn|[from] Leech Seed|[of] p2a: Heatran
|-heal|p2a: Heatran|100/100 par|[silent]
|-damage|p1a: Jirachi|45/100 brn|[from] brn
|upkeep
|turn|11
|
|switch|p1a: Politoed|Politoed, F|94/100
|-weather|RainDance|[from] ability: Drizzle|[of] p1a: Politoed
|move|p2a: Heatran|Stealth Rock|p1a: Politoed
|-sidestart|p1: KL007|move: Stealth Rock
|
|-weather|RainDance|[upkeep]
|-heal|p1a: Politoed|99/100|[from] item: Leftovers
|upkeep
|turn|12
|
|move|p1a: Politoed|Scald|p2a: Heatran
|-supereffective|p2a: Heatran
|-damage|p2a: Heatran|38/100 par
|cant|p2a: Heatran|par
|
|-weather|RainDance|[upkeep]
|-heal|p1a: Politoed|100/100|[from] item: Leftovers
|-heal|p2a: Heatran|44/100 par|[from] item: Leftovers
|upkeep
|turn|13
|
|switch|p2a: Starmie|Starmie|100/100
|move|p1a: Politoed|Scald|p2a: Starmie
|-resisted|p2a: Starmie
|-damage|p2a: Starmie|76/100
|
|-weather|RainDance|[upkeep]
|-heal|p2a: Starmie|83/100|[from] item: Leftovers
|upkeep
|turn|14
|
|switch|p2a: Abomasnow|Abomasnow, F|100/100
|-weather|Hail|[from] ability: Snow Warning|[of] p2a: Abomasnow
|move|p1a: Politoed|Scald|p2a: Abomasnow
|-resisted|p2a: Abomasnow
|-damage|p2a: Abomasnow|86/100
|-status|p2a: Abomasnow|brn
|
|-weather|Hail|[upkeep]
|-damage|p1a: Politoed|94/100|[from] Hail
|-heal|p2a: Abomasnow|92/100 brn|[from] item: Leftovers
|-heal|p1a: Politoed|100/100|[from] item: Leftovers
|-damage|p2a: Abomasnow|80/100 brn|[from] brn
|upkeep
|turn|15
|
|switch|p2a: Kyurem|Kyurem|100/100
|-ability|p2a: Kyurem|Pressure
|move|p1a: Politoed|Protect||[still]
|-fail|p1a: Politoed
|
|-weather|Hail|[upkeep]
|-damage|p1a: Politoed|94/100|[from] Hail
|-heal|p1a: Politoed|100/100|[from] item: Leftovers
|upkeep
|turn|16
|
|switch|p1a: Jirachi|Jirachi|45/100 brn
|-damage|p1a: Jirachi|39/100 brn|[from] Stealth Rock
|move|p2a: Kyurem|Draco Meteor|p1a: Jirachi
|-resisted|p1a: Jirachi
|-damage|p1a: Jirachi|7/100 brn
|-unboost|p2a: Kyurem|spa|2
|
|-weather|Hail|[upkeep]
|-damage|p1a: Jirachi|1/100 brn|[from] Hail
|-damage|p1a: Jirachi|0 fnt|[from] brn
|faint|p1a: Jirachi
|upkeep
|
|switch|p1a: Landorus|Landorus-Therian, M|100/100
|-damage|p1a: Landorus|88/100|[from] Stealth Rock
|-ability|p1a: Landorus|Intimidate|boost
|-unboost|p2a: Kyurem|atk|1
|turn|17
|
|switch|p2a: Heatran|Heatran, F|44/100 par
|move|p1a: Landorus|Stealth Rock|p2a: Heatran
|-sidestart|p2: porrompompom|move: Stealth Rock
|
|-weather|Hail|[upkeep]
|-damage|p1a: Landorus|82/100|[from] Hail
|-damage|p2a: Heatran|38/100 par|[from] Hail
|-heal|p2a: Heatran|44/100 par|[from] item: Leftovers
|upkeep
|turn|18
|
|switch|p1a: Tentacruel|Tentacruel, M|100/100
|-damage|p1a: Tentacruel|88/100|[from] Stealth Rock
|cant|p2a: Heatran|par
|
|-weather|Hail|[upkeep]
|-damage|p1a: Tentacruel|82/100|[from] Hail
|-damage|p2a: Heatran|38/100 par|[from] Hail
|-heal|p1a: Tentacruel|88/100|[from] item: Black Sludge
|-heal|p2a: Heatran|44/100 par|[from] item: Leftovers
|upkeep
|turn|19
|
|switch|p2a: Starmie|Starmie|83/100
|-damage|p2a: Starmie|70/100|[from] Stealth Rock
|move|p1a: Tentacruel|Scald|p2a: Starmie
|-resisted|p2a: Starmie
|-damage|p2a: Starmie|55/100
|-status|p2a: Starmie|brn
|
|-weather|Hail|[upkeep]
|-damage|p2a: Starmie|49/100 brn|[from] Hail
|-damage|p1a: Tentacruel|82/100|[from] Hail
|-heal|p2a: Starmie|55/100 brn|[from] item: Leftovers
|-heal|p1a: Tentacruel|88/100|[from] item: Black Sludge
|-damage|p2a: Starmie|43/100 brn|[from] brn
|upkeep
|turn|20
|
|move|p1a: Tentacruel|Protect|p1a: Tentacruel
|-singleturn|p1a: Tentacruel|Protect
|move|p2a: Starmie|Recover|p2a: Starmie
|-heal|p2a: Starmie|93/100 brn
|
|-weather|Hail|[upkeep]
|-damage|p2a: Starmie|87/100 brn|[from] Hail
|-damage|p1a: Tentacruel|82/100|[from] Hail
|-heal|p2a: Starmie|93/100 brn|[from] item: Leftovers
|-heal|p1a: Tentacruel|88/100|[from] item: Black Sludge
|-damage|p2a: Starmie|81/100 brn|[from] brn
|upkeep
|turn|21
|
|switch|p1a: Breloom|Breloom, F|100/100
|-damage|p1a: Breloom|94/100|[from] Stealth Rock
|move|p2a: Starmie|Scald|p1a: Breloom
|-resisted|p1a: Breloom
|-damage|p1a: Breloom|79/100
|
|-weather|Hail|[upkeep]
|-damage|p2a: Starmie|74/100 brn|[from] Hail
|-damage|p1a: Breloom|73/100|[from] Hail
|-heal|p2a: Starmie|81/100 brn|[from] item: Leftovers
|-damage|p2a: Starmie|68/100 brn|[from] brn
|-status|p1a: Breloom|tox|[from] item: Toxic Orb
|upkeep
|turn|22
|
|switch|p2a: Landorus|Landorus-Therian, M|100/100
|-damage|p2a: Landorus|88/100|[from] Stealth Rock
|-ability|p2a: Landorus|Intimidate|boost
|-unboost|p1a: Breloom|atk|1
|move|p1a: Breloom|Facade|p2a: Landorus
|-damage|p2a: Landorus|59/100
|
|-weather|Hail|[upkeep]
|-damage|p2a: Landorus|53/100|[from] Hail
|-damage|p1a: Breloom|67/100 tox|[from] Hail
|-heal|p1a: Breloom|79/100 tox|[from] ability: Poison Heal
|upkeep
|turn|23
|
|move|p1a: Breloom|Protect|p1a: Breloom
|-singleturn|p1a: Breloom|Protect
|move|p2a: Landorus|U-turn|p1a: Breloom
|-activate|p1a: Breloom|move: Protect
|
|-weather|Hail|[upkeep]
|-damage|p2a: Landorus|47/100|[from] Hail
|-damage|p1a: Breloom|73/100 tox|[from] Hail
|-heal|p1a: Breloom|85/100 tox|[from] ability: Poison Heal
|upkeep
|turn|24
|
|switch|p1a: Landorus|Landorus-Therian, M|82/100
|-damage|p1a: Landorus|70/100|[from] Stealth Rock
|-ability|p1a: Landorus|Intimidate|boost
|-unboost|p2a: Landorus|atk|1
|move|p2a: Landorus|U-turn|p1a: Landorus
|-resisted|p1a: Landorus
|-damage|p1a: Landorus|60/100
|
|switch|p2a: Abomasnow|Abomasnow, F|80/100 brn|[from]move: U-turn
|-damage|p2a: Abomasnow|55/100 brn|[from] Stealth Rock
|
|-weather|Hail|[upkeep]
|-damage|p1a: Landorus|54/100|[from] Hail
|-heal|p2a: Abomasnow|61/100 brn|[from] item: Leftovers
|-damage|p2a: Abomasnow|48/100 brn|[from] brn
|upkeep
|turn|25
|
|switch|p1a: Tentacruel|Tentacruel, M|88/100
|-damage|p1a: Tentacruel|76/100|[from] Stealth Rock
|switch|p2a: Landorus|Landorus-Therian, M|47/100
|-damage|p2a: Landorus|35/100|[from] Stealth Rock
|-ability|p2a: Landorus|Intimidate|boost
|-unboost|p1a: Tentacruel|atk|1
|
|-weather|Hail|[upkeep]
|-damage|p2a: Landorus|29/100|[from] Hail
|-damage|p1a: Tentacruel|70/100|[from] Hail
|-heal|p1a: Tentacruel|76/100|[from] item: Black Sludge
|upkeep
|turn|26
|
|move|p1a: Tentacruel|Protect|p1a: Tentacruel
|-singleturn|p1a: Tentacruel|Protect
|move|p2a: Landorus|U-turn|p1a: Tentacruel
|-activate|p1a: Tentacruel|move: Protect
|
|-weather|Hail|[upkeep]
|-damage|p2a: Landorus|23/100|[from] Hail
|-damage|p1a: Tentacruel|70/100|[from] Hail
|-heal|p1a: Tentacruel|76/100|[from] item: Black Sludge
|upkeep
|turn|27
|
|move|p2a: Landorus|U-turn|p1a: Tentacruel
|-resisted|p1a: Tentacruel
|-damage|p1a: Tentacruel|63/100
|
|switch|p2a: Starmie|Starmie|68/100|[from]move: U-turn
|-damage|p2a: Starmie|56/100|[from] Stealth Rock
|move|p1a: Tentacruel|Scald|p2a: Starmie
|-resisted|p2a: Starmie
|-damage|p2a: Starmie|42/100
|
|-weather|Hail|[upkeep]
|-damage|p2a: Starmie|36/100|[from] Hail
|-damage|p1a: Tentacruel|57/100|[from] Hail
|-heal|p2a: Starmie|42/100|[from] item: Leftovers
|-heal|p1a: Tentacruel|63/100|[from] item: Black Sludge
|upkeep
|turn|28
|
|switch|p1a: Landorus|Landorus-Therian, M|54/100
|-damage|p1a: Landorus|42/100|[from] Stealth Rock
|-ability|p1a: Landorus|Intimidate|boost
|-unboost|p2a: Starmie|atk|1
|move|p2a: Starmie|Rapid Spin|p1a: Landorus
|-damage|p1a: Landorus|40/100
|-sideend|p2: porrompompom|Stealth Rock|[from] move: Rapid Spin|[of] p2a: Starmie
|
|-weather|Hail|[upkeep]
|-damage|p1a: Landorus|34/100|[from] Hail
|-damage|p2a: Starmie|36/100|[from] Hail
|-heal|p2a: Starmie|42/100|[from] item: Leftovers
|upkeep
|turn|29
|
|switch|p2a: Landorus|Landorus-Therian, M|23/100
|-ability|p2a: Landorus|Intimidate|boost
|-unboost|p1a: Landorus|atk|1
|move|p1a: Landorus|Stealth Rock|p2a: Landorus
|-sidestart|p2: porrompompom|move: Stealth Rock
|
|-weather|Hail|[upkeep]
|-damage|p2a: Landorus|17/100|[from] Hail
|-damage|p1a: Landorus|28/100|[from] Hail
|upkeep
|turn|30
|
|switch|p1a: Breloom|Breloom, F|85/100 tox
|-damage|p1a: Breloom|79/100 tox|[from] Stealth Rock
|move|p2a: Landorus|U-turn|p1a: Breloom
|-damage|p1a: Breloom|44/100 tox
|
|switch|p2a: Kyurem|Kyurem|100/100|[from]move: U-turn
|-damage|p2a: Kyurem|76/100|[from] Stealth Rock
|-ability|p2a: Kyurem|Pressure
|
|-weather|Hail|[upkeep]
|-damage|p1a: Breloom|38/100 tox|[from] Hail
|-heal|p1a: Breloom|50/100 tox|[from] ability: Poison Heal
|upkeep
|turn|31
|
|move|p1a: Breloom|Protect|p1a: Breloom
|-singleturn|p1a: Breloom|Protect
|move|p2a: Kyurem|Draco Meteor|p1a: Breloom
|-activate|p1a: Breloom|move: Protect
|
|-weather|Hail|[upkeep]
|-damage|p1a: Breloom|44/100 tox|[from] Hail
|-heal|p1a: Breloom|56/100 tox|[from] ability: Poison Heal
|upkeep
|turn|32
|
|switch|p1a: Politoed|Politoed, F|100/100
|-damage|p1a: Politoed|88/100|[from] Stealth Rock
|-weather|RainDance|[from] ability: Drizzle|[of] p1a: Politoed
|move|p2a: Kyurem|Draco Meteor|p1a: Politoed
|-damage|p1a: Politoed|0 fnt
|-unboost|p2a: Kyurem|spa|2
|faint|p1a: Politoed
|
|-weather|RainDance|[upkeep]
|upkeep
|
|switch|p1a: Tentacruel|Tentacruel, M|63/100
|-damage|p1a: Tentacruel|50/100|[from] Stealth Rock
|turn|33
|
|switch|p2a: Abomasnow|Abomasnow, F|48/100 brn
|-damage|p2a: Abomasnow|23/100 brn|[from] Stealth Rock
|-weather|Hail|[from] ability: Snow Warning|[of] p2a: Abomasnow
|move|p1a: Tentacruel|Scald|p2a: Abomasnow
|-resisted|p2a: Abomasnow
|-damage|p2a: Abomasnow|12/100 brn
|
|-weather|Hail|[upkeep]
|-damage|p1a: Tentacruel|44/100|[from] Hail
|-heal|p1a: Tentacruel|50/100|[from] item: Black Sludge
|-heal|p2a: Abomasnow|18/100 brn|[from] item: Leftovers
|-damage|p2a: Abomasnow|6/100 brn|[from] brn
|upkeep
|turn|34
|
|switch|p2a: Starmie|Starmie|42/100
|-damage|p2a: Starmie|30/100|[from] Stealth Rock
|move|p1a: Tentacruel|Rapid Spin|p2a: Starmie
|-crit|p2a: Starmie
|-damage|p2a: Starmie|24/100
|-sideend|p1: KL007|Stealth Rock|[from] move: Rapid Spin|[of] p1a: Tentacruel
|
|-weather|Hail|[upkeep]
|-damage|p2a: Starmie|18/100|[from] Hail
|-damage|p1a: Tentacruel|44/100|[from] Hail
|-heal|p2a: Starmie|24/100|[from] item: Leftovers
|-heal|p1a: Tentacruel|50/100|[from] item: Black Sludge
|upkeep
|turn|35
|
|switch|p1a: Landorus|Landorus-Therian, M|28/100
|-ability|p1a: Landorus|Intimidate|boost
|-unboost|p2a: Starmie|atk|1
|move|p2a: Starmie|Recover|p2a: Starmie
|-heal|p2a: Starmie|74/100
|
|-weather|Hail|[upkeep]
|-damage|p1a: Landorus|22/100|[from] Hail
|-damage|p2a: Starmie|68/100|[from] Hail
|-heal|p2a: Starmie|74/100|[from] item: Leftovers
|upkeep
|turn|36
|
|move|p1a: Landorus|U-turn|p2a: Starmie
|-supereffective|p2a: Starmie
|-crit|p2a: Starmie
|-damage|p2a: Starmie|0 fnt
|faint|p2a: Starmie
|
|switch|p1a: Breloom|Breloom, F|56/100 tox|[from]move: U-turn
|
|-weather|Hail|[upkeep]
|-damage|p1a: Breloom|50/100 tox|[from] Hail
|-heal|p1a: Breloom|63/100 tox|[from] ability: Poison Heal
|upkeep
|c|☆porrompompom|sigh
|
|switch|p2a: Heatran|Heatran, F|44/100 par
|-damage|p2a: Heatran|31/100 par|[from] Stealth Rock
|turn|37
|
|move|p1a: Breloom|Drain Punch|p2a: Heatran
|-supereffective|p2a: Heatran
|-crit|p2a: Heatran
|-damage|p2a: Heatran|0 fnt
|-heal|p1a: Breloom|81/100 tox|[from] drain|[of] p2a: Heatran
|faint|p2a: Heatran
|
|-weather|Hail|[upkeep]
|-damage|p1a: Breloom|75/100 tox|[from] Hail
|-heal|p1a: Breloom|88/100 tox|[from] ability: Poison Heal
|upkeep
|
|switch|p2a: Kyurem|Kyurem|76/100
|-damage|p2a: Kyurem|51/100|[from] Stealth Rock
|-ability|p2a: Kyurem|Pressure
|turn|38
|
|move|p1a: Breloom|Protect|p1a: Breloom
|-singleturn|p1a: Breloom|Protect
|move|p2a: Kyurem|Blizzard|p1a: Breloom
|-activate|p1a: Breloom|move: Protect
|
|-weather|Hail|[upkeep]
|-damage|p1a: Breloom|81/100 tox|[from] Hail
|-heal|p1a: Breloom|94/100 tox|[from] ability: Poison Heal
|upkeep
|turn|39
|
|switch|p1a: Tentacruel|Tentacruel, M|50/100
|move|p2a: Kyurem|Blizzard|p1a: Tentacruel
|-resisted|p1a: Tentacruel
|-damage|p1a: Tentacruel|14/100
|
|-weather|Hail|[upkeep]
|-damage|p1a: Tentacruel|8/100|[from] Hail
|-heal|p1a: Tentacruel|14/100|[from] item: Black Sludge
|upkeep
|turn|40
|
|move|p2a: Kyurem|Blizzard|p1a: Tentacruel
|-resisted|p1a: Tentacruel
|-damage|p1a: Tentacruel|0 fnt
|faint|p1a: Tentacruel
|
|-weather|Hail|[upkeep]
|upkeep
|
|switch|p1a: Landorus|Landorus-Therian, M|22/100
|-ability|p1a: Landorus|Intimidate|boost
|-unboost|p2a: Kyurem|atk|1
|turn|41
|
|switch|p2a: Abomasnow|Abomasnow, F|6/100 brn
|-damage|p2a: Abomasnow|0 fnt|[from] Stealth Rock
|faint|p2a: Abomasnow
|move|p1a: Landorus|Earthquake|p2: Abomasnow|[notarget]
|-fail|p1a: Landorus
|
|-weather|Hail|[upkeep]
|-damage|p1a: Landorus|16/100|[from] Hail
|upkeep
|
|switch|p2a: Landorus|Landorus-Therian, M|17/100
|-damage|p2a: Landorus|5/100|[from] Stealth Rock
|-ability|p2a: Landorus|Intimidate|boost
|-unboost|p1a: Landorus|atk|1
|turn|42
|
|switch|p1a: Breloom|Breloom, F|94/100 tox
|move|p2a: Landorus|U-turn|p1a: Breloom
|-damage|p1a: Breloom|57/100 tox
|
|switch|p2a: Reuniclus|Reuniclus, F|69/100|[from]move: U-turn
|
|-weather|Hail|[upkeep]
|-damage|p1a: Breloom|51/100 tox|[from] Hail
|-heal|p2a: Reuniclus|75/100|[from] item: Leftovers
|-heal|p1a: Breloom|63/100 tox|[from] ability: Poison Heal
|upkeep
|turn|43
|
|move|p1a: Breloom|Facade|p2a: Reuniclus
|-damage|p2a: Reuniclus|48/100
|move|p2a: Reuniclus|Recover|p2a: Reuniclus
|-heal|p2a: Reuniclus|98/100
|
|-weather|Hail|[upkeep]
|-damage|p1a: Breloom|57/100 tox|[from] Hail
|-heal|p2a: Reuniclus|100/100|[from] item: Leftovers
|-heal|p1a: Breloom|70/100 tox|[from] ability: Poison Heal
|upkeep
|turn|44
|
|move|p1a: Breloom|Bulk Up|p1a: Breloom
|-boost|p1a: Breloom|atk|1
|-boost|p1a: Breloom|def|1
|move|p2a: Reuniclus|Psyshock|p1a: Breloom
|-supereffective|p1a: Breloom
|-damage|p1a: Breloom|8/100 tox
|
|-weather|Hail|[upkeep]
|-damage|p1a: Breloom|1/100 tox|[from] Hail
|-heal|p1a: Breloom|14/100 tox|[from] ability: Poison Heal
|upkeep
|turn|45
|
|switch|p1a: Reuniclus|Reuniclus, F|100/100
|switch|p2a: Landorus|Landorus-Therian, M|5/100
|-damage|p2a: Landorus|0 fnt|[from] Stealth Rock
|faint|p2a: Landorus
|
|-weather|Hail|[upkeep]
|upkeep
|
|switch|p2a: Kyurem|Kyurem|51/100
|-damage|p2a: Kyurem|26/100|[from] Stealth Rock
|-ability|p2a: Kyurem|Pressure
|turn|46
|
|switch|p1a: Breloom|Breloom, F|14/100 tox
|move|p2a: Kyurem|Blizzard|p1a: Breloom
|-supereffective|p1a: Breloom
|-crit|p1a: Breloom
|-damage|p1a: Breloom|0 fnt
|faint|p1a: Breloom
|
|-weather|Hail|[upkeep]
|upkeep
|
|switch|p1a: Landorus|Landorus-Therian, M|16/100
|-ability|p1a: Landorus|Intimidate|boost
|-unboost|p2a: Kyurem|atk|1
|turn|47
|
|move|p1a: Landorus|U-turn|p2a: Kyurem
|-damage|p2a: Kyurem|0 fnt
|faint|p2a: Kyurem
|
|switch|p1a: Reuniclus|Reuniclus, F|100/100|[from]move: U-turn
|
|-weather|Hail|[upkeep]
|upkeep
|c|☆porrompompom|252 Atk Landorus-Therian U-turn vs. 44 HP / 0 Def Kyurem: 90-107 (22.3 - 26.6%) -- 22.5% chance to 4HKO
|c|☆porrompompom|what on fuckiing earth was even that
|c|☆KL007|pog
|
|switch|p2a: Reuniclus|Reuniclus, F|100/100
|turn|48
|
|move|p2a: Reuniclus|Calm Mind|p2a: Reuniclus
|-boost|p2a: Reuniclus|spa|1
|-boost|p2a: Reuniclus|spd|1
|move|p1a: Reuniclus|Calm Mind|p1a: Reuniclus
|-boost|p1a: Reuniclus|spa|1
|-boost|p1a: Reuniclus|spd|1
|
|-weather|Hail|[upkeep]
|upkeep
|turn|49
|
|move|p2a: Reuniclus|Calm Mind|p2a: Reuniclus
|-boost|p2a: Reuniclus|spa|1
|-boost|p2a: Reuniclus|spd|1
|move|p1a: Reuniclus|Calm Mind|p1a: Reuniclus
|-boost|p1a: Reuniclus|spa|1
|-boost|p1a: Reuniclus|spd|1
|
|-weather|Hail|[upkeep]
|upkeep
|turn|50
|
|move|p2a: Reuniclus|Calm Mind|p2a: Reuniclus
|-boost|p2a: Reuniclus|spa|1
|-boost|p2a: Reuniclus|spd|1
|move|p1a: Reuniclus|Thunder|p2a: Reuniclus
|-damage|p2a: Reuniclus|77/100
|
|-weather|Hail|[upkeep]
|-heal|p2a: Reuniclus|83/100|[from] item: Leftovers
|upkeep
|turn|51
|
|move|p2a: Reuniclus|Calm Mind|p2a: Reuniclus
|-boost|p2a: Reuniclus|spa|1
|-boost|p2a: Reuniclus|spd|1
|move|p1a: Reuniclus|Thunder|p2a: Reuniclus
|-damage|p2a: Reuniclus|61/100
|
|-weather|Hail|[upkeep]
|-heal|p2a: Reuniclus|67/100|[from] item: Leftovers
|upkeep
|turn|52
|
|move|p2a: Reuniclus|Recover|p2a: Reuniclus
|-heal|p2a: Reuniclus|100/100
|move|p1a: Reuniclus|Thunder|p2a: Reuniclus
|-damage|p2a: Reuniclus|81/100
|
|-weather|Hail|[upkeep]
|-heal|p2a: Reuniclus|88/100|[from] item: Leftovers
|upkeep
|turn|53
|
|move|p2a: Reuniclus|Calm Mind|p2a: Reuniclus
|-boost|p2a: Reuniclus|spa|1
|-boost|p2a: Reuniclus|spd|1
|move|p1a: Reuniclus|Thunder|p2a: Reuniclus
|-damage|p2a: Reuniclus|68/100
|-status|p2a: Reuniclus|par
|
|-weather|Hail|[upkeep]
|-heal|p2a: Reuniclus|75/100 par|[from] item: Leftovers
|upkeep
|turn|54
|c|☆porrompompom|haha sure
|
|move|p1a: Reuniclus|Calm Mind|p1a: Reuniclus
|-boost|p1a: Reuniclus|spa|1
|-boost|p1a: Reuniclus|spd|1
|move|p2a: Reuniclus|Recover|p2a: Reuniclus
|-heal|p2a: Reuniclus|100/100 par
|
|-weather|Hail|[upkeep]
|upkeep
|turn|55
|c|☆KL007|ima crit
|
|move|p1a: Reuniclus|Calm Mind|p1a: Reuniclus
|-boost|p1a: Reuniclus|spa|1
|-boost|p1a: Reuniclus|spd|1
|move|p2a: Reuniclus|Calm Mind|p2a: Reuniclus
|-boost|p2a: Reuniclus|spa|1
|-boost|p2a: Reuniclus|spd|1
|
|-weather|Hail|[upkeep]
|upkeep
|turn|56
|c|☆porrompompom|another one?
|
|move|p1a: Reuniclus|Thunder|p2a: Reuniclus
|-damage|p2a: Reuniclus|78/100 par
|move|p2a: Reuniclus|Psyshock|p1a: Reuniclus
|-resisted|p1a: Reuniclus
|-damage|p1a: Reuniclus|50/100
|
|-weather|Hail|[upkeep]
|-heal|p1a: Reuniclus|56/100|[from] item: Leftovers
|-heal|p2a: Reuniclus|84/100 par|[from] item: Leftovers
|upkeep
|turn|57
|c|☆KL007|yessir
|
|move|p1a: Reuniclus|Thunder|p2a: Reuniclus
|-damage|p2a: Reuniclus|61/100 par
|move|p2a: Reuniclus|Psyshock|p1a: Reuniclus
|-resisted|p1a: Reuniclus
|-damage|p1a: Reuniclus|6/100
|
|-weather|Hail|[upkeep]
|-heal|p1a: Reuniclus|12/100|[from] item: Leftovers
|-heal|p2a: Reuniclus|67/100 par|[from] item: Leftovers
|upkeep
|turn|58
|
|move|p1a: Reuniclus|Recover|p1a: Reuniclus
|-heal|p1a: Reuniclus|62/100
|move|p2a: Reuniclus|Recover|p2a: Reuniclus
|-heal|p2a: Reuniclus|100/100 par
|
|-weather|Hail|[upkeep]
|-heal|p1a: Reuniclus|68/100|[from] item: Leftovers
|upkeep
|turn|59
|
|move|p1a: Reuniclus|Recover|p1a: Reuniclus
|-heal|p1a: Reuniclus|100/100
|move|p2a: Reuniclus|Psyshock|p1a: Reuniclus
|-resisted|p1a: Reuniclus
|-damage|p1a: Reuniclus|57/100
|
|-weather|Hail|[upkeep]
|-heal|p1a: Reuniclus|63/100|[from] item: Leftovers
|upkeep
|turn|60
|
|move|p1a: Reuniclus|Recover|p1a: Reuniclus
|-heal|p1a: Reuniclus|100/100
|cant|p2a: Reuniclus|par
|
|-weather|Hail|[upkeep]
|upkeep
|turn|61
|
|move|p1a: Reuniclus|Calm Mind|p1a: Reuniclus
|-boost|p1a: Reuniclus|spa|1
|-boost|p1a: Reuniclus|spd|1
|cant|p2a: Reuniclus|par
|
|-weather|Hail|[upkeep]
|upkeep
|turn|62
|
|move|p1a: Reuniclus|Thunder|p2a: Reuniclus
|-damage|p2a: Reuniclus|75/100 par
|move|p2a: Reuniclus|Psyshock|p1a: Reuniclus
|-resisted|p1a: Reuniclus
|-damage|p1a: Reuniclus|57/100
|
|-weather|Hail|[upkeep]
|-heal|p1a: Reuniclus|63/100|[from] item: Leftovers
|-heal|p2a: Reuniclus|81/100 par|[from] item: Leftovers
|upkeep
|turn|63
|
|move|p1a: Reuniclus|Recover|p1a: Reuniclus
|-heal|p1a: Reuniclus|100/100
|move|p2a: Reuniclus|Psyshock|p1a: Reuniclus
|-resisted|p1a: Reuniclus
|-damage|p1a: Reuniclus|54/100
|
|-weather|Hail|[upkeep]
|-heal|p1a: Reuniclus|60/100|[from] item: Leftovers
|-heal|p2a: Reuniclus|87/100 par|[from] item: Leftovers
|upkeep
|turn|64
|
|move|p1a: Reuniclus|Recover|p1a: Reuniclus
|-heal|p1a: Reuniclus|100/100
|move|p2a: Reuniclus|Psyshock|p1a: Reuniclus
|-resisted|p1a: Reuniclus
|-damage|p1a: Reuniclus|52/100
|
|-weather|Hail|[upkeep]
|-heal|p1a: Reuniclus|59/100|[from] item: Leftovers
|-heal|p2a: Reuniclus|93/100 par|[from] item: Leftovers
|upkeep
|turn|65
|
|move|p1a: Reuniclus|Thunder|p2a: Reuniclus
|-damage|p2a: Reuniclus|68/100 par
|move|p2a: Reuniclus|Psyshock|p1a: Reuniclus
|-resisted|p1a: Reuniclus
|-damage|p1a: Reuniclus|8/100
|
|-weather|Hail|[upkeep]
|-heal|p1a: Reuniclus|14/100|[from] item: Leftovers
|-heal|p2a: Reuniclus|74/100 par|[from] item: Leftovers
|upkeep
|turn|66
|
|move|p1a: Reuniclus|Recover|p1a: Reuniclus
|-heal|p1a: Reuniclus|64/100
|move|p2a: Reuniclus|Psyshock|p1a: Reuniclus
|-resisted|p1a: Reuniclus
|-damage|p1a: Reuniclus|14/100
|
|-weather|Hail|[upkeep]
|-heal|p1a: Reuniclus|20/100|[from] item: Leftovers
|-heal|p2a: Reuniclus|80/100 par|[from] item: Leftovers
|upkeep
|turn|67
|
|move|p1a: Reuniclus|Recover|p1a: Reuniclus
|-heal|p1a: Reuniclus|70/100
|move|p2a: Reuniclus|Psyshock|p1a: Reuniclus
|-resisted|p1a: Reuniclus
|-damage|p1a: Reuniclus|25/100
|
|-weather|Hail|[upkeep]
|-heal|p1a: Reuniclus|31/100|[from] item: Leftovers
|-heal|p2a: Reuniclus|87/100 par|[from] item: Leftovers
|upkeep
|turn|68
|
|move|p1a: Reuniclus|Recover|p1a: Reuniclus
|-heal|p1a: Reuniclus|81/100
|move|p2a: Reuniclus|Psyshock|p1a: Reuniclus
|-resisted|p1a: Reuniclus
|-damage|p1a: Reuniclus|36/100
|
|-weather|Hail|[upkeep]
|-heal|p1a: Reuniclus|42/100|[from] item: Leftovers
|-heal|p2a: Reuniclus|93/100 par|[from] item: Leftovers
|upkeep
|turn|69
|
|move|p1a: Reuniclus|Recover|p1a: Reuniclus
|-heal|p1a: Reuniclus|92/100
|cant|p2a: Reuniclus|par
|
|-weather|Hail|[upkeep]
|-heal|p1a: Reuniclus|98/100|[from] item: Leftovers
|-heal|p2a: Reuniclus|99/100 par|[from] item: Leftovers
|upkeep
|turn|70
|
|move|p1a: Reuniclus|Thunder|p2a: Reuniclus
|-damage|p2a: Reuniclus|73/100 par
|move|p2a: Reuniclus|Psyshock|p1a: Reuniclus
|-resisted|p1a: Reuniclus
|-damage|p1a: Reuniclus|49/100
|
|-weather|Hail|[upkeep]
|-heal|p1a: Reuniclus|55/100|[from] item: Leftovers
|-heal|p2a: Reuniclus|79/100 par|[from] item: Leftovers
|upkeep
|turn|71
|
|move|p1a: Reuniclus|Recover|p1a: Reuniclus
|-heal|p1a: Reuniclus|100/100
|move|p2a: Reuniclus|Psyshock|p1a: Reuniclus
|-resisted|p1a: Reuniclus
|-damage|p1a: Reuniclus|55/100
|
|-weather|Hail|[upkeep]
|-heal|p1a: Reuniclus|61/100|[from] item: Leftovers
|-heal|p2a: Reuniclus|85/100 par|[from] item: Leftovers
|upkeep
|turn|72
|
|move|p1a: Reuniclus|Thunder|p2a: Reuniclus
|-damage|p2a: Reuniclus|59/100 par
|move|p2a: Reuniclus|Psyshock|p1a: Reuniclus
|-resisted|p1a: Reuniclus
|-damage|p1a: Reuniclus|13/100
|
|-weather|Hail|[upkeep]
|-heal|p1a: Reuniclus|19/100|[from] item: Leftovers
|-heal|p2a: Reuniclus|65/100 par|[from] item: Leftovers
|upkeep
|turn|73
|
|move|p1a: Reuniclus|Recover|p1a: Reuniclus
|-heal|p1a: Reuniclus|69/100
|cant|p2a: Reuniclus|par
|
|-weather|Hail|[upkeep]
|-heal|p1a: Reuniclus|75/100|[from] item: Leftovers
|-heal|p2a: Reuniclus|71/100 par|[from] item: Leftovers
|upkeep
|turn|74
|
|move|p1a: Reuniclus|Calm Mind|p1a: Reuniclus
|-boost|p1a: Reuniclus|spa|1
|-boost|p1a: Reuniclus|spd|1
|move|p2a: Reuniclus|Psyshock|p1a: Reuniclus
|-resisted|p1a: Reuniclus
|-damage|p1a: Reuniclus|26/100
|
|-weather|Hail|[upkeep]
|-heal|p1a: Reuniclus|32/100|[from] item: Leftovers
|-heal|p2a: Reuniclus|78/100 par|[from] item: Leftovers
|upkeep
|turn|75
|
|move|p1a: Reuniclus|Recover|p1a: Reuniclus
|-heal|p1a: Reuniclus|82/100
|move|p2a: Reuniclus|Psyshock|p1a: Reuniclus
|-resisted|p1a: Reuniclus
|-damage|p1a: Reuniclus|38/100
|
|-weather|Hail|[upkeep]
|-heal|p1a: Reuniclus|44/100|[from] item: Leftovers
|-heal|p2a: Reuniclus|84/100 par|[from] item: Leftovers
|upkeep
|turn|76
|c|☆porrompompom|thing is, once you got the miracle para (12/12 thunders in hail), you only needed to keep out of range from psyshock crit by using recover instead of attacking with thunder
|c|☆KL007|im flexing
|c|☆porrompompom|but who needs not to play stupid when you're not getting critted anyways l o l
|
|move|p1a: Reuniclus|Thunder|p2a: Reuniclus
|-damage|p2a: Reuniclus|55/100 par
|move|p2a: Reuniclus|Calm Mind|p2a: Reuniclus
|-boost|p2a: Reuniclus|spa|0
|-boost|p2a: Reuniclus|spd|0
|
|-weather|Hail|[upkeep]
|-heal|p1a: Reuniclus|50/100|[from] item: Leftovers
|-heal|p2a: Reuniclus|61/100 par|[from] item: Leftovers
|upkeep
|turn|77
|
|move|p1a: Reuniclus|Thunder|p2a: Reuniclus
|-damage|p2a: Reuniclus|31/100 par
|move|p2a: Reuniclus|Recover|p2a: Reuniclus
|-heal|p2a: Reuniclus|81/100 par
|
|-weather|Hail|[upkeep]
|-heal|p1a: Reuniclus|56/100|[from] item: Leftovers
|-heal|p2a: Reuniclus|87/100 par|[from] item: Leftovers
|upkeep
|turn|78
|
|move|p1a: Reuniclus|Thunder|p2a: Reuniclus
|-damage|p2a: Reuniclus|59/100 par
|cant|p2a: Reuniclus|par
|
|-weather|Hail|[upkeep]
|-heal|p1a: Reuniclus|63/100|[from] item: Leftovers
|-heal|p2a: Reuniclus|65/100 par|[from] item: Leftovers
|upkeep
|turn|79
|
|move|p1a: Reuniclus|Thunder|p2a: Reuniclus|[miss]
|-miss|p1a: Reuniclus|p2a: Reuniclus
|move|p2a: Reuniclus|Calm Mind|p2a: Reuniclus
|-boost|p2a: Reuniclus|spa|0
|-boost|p2a: Reuniclus|spd|0
|
|-weather|Hail|[upkeep]
|-heal|p1a: Reuniclus|69/100|[from] item: Leftovers
|-heal|p2a: Reuniclus|71/100 par|[from] item: Leftovers
|upkeep
|turn|80
|
|move|p1a: Reuniclus|Thunder|p2a: Reuniclus
|-damage|p2a: Reuniclus|39/100 par
|cant|p2a: Reuniclus|par
|
|-weather|Hail|[upkeep]
|-heal|p1a: Reuniclus|75/100|[from] item: Leftovers
|-heal|p2a: Reuniclus|46/100 par|[from] item: Leftovers
|upkeep
|turn|81
|
|move|p1a: Reuniclus|Thunder|p2a: Reuniclus
|-damage|p2a: Reuniclus|13/100 par
|move|p2a: Reuniclus|Recover|p2a: Reuniclus
|-heal|p2a: Reuniclus|63/100 par
|
|-weather|Hail|[upkeep]
|-heal|p1a: Reuniclus|81/100|[from] item: Leftovers
|-heal|p2a: Reuniclus|69/100 par|[from] item: Leftovers
|upkeep
|turn|82
|
|move|p1a: Reuniclus|Hidden Power|p2a: Reuniclus
|-damage|p2a: Reuniclus|49/100 par
|move|p2a: Reuniclus|Calm Mind|p2a: Reuniclus
|-boost|p2a: Reuniclus|spa|0
|-boost|p2a: Reuniclus|spd|0
|
|-weather|Hail|[upkeep]
|-heal|p1a: Reuniclus|87/100|[from] item: Leftovers
|-heal|p2a: Reuniclus|55/100 par|[from] item: Leftovers
|upkeep
|turn|83
|
|move|p1a: Reuniclus|Hidden Power|p2a: Reuniclus
|-damage|p2a: Reuniclus|38/100 par
|move|p2a: Reuniclus|Recover|p2a: Reuniclus
|-heal|p2a: Reuniclus|88/100 par
|
|-weather|Hail|[upkeep]
|-heal|p1a: Reuniclus|93/100|[from] item: Leftovers
|-heal|p2a: Reuniclus|94/100 par|[from] item: Leftovers
|upkeep
|turn|84
|
|move|p1a: Reuniclus|Hidden Power|p2a: Reuniclus
|-damage|p2a: Reuniclus|77/100 par
|move|p2a: Reuniclus|Calm Mind|p2a: Reuniclus
|-boost|p2a: Reuniclus|spa|0
|-boost|p2a: Reuniclus|spd|0
|
|-weather|Hail|[upkeep]
|-heal|p1a: Reuniclus|99/100|[from] item: Leftovers
|-heal|p2a: Reuniclus|83/100 par|[from] item: Leftovers
|upkeep
|turn|85
|
|move|p1a: Reuniclus|Hidden Power|p2a: Reuniclus
|-damage|p2a: Reuniclus|67/100 par
|move|p2a: Reuniclus|Calm Mind|p2a: Reuniclus
|-boost|p2a: Reuniclus|spa|0
|-boost|p2a: Reuniclus|spd|0
|
|-weather|Hail|[upkeep]
|-heal|p1a: Reuniclus|100/100|[from] item: Leftovers
|-heal|p2a: Reuniclus|73/100 par|[from] item: Leftovers
|upkeep
|turn|86
|
|move|p1a: Reuniclus|Hidden Power|p2a: Reuniclus
|-damage|p2a: Reuniclus|56/100 par
|cant|p2a: Reuniclus|par
|
|-weather|Hail|[upkeep]
|-heal|p2a: Reuniclus|63/100 par|[from] item: Leftovers
|upkeep
|turn|87
|
|move|p1a: Reuniclus|Hidden Power|p2a: Reuniclus
|-damage|p2a: Reuniclus|43/100 par
|move|p2a: Reuniclus|Recover|p2a: Reuniclus
|-heal|p2a: Reuniclus|93/100 par
|
|-weather|Hail|[upkeep]
|-heal|p2a: Reuniclus|99/100 par|[from] item: Leftovers
|upkeep
|turn|88
|
|move|p1a: Reuniclus|Hidden Power|p2a: Reuniclus
|-damage|p2a: Reuniclus|82/100 par
|move|p2a: Reuniclus|Calm Mind|p2a: Reuniclus
|-boost|p2a: Reuniclus|spa|0
|-boost|p2a: Reuniclus|spd|0
|
|-weather|Hail|[upkeep]
|-heal|p2a: Reuniclus|88/100 par|[from] item: Leftovers
|upkeep
|turn|89
|
|move|p1a: Reuniclus|Hidden Power|p2a: Reuniclus
|-damage|p2a: Reuniclus|70/100 par
|move|p2a: Reuniclus|Calm Mind|p2a: Reuniclus
|-boost|p2a: Reuniclus|spa|0
|-boost|p2a: Reuniclus|spd|0
|
|-weather|Hail|[upkeep]
|-heal|p2a: Reuniclus|76/100 par|[from] item: Leftovers
|upkeep
|turn|90
|
|move|p1a: Reuniclus|Hidden Power|p2a: Reuniclus
|-damage|p2a: Reuniclus|59/100 par
|cant|p2a: Reuniclus|par
|
|-weather|Hail|[upkeep]
|-heal|p2a: Reuniclus|65/100 par|[from] item: Leftovers
|upkeep
|turn|91
|
|move|p1a: Reuniclus|Hidden Power|p2a: Reuniclus
|-damage|p2a: Reuniclus|46/100 par
|cant|p2a: Reuniclus|par
|
|-weather|Hail|[upkeep]
|-heal|p2a: Reuniclus|52/100 par|[from] item: Leftovers
|upkeep
|turn|92
|
|move|p1a: Reuniclus|Hidden Power|p2a: Reuniclus
|-damage|p2a: Reuniclus|33/100 par
|move|p2a: Reuniclus|Recover|p2a: Reuniclus
|-heal|p2a: Reuniclus|83/100 par
|
|-weather|Hail|[upkeep]
|-heal|p2a: Reuniclus|89/100 par|[from] item: Leftovers
|upkeep
|turn|93
|
|move|p1a: Reuniclus|Hidden Power|p2a: Reuniclus
|-damage|p2a: Reuniclus|70/100 par
|move|p2a: Reuniclus|Trick|p1a: Reuniclus
|-activate|p2a: Reuniclus|move: Trick|[of] p1a: Reuniclus
|-item|p1a: Reuniclus|Leftovers|[from] move: Trick
|-item|p2a: Reuniclus|Leftovers|[from] move: Trick
|
|-weather|Hail|[upkeep]
|-heal|p2a: Reuniclus|76/100 par|[from] item: Leftovers
|upkeep
|turn|94
|
|move|p1a: Reuniclus|Hidden Power|p2a: Reuniclus
|-damage|p2a: Reuniclus|59/100 par
|move|p2a: Reuniclus|Trick|p1a: Reuniclus
|-activate|p2a: Reuniclus|move: Trick|[of] p1a: Reuniclus
|-item|p1a: Reuniclus|Leftovers|[from] move: Trick
|-item|p2a: Reuniclus|Leftovers|[from] move: Trick
|
|-weather|Hail|[upkeep]
|-heal|p2a: Reuniclus|65/100 par|[from] item: Leftovers
|upkeep
|turn|95
|
|move|p1a: Reuniclus|Hidden Power|p2a: Reuniclus
|-damage|p2a: Reuniclus|46/100 par
|move|p2a: Reuniclus|Recover|p2a: Reuniclus
|-heal|p2a: Reuniclus|96/100 par
|
|-weather|Hail|[upkeep]
|-heal|p2a: Reuniclus|100/100 par|[from] item: Leftovers
|upkeep
|turn|96
|
|move|p1a: Reuniclus|Hidden Power|p2a: Reuniclus
|-damage|p2a: Reuniclus|82/100 par
|cant|p2a: Reuniclus|par
|
|-weather|Hail|[upkeep]
|-heal|p2a: Reuniclus|88/100 par|[from] item: Leftovers
|upkeep
|turn|97
|
|move|p1a: Reuniclus|Hidden Power|p2a: Reuniclus
|-damage|p2a: Reuniclus|71/100 par
|cant|p2a: Reuniclus|par
|
|-weather|Hail|[upkeep]
|-heal|p2a: Reuniclus|77/100 par|[from] item: Leftovers
|upkeep
|turn|98
|
|move|p1a: Reuniclus|Hidden Power|p2a: Reuniclus
|-damage|p2a: Reuniclus|59/100 par
|move|p2a: Reuniclus|Trick|p1a: Reuniclus
|-activate|p2a: Reuniclus|move: Trick|[of] p1a: Reuniclus
|-item|p1a: Reuniclus|Leftovers|[from] move: Trick
|-item|p2a: Reuniclus|Leftovers|[from] move: Trick
|
|-weather|Hail|[upkeep]
|-heal|p2a: Reuniclus|65/100 par|[from] item: Leftovers
|upkeep
|turn|99
|
|move|p1a: Reuniclus|Hidden Power|p2a: Reuniclus
|-damage|p2a: Reuniclus|47/100 par
|cant|p2a: Reuniclus|par
|
|-weather|Hail|[upkeep]
|-heal|p2a: Reuniclus|54/100 par|[from] item: Leftovers
|upkeep
|turn|100
|
|move|p1a: Reuniclus|Hidden Power|p2a: Reuniclus
|-damage|p2a: Reuniclus|34/100 par
|move|p2a: Reuniclus|Recover|p2a: Reuniclus
|-heal|p2a: Reuniclus|84/100 par
|
|-weather|Hail|[upkeep]
|-heal|p2a: Reuniclus|90/100 par|[from] item: Leftovers
|upkeep
|turn|101
|
|move|p1a: Reuniclus|Hidden Power|p2a: Reuniclus
|-damage|p2a: Reuniclus|73/100 par
|move|p2a: Reuniclus|Trick|p1a: Reuniclus
|-activate|p2a: Reuniclus|move: Trick|[of] p1a: Reuniclus
|-item|p1a: Reuniclus|Leftovers|[from] move: Trick
|-item|p2a: Reuniclus|Leftovers|[from] move: Trick
|
|-weather|Hail|[upkeep]
|-heal|p2a: Reuniclus|79/100 par|[from] item: Leftovers
|upkeep
|turn|102
|
|move|p1a: Reuniclus|Hidden Power|p2a: Reuniclus
|-damage|p2a: Reuniclus|61/100 par
|move|p2a: Reuniclus|Trick|p1a: Reuniclus
|-activate|p2a: Reuniclus|move: Trick|[of] p1a: Reuniclus
|-item|p1a: Reuniclus|Leftovers|[from] move: Trick
|-item|p2a: Reuniclus|Leftovers|[from] move: Trick
|
|-weather|Hail|[upkeep]
|-heal|p2a: Reuniclus|67/100 par|[from] item: Leftovers
|upkeep
|turn|103
|
|switch|p1a: Landorus|Landorus-Therian, M|16/100
|-ability|p1a: Landorus|Intimidate|boost
|-unboost|p2a: Reuniclus|atk|1
|cant|p2a: Reuniclus|par
|
|-weather|Hail|[upkeep]
|-damage|p1a: Landorus|10/100|[from] Hail
|-heal|p2a: Reuniclus|73/100 par|[from] item: Leftovers
|upkeep
|turn|104
|
|move|p1a: Landorus|U-turn|p2a: Reuniclus
|-supereffective|p2a: Reuniclus
|-damage|p2a: Reuniclus|32/100 par
|
|switch|p1a: Reuniclus|Reuniclus, F|100/100|[from]move: U-turn
|move|p2a: Reuniclus|Recover|p2a: Reuniclus
|-heal|p2a: Reuniclus|82/100 par
|
|-weather|Hail|[upkeep]
|-heal|p2a: Reuniclus|88/100 par|[from] item: Leftovers
|upkeep
|turn|105
|
|move|p1a: Reuniclus|Calm Mind|p1a: Reuniclus
|-boost|p1a: Reuniclus|spa|1
|-boost|p1a: Reuniclus|spd|1
|move|p2a: Reuniclus|Calm Mind|p2a: Reuniclus
|-boost|p2a: Reuniclus|spa|0
|-boost|p2a: Reuniclus|spd|0
|
|-weather|Hail|[upkeep]
|-heal|p2a: Reuniclus|94/100 par|[from] item: Leftovers
|upkeep
|turn|106
|
|move|p1a: Reuniclus|Calm Mind|p1a: Reuniclus
|-boost|p1a: Reuniclus|spa|1
|-boost|p1a: Reuniclus|spd|1
|move|p2a: Reuniclus|Calm Mind|p2a: Reuniclus
|-boost|p2a: Reuniclus|spa|0
|-boost|p2a: Reuniclus|spd|0
|
|-weather|Hail|[upkeep]
|-heal|p2a: Reuniclus|99/100 par|[from] item: Leftovers
|upkeep
|turn|107
|
|move|p1a: Reuniclus|Calm Mind|p1a: Reuniclus
|-boost|p1a: Reuniclus|spa|1
|-boost|p1a: Reuniclus|spd|1
|move|p2a: Reuniclus|Calm Mind|p2a: Reuniclus
|-boost|p2a: Reuniclus|spa|0
|-boost|p2a: Reuniclus|spd|0
|
|-weather|Hail|[upkeep]
|-heal|p2a: Reuniclus|100/100 par|[from] item: Leftovers
|upkeep
|turn|108
|
|move|p1a: Reuniclus|Calm Mind|p1a: Reuniclus
|-boost|p1a: Reuniclus|spa|1
|-boost|p1a: Reuniclus|spd|1
|cant|p2a: Reuniclus|par
|
|-weather|Hail|[upkeep]
|upkeep
|turn|109
|
|move|p1a: Reuniclus|Calm Mind|p1a: Reuniclus
|-boost|p1a: Reuniclus|spa|1
|-boost|p1a: Reuniclus|spd|1
|move|p2a: Reuniclus|Calm Mind|p2a: Reuniclus
|-boost|p2a: Reuniclus|spa|0
|-boost|p2a: Reuniclus|spd|0
|
|-weather|Hail|[upkeep]
|upkeep
|turn|110
|
|move|p1a: Reuniclus|Calm Mind|p1a: Reuniclus
|-boost|p1a: Reuniclus|spa|1
|-boost|p1a: Reuniclus|spd|1
|move|p2a: Reuniclus|Calm Mind|p2a: Reuniclus
|-boost|p2a: Reuniclus|spa|0
|-boost|p2a: Reuniclus|spd|0
|
|-weather|Hail|[upkeep]
|upkeep
|turn|111
|
|move|p1a: Reuniclus|Calm Mind|p1a: Reuniclus
|-boost|p1a: Reuniclus|spa|0
|-boost|p1a: Reuniclus|spd|0
|move|p2a: Reuniclus|Calm Mind|p2a: Reuniclus
|-boost|p2a: Reuniclus|spa|0
|-boost|p2a: Reuniclus|spd|0
|
|-weather|Hail|[upkeep]
|upkeep
|turn|112
|
|move|p1a: Reuniclus|Calm Mind|p1a: Reuniclus
|-boost|p1a: Reuniclus|spa|0
|-boost|p1a: Reuniclus|spd|0
|move|p2a: Reuniclus|Calm Mind|p2a: Reuniclus
|-boost|p2a: Reuniclus|spa|0
|-boost|p2a: Reuniclus|spd|0
|
|-weather|Hail|[upkeep]
|upkeep
|turn|113
|
|move|p1a: Reuniclus|Calm Mind|p1a: Reuniclus
|-boost|p1a: Reuniclus|spa|0
|-boost|p1a: Reuniclus|spd|0
|move|p2a: Reuniclus|Calm Mind|p2a: Reuniclus
|-boost|p2a: Reuniclus|spa|0
|-boost|p2a: Reuniclus|spd|0
|
|-weather|Hail|[upkeep]
|upkeep
|turn|114
|
|move|p1a: Reuniclus|Calm Mind|p1a: Reuniclus
|-boost|p1a: Reuniclus|spa|0
|-boost|p1a: Reuniclus|spd|0
|move|p2a: Reuniclus|Calm Mind|p2a: Reuniclus
|-boost|p2a: Reuniclus|spa|0
|-boost|p2a: Reuniclus|spd|0
|
|-weather|Hail|[upkeep]
|upkeep
|turn|115
|
|move|p1a: Reuniclus|Calm Mind|p1a: Reuniclus
|-boost|p1a: Reuniclus|spa|0
|-boost|p1a: Reuniclus|spd|0
|move|p2a: Reuniclus|Calm Mind|p2a: Reuniclus
|-boost|p2a: Reuniclus|spa|0
|-boost|p2a: Reuniclus|spd|0
|
|-weather|Hail|[upkeep]
|upkeep
|turn|116
|
|move|p1a: Reuniclus|Calm Mind|p1a: Reuniclus
|-boost|p1a: Reuniclus|spa|0
|-boost|p1a: Reuniclus|spd|0
|move|p2a: Reuniclus|Calm Mind|p2a: Reuniclus
|-boost|p2a: Reuniclus|spa|0
|-boost|p2a: Reuniclus|spd|0
|
|-weather|Hail|[upkeep]
|upkeep
|turn|117
|
|move|p1a: Reuniclus|Calm Mind|p1a: Reuniclus
|-boost|p1a: Reuniclus|spa|0
|-boost|p1a: Reuniclus|spd|0
|move|p2a: Reuniclus|Calm Mind|p2a: Reuniclus
|-boost|p2a: Reuniclus|spa|0
|-boost|p2a: Reuniclus|spd|0
|
|-weather|Hail|[upkeep]
|upkeep
|turn|118
|
|move|p1a: Reuniclus|Calm Mind|p1a: Reuniclus
|-boost|p1a: Reuniclus|spa|0
|-boost|p1a: Reuniclus|spd|0
|cant|p2a: Reuniclus|par
|
|-weather|Hail|[upkeep]
|upkeep
|turn|119
|c|☆porrompompom|what the actual fuck
|c|☆porrompompom|was i even paralyzed???
|c|☆porrompompom|who would've had said
|c|☆KL007|huh
|
|move|p1a: Reuniclus|Calm Mind|p1a: Reuniclus
|-boost|p1a: Reuniclus|spa|0
|-boost|p1a: Reuniclus|spd|0
|move|p2a: Reuniclus|Calm Mind|p2a: Reuniclus
|-boost|p2a: Reuniclus|spa|0
|-boost|p2a: Reuniclus|spd|0
|
|-weather|Hail|[upkeep]
|upkeep
|turn|120
|c|☆KL007|lmao
|
|move|p1a: Reuniclus|Calm Mind|p1a: Reuniclus
|-boost|p1a: Reuniclus|spa|0
|-boost|p1a: Reuniclus|spd|0
|move|p2a: Reuniclus|Calm Mind|p2a: Reuniclus
|-boost|p2a: Reuniclus|spa|0
|-boost|p2a: Reuniclus|spd|0
|
|-weather|Hail|[upkeep]
|upkeep
|turn|121
|
|move|p1a: Reuniclus|Calm Mind|p1a: Reuniclus
|-boost|p1a: Reuniclus|spa|0
|-boost|p1a: Reuniclus|spd|0
|move|p2a: Reuniclus|Calm Mind|p2a: Reuniclus
|-boost|p2a: Reuniclus|spa|0
|-boost|p2a: Reuniclus|spd|0
|
|-weather|Hail|[upkeep]
|upkeep
|turn|122
|
|move|p1a: Reuniclus|Calm Mind|p1a: Reuniclus
|-boost|p1a: Reuniclus|spa|0
|-boost|p1a: Reuniclus|spd|0
|move|p2a: Reuniclus|Trick|p1a: Reuniclus
|-activate|p2a: Reuniclus|move: Trick|[of] p1a: Reuniclus
|-item|p1a: Reuniclus|Leftovers|[from] move: Trick
|-item|p2a: Reuniclus|Leftovers|[from] move: Trick
|
|-weather|Hail|[upkeep]
|upkeep
|turn|123
|
|move|p1a: Reuniclus|Calm Mind|p1a: Reuniclus
|-boost|p1a: Reuniclus|spa|0
|-boost|p1a: Reuniclus|spd|0
|move|p2a: Reuniclus|Trick|p1a: Reuniclus
|-activate|p2a: Reuniclus|move: Trick|[of] p1a: Reuniclus
|-item|p1a: Reuniclus|Leftovers|[from] move: Trick
|-item|p2a: Reuniclus|Leftovers|[from] move: Trick
|
|-weather|Hail|[upkeep]
|upkeep
|turn|124
|
|switch|p1a: Landorus|Landorus-Therian, M|10/100
|-ability|p1a: Landorus|Intimidate|boost
|-unboost|p2a: Reuniclus|atk|1
|move|p2a: Reuniclus|Calm Mind|p2a: Reuniclus
|-boost|p2a: Reuniclus|spa|0
|-boost|p2a: Reuniclus|spd|0
|
|-weather|Hail|[upkeep]
|-damage|p1a: Landorus|4/100|[from] Hail
|upkeep
|turn|125
|
|move|p1a: Landorus|U-turn|p2a: Reuniclus
|-supereffective|p2a: Reuniclus
|-damage|p2a: Reuniclus|61/100 par
|inactive|Battle timer is ON: inactive players will automatically lose when time's up. (requested by porrompompom)
|inactive|KL007 has 120 seconds left.
|
|switch|p1a: Reuniclus|Reuniclus, F|100/100|[from]move: U-turn
|move|p2a: Reuniclus|Calm Mind|p2a: Reuniclus
|-boost|p2a: Reuniclus|spa|0
|-boost|p2a: Reuniclus|spd|0
|
|-weather|Hail|[upkeep]
|-heal|p2a: Reuniclus|67/100 par|[from] item: Leftovers
|upkeep
|turn|126
|
|move|p1a: Reuniclus|Calm Mind|p1a: Reuniclus
|-boost|p1a: Reuniclus|spa|1
|-boost|p1a: Reuniclus|spd|1
|move|p2a: Reuniclus|Recover|p2a: Reuniclus
|-heal|p2a: Reuniclus|100/100 par
|
|-weather|Hail|[upkeep]
|upkeep
|turn|127
|
|move|p1a: Reuniclus|Calm Mind|p1a: Reuniclus
|-boost|p1a: Reuniclus|spa|1
|-boost|p1a: Reuniclus|spd|1
|move|p2a: Reuniclus|Trick|p1a: Reuniclus
|-activate|p2a: Reuniclus|move: Trick|[of] p1a: Reuniclus
|-item|p1a: Reuniclus|Leftovers|[from] move: Trick
|-item|p2a: Reuniclus|Leftovers|[from] move: Trick
|
|-weather|Hail|[upkeep]
|upkeep
|turn|128
|
|move|p1a: Reuniclus|Calm Mind|p1a: Reuniclus
|-boost|p1a: Reuniclus|spa|1
|-boost|p1a: Reuniclus|spd|1
|move|p2a: Reuniclus|Trick|p1a: Reuniclus
|-activate|p2a: Reuniclus|move: Trick|[of] p1a: Reuniclus
|-item|p1a: Reuniclus|Leftovers|[from] move: Trick
|-item|p2a: Reuniclus|Leftovers|[from] move: Trick
|
|-weather|Hail|[upkeep]
|upkeep
|turn|129
|
|move|p1a: Reuniclus|Calm Mind|p1a: Reuniclus
|-boost|p1a: Reuniclus|spa|1
|-boost|p1a: Reuniclus|spd|1
|cant|p2a: Reuniclus|par
|
|-weather|Hail|[upkeep]
|upkeep
|turn|130
|
|move|p1a: Reuniclus|Hidden Power|p2a: Reuniclus
|-damage|p2a: Reuniclus|87/100 par
|move|p2a: Reuniclus|Calm Mind|p2a: Reuniclus
|-boost|p2a: Reuniclus|spa|0
|-boost|p2a: Reuniclus|spd|0
|
|-weather|Hail|[upkeep]
|-heal|p2a: Reuniclus|93/100 par|[from] item: Leftovers
|upkeep
|turn|131
|
|move|p1a: Reuniclus|Calm Mind|p1a: Reuniclus
|-boost|p1a: Reuniclus|spa|1
|-boost|p1a: Reuniclus|spd|1
|move|p2a: Reuniclus|Trick|p1a: Reuniclus
|-activate|p2a: Reuniclus|move: Trick|[of] p1a: Reuniclus
|-item|p1a: Reuniclus|Leftovers|[from] move: Trick
|-item|p2a: Reuniclus|Leftovers|[from] move: Trick
|
|-weather|Hail|[upkeep]
|-heal|p2a: Reuniclus|99/100 par|[from] item: Leftovers
|upkeep
|turn|132
|
|move|p1a: Reuniclus|Hidden Power|p2a: Reuniclus
|-damage|p2a: Reuniclus|84/100 par
|cant|p2a: Reuniclus|par
|
|-weather|Hail|[upkeep]
|-heal|p2a: Reuniclus|91/100 par|[from] item: Leftovers
|upkeep
|turn|133
|
|move|p1a: Reuniclus|Hidden Power|p2a: Reuniclus
|-damage|p2a: Reuniclus|73/100 par
|move|p2a: Reuniclus|Trick|p1a: Reuniclus
|-activate|p2a: Reuniclus|move: Trick|[of] p1a: Reuniclus
|-item|p1a: Reuniclus|Leftovers|[from] move: Trick
|-item|p2a: Reuniclus|Leftovers|[from] move: Trick
|
|-weather|Hail|[upkeep]
|-heal|p2a: Reuniclus|80/100 par|[from] item: Leftovers
|upkeep
|turn|134
|
|move|p1a: Reuniclus|Calm Mind|p1a: Reuniclus
|-boost|p1a: Reuniclus|spa|1
|-boost|p1a: Reuniclus|spd|1
|move|p2a: Reuniclus|Trick|p1a: Reuniclus
|-activate|p2a: Reuniclus|move: Trick|[of] p1a: Reuniclus
|-item|p1a: Reuniclus|Leftovers|[from] move: Trick
|-item|p2a: Reuniclus|Leftovers|[from] move: Trick
|
|-weather|Hail|[upkeep]
|-heal|p2a: Reuniclus|86/100 par|[from] item: Leftovers
|upkeep
|turn|135
|
|move|p1a: Reuniclus|Recover||[still]
|-fail|p1a: Reuniclus|heal
|cant|p2a: Reuniclus|par
|
|-weather|Hail|[upkeep]
|-heal|p2a: Reuniclus|92/100 par|[from] item: Leftovers
|upkeep
|turn|136
|
|move|p1a: Reuniclus|Recover||[still]
|-fail|p1a: Reuniclus|heal
|move|p2a: Reuniclus|Trick|p1a: Reuniclus
|-activate|p2a: Reuniclus|move: Trick|[of] p1a: Reuniclus
|-item|p1a: Reuniclus|Leftovers|[from] move: Trick
|-item|p2a: Reuniclus|Leftovers|[from] move: Trick
|
|-weather|Hail|[upkeep]
|-heal|p2a: Reuniclus|98/100 par|[from] item: Leftovers
|upkeep
|turn|137
|
|move|p1a: Reuniclus|Calm Mind|p1a: Reuniclus
|-boost|p1a: Reuniclus|spa|0
|-boost|p1a: Reuniclus|spd|0
|move|p2a: Reuniclus|Calm Mind|p2a: Reuniclus
|-boost|p2a: Reuniclus|spa|0
|-boost|p2a: Reuniclus|spd|0
|
|-weather|Hail|[upkeep]
|-heal|p2a: Reuniclus|100/100 par|[from] item: Leftovers
|upkeep
|turn|138
|
|move|p1a: Reuniclus|Recover||[still]
|-fail|p1a: Reuniclus|heal
|move|p2a: Reuniclus|Trick|p1a: Reuniclus
|-activate|p2a: Reuniclus|move: Trick|[of] p1a: Reuniclus
|-item|p1a: Reuniclus|Leftovers|[from] move: Trick
|-item|p2a: Reuniclus|Leftovers|[from] move: Trick
|
|-weather|Hail|[upkeep]
|upkeep
|turn|139
|
|switch|p1a: Landorus|Landorus-Therian, M|4/100
|-ability|p1a: Landorus|Intimidate|boost
|-unboost|p2a: Reuniclus|atk|1
|cant|p2a: Reuniclus|par
|
|-weather|Hail|[upkeep]
|-damage|p1a: Landorus|0 fnt|[from] Hail
|faint|p1a: Landorus
|upkeep
|
|switch|p1a: Reuniclus|Reuniclus, F|100/100
|turn|140
|
|move|p1a: Reuniclus|Recover||[still]
|-fail|p1a: Reuniclus|heal
|move|p2a: Reuniclus|Trick|p1a: Reuniclus
|-activate|p2a: Reuniclus|move: Trick|[of] p1a: Reuniclus
|-item|p1a: Reuniclus|Leftovers|[from] move: Trick
|-item|p2a: Reuniclus|Leftovers|[from] move: Trick
|
|-weather|Hail|[upkeep]
|upkeep
|turn|141
|
|-activate|p1a: Reuniclus|move: Struggle
|move|p1a: Reuniclus|Struggle|p2a: Reuniclus
|-damage|p2a: Reuniclus|96/100 par
|-damage|p1a: Reuniclus|75/100|[from] recoil
|move|p2a: Reuniclus|Recover|p2a: Reuniclus
|-heal|p2a: Reuniclus|100/100 par
|
|-weather|Hail|[upkeep]
|-heal|p1a: Reuniclus|82/100|[from] item: Leftovers
|upkeep
|turn|142
|
|-activate|p1a: Reuniclus|move: Struggle
|move|p1a: Reuniclus|Struggle|p2a: Reuniclus
|-damage|p2a: Reuniclus|96/100 par
|-damage|p1a: Reuniclus|57/100|[from] recoil
|cant|p2a: Reuniclus|par
|
|-weather|Hail|[upkeep]
|-heal|p1a: Reuniclus|63/100|[from] item: Leftovers
|-heal|p2a: Reuniclus|100/100 par|[from] item: Leftovers
|upkeep
|turn|143
|
|-activate|p1a: Reuniclus|move: Struggle
|move|p1a: Reuniclus|Struggle|p2a: Reuniclus
|-damage|p2a: Reuniclus|96/100 par
|-damage|p1a: Reuniclus|38/100|[from] recoil
|cant|p2a: Reuniclus|par
|
|-weather|Hail|[upkeep]
|-heal|p1a: Reuniclus|44/100|[from] item: Leftovers
|-heal|p2a: Reuniclus|100/100 par|[from] item: Leftovers
|upkeep
|turn|144
|
|-activate|p1a: Reuniclus|move: Struggle
|move|p1a: Reuniclus|Struggle|p2a: Reuniclus
|-damage|p2a: Reuniclus|96/100 par
|-damage|p1a: Reuniclus|19/100|[from] recoil
|move|p2a: Reuniclus|Recover|p2a: Reuniclus
|-heal|p2a: Reuniclus|100/100 par
|
|-weather|Hail|[upkeep]
|-heal|p1a: Reuniclus|25/100|[from] item: Leftovers
|upkeep
|turn|145
|
|-activate|p1a: Reuniclus|move: Struggle
|move|p1a: Reuniclus|Struggle|p2a: Reuniclus
|-damage|p2a: Reuniclus|96/100 par
|-damage|p1a: Reuniclus|0 fnt|[from] recoil
|faint|p1a: Reuniclus
|
|win|porrompompom
|raw|KL007's rating: 1359 &rarr; <strong>1346</strong><br />(-13 for losing)
|raw|porrompompom's rating: 1480 &rarr; <strong>1493</strong><br />(+13 for winning)
|c|☆KL007|wp
|c|☆KL007|gg
