|j|☆jusuraveragenoob
|j|☆sugarhigh
|t:|1597983319
|player|p1|jusuraveragenoob|170|1559
|player|p2|sugarhigh|266|1609
|teamsize|p1|6
|teamsize|p2|6
|gametype|singles
|gen|5
|tier|[Gen 5] OU
|rated|
|clearpoke
|poke|p1|Tyranitar, F|item
|poke|p1|Latios, M|item
|poke|p1|Ferrothorn, F|item
|poke|p1|Landorus-Therian, M|item
|poke|p1|Garchomp, M|item
|poke|p1|Rotom-Wash|item
|poke|p2|Politoed, F|item
|poke|p2|Magnezone|item
|poke|p2|Starmie|item
|poke|p2|Thundurus-Therian, M|item
|poke|p2|Sharpedo, M|item
|poke|p2|Ferrothorn, F|item
|rule|Species Clause: Limit one of each Pokémon
|rule|OHKO Clause: OHKO moves are banned
|rule|Moody Clause: Moody is banned
|rule|Evasion Moves Clause: Evasion moves are banned
|rule|Endless Battle Clause: Forcing endless battles is banned
|rule|HP Percentage Mod: HP is shown in percentages
|rule|Evasion Abilities Clause: Evasion abilities are banned
|rule|Baton Pass Clause: Limit one Baton Passer, can't pass Spe and other stats simultaneously
|rule|Sleep Clause: Sleep-inducing moves are banned
|rule|Swagger Clause: Swagger is banned
|teampreview
|j| schvetania
|c|☆sugarhigh|hf
|c|☆jusuraveragenoob|hf
|inactive|Battle timer is ON: inactive players will automatically lose when time's up. (requested by sugarhigh)
|
|t:|1597983355
|start
|switch|p1a: Rotom|Rotom-Wash|100/100
|switch|p2a: Ferrothorn|Ferrothorn, F|100/100
|turn|1
|
|t:|1597983359
|move|p1a: Rotom|Volt Switch|p2a: Ferrothorn
|-resisted|p2a: Ferrothorn
|-damage|p2a: Ferrothorn|92/100
|
|t:|1597983366
|switch|p1a: Landorus|Landorus-Therian, M|100/100|[from]move: Volt Switch
|-ability|p1a: Landorus|Intimidate|boost
|-unboost|p2a: Ferrothorn|atk|1
|move|p2a: Ferrothorn|Stealth Rock|p1a: Landorus
|-sidestart|p1: jusuraveragenoob|move: Stealth Rock
|
|upkeep
|turn|2
|
|t:|1597983381
|move|p1a: Landorus|Superpower|p2a: Ferrothorn
|-enditem|p1a: Landorus|Fighting Gem|[from] gem
|-supereffective|p2a: Ferrothorn
|-enditem|p2a: Ferrothorn|Chople Berry|[eat]
|-enditem|p2a: Ferrothorn|Chople Berry|[weaken]
|-damage|p2a: Ferrothorn|37/100
|-unboost|p1a: Landorus|atk|1
|-unboost|p1a: Landorus|def|1
|-damage|p1a: Landorus|88/100|[from] ability: Iron Barbs|[of] p2a: Ferrothorn
|move|p2a: Ferrothorn|Spikes|p1a: Landorus
|-sidestart|p1: jusuraveragenoob|Spikes
|
|upkeep
|turn|3
|
|t:|1597983388
|switch|p2a: Thundurus|Thundurus-Therian, M|100/100
|move|p1a: Landorus|Earthquake|p2a: Thundurus
|-immune|p2a: Thundurus
|
|upkeep
|turn|4
|
|t:|1597983399
|move|p1a: Landorus|Hidden Power|p2a: Thundurus
|-supereffective|p2a: Thundurus
|-damage|p2a: Thundurus|56/100
|move|p2a: Thundurus|Focus Blast|p1a: Landorus
|-resisted|p1a: Landorus
|-damage|p1a: Landorus|53/100
|
|-heal|p2a: Thundurus|62/100|[from] item: Leftovers
|upkeep
|turn|5
|c|☆jusuraveragenoob|huh slow thundy
|
|t:|1597983414
|move|p1a: Landorus|Hidden Power|p2a: Thundurus
|-supereffective|p2a: Thundurus
|-damage|p2a: Thundurus|16/100
|move|p2a: Thundurus|Hidden Power|p1a: Landorus
|-supereffective|p1a: Landorus
|-damage|p1a: Landorus|0 fnt
|faint|p1a: Landorus
|
|-heal|p2a: Thundurus|22/100|[from] item: Leftovers
|upkeep
|
|t:|1597983417
|switch|p1a: Tyranitar|Tyranitar, F|100/100
|-damage|p1a: Tyranitar|88/100|[from] Stealth Rock
|-damage|p1a: Tyranitar|76/100|[from] Spikes
|-weather|Sandstorm|[from] ability: Sand Stream|[of] p1a: Tyranitar
|turn|6
|
|t:|1597983419
|move|p2a: Thundurus|Focus Blast|p1a: Tyranitar
|-supereffective|p1a: Tyranitar
|-enditem|p1a: Tyranitar|Chople Berry|[eat]
|-enditem|p1a: Tyranitar|Chople Berry|[weaken]
|-damage|p1a: Tyranitar|28/100
|move|p1a: Tyranitar|Pursuit|p2a: Thundurus
|-damage|p2a: Thundurus|0 fnt
|faint|p2a: Thundurus
|
|-weather|Sandstorm|[upkeep]
|upkeep
|
|t:|1597983428
|switch|p2a: Starmie|Starmie|100/100
|turn|7
|
|t:|1597983431
|switch|p1a: Rotom|Rotom-Wash|100/100
|-damage|p1a: Rotom|88/100|[from] Stealth Rock
|move|p2a: Starmie|Hydro Pump|p1a: Rotom
|-resisted|p1a: Rotom
|-damage|p1a: Rotom|57/100
|-damage|p2a: Starmie|91/100|[from] item: Life Orb
|
|-weather|Sandstorm|[upkeep]
|-damage|p2a: Starmie|84/100|[from] Sandstorm
|-damage|p1a: Rotom|51/100|[from] Sandstorm
|-heal|p1a: Rotom|57/100|[from] item: Leftovers
|upkeep
|turn|8
|
|t:|1597983437
|move|p2a: Starmie|Hidden Power|p1a: Rotom
|-supereffective|p1a: Rotom
|-damage|p1a: Rotom|13/100
|-damage|p2a: Starmie|74/100|[from] item: Life Orb
|move|p1a: Rotom|Volt Switch|p2a: Starmie
|-supereffective|p2a: Starmie
|-damage|p2a: Starmie|5/100
|inactive|jusuraveragenoob has 120 seconds left.
|
|t:|1597983467
|switch|p1a: Latios|Latios, M|100/100|[from]move: Volt Switch
|-damage|p1a: Latios|88/100|[from] Stealth Rock
|
|-weather|Sandstorm|[upkeep]
|-damage|p2a: Starmie|0 fnt|[from] Sandstorm
|-damage|p1a: Latios|82/100|[from] Sandstorm
|faint|p2a: Starmie
|upkeep
|
|t:|1597983474
|switch|p2a: Ferrothorn|Ferrothorn, F|37/100
|turn|9
|
|t:|1597983479
|move|p1a: Latios|Trick|p2a: Ferrothorn
|-activate|p1a: Latios|move: Trick|[of] p2a: Ferrothorn
|-item|p2a: Ferrothorn|Choice Specs|[from] move: Trick
|-enditem|p1a: Latios|Choice Specs|[silent]|[from] move: Trick
|move|p2a: Ferrothorn|Spikes|p1a: Latios
|-sidestart|p1: jusuraveragenoob|Spikes
|
|-weather|Sandstorm|[upkeep]
|-damage|p1a: Latios|76/100|[from] Sandstorm
|upkeep
|turn|10
|
|t:|1597983484
|move|p1a: Latios|Dragon Pulse|p2a: Ferrothorn
|-resisted|p2a: Ferrothorn
|-damage|p2a: Ferrothorn|21/100
|move|p2a: Ferrothorn|Spikes|p1a: Latios
|-sidestart|p1: jusuraveragenoob|Spikes
|
|-weather|Sandstorm|[upkeep]
|-damage|p1a: Latios|70/100|[from] Sandstorm
|upkeep
|turn|11
|
|t:|1597983487
|move|p1a: Latios|Dragon Pulse|p2a: Ferrothorn
|-resisted|p2a: Ferrothorn
|-damage|p2a: Ferrothorn|6/100
|move|p2a: Ferrothorn|Spikes||[still]
|-fail|p2a: Ferrothorn
|
|-weather|Sandstorm|[upkeep]
|-damage|p1a: Latios|64/100|[from] Sandstorm
|upkeep
|turn|12
|
|t:|1597983491
|move|p1a: Latios|Dragon Pulse|p2a: Ferrothorn
|-resisted|p2a: Ferrothorn
|-damage|p2a: Ferrothorn|0 fnt
|faint|p2a: Ferrothorn
|
|-weather|Sandstorm|[upkeep]
|-damage|p1a: Latios|58/100|[from] Sandstorm
|upkeep
|
|t:|1597983493
|switch|p2a: Sharpedo|Sharpedo, M|100/100
|turn|13
|
|t:|1597983501
|switch|p1a: Rotom|Rotom-Wash|13/100
|-damage|p1a: Rotom|1/100|[from] Stealth Rock
|move|p2a: Sharpedo|Protect||[still]
|-fail|p2a: Sharpedo
|
|-weather|Sandstorm|[upkeep]
|-damage|p2a: Sharpedo|94/100|[from] Sandstorm
|-damage|p1a: Rotom|0 fnt|[from] Sandstorm
|faint|p1a: Rotom
|-ability|p2a: Sharpedo|Speed Boost|boost
|-boost|p2a: Sharpedo|spe|1
|upkeep
|
|t:|1597983503
|switch|p1a: Ferrothorn|Ferrothorn, F|100/100
|-damage|p1a: Ferrothorn|94/100|[from] Stealth Rock
|-damage|p1a: Ferrothorn|69/100|[from] Spikes
|turn|14
|
|t:|1597983508
|switch|p2a: Magnezone|Magnezone|100/100
|switch|p1a: Garchomp|Garchomp, M|100/100
|-damage|p1a: Garchomp|76/100|[from] Spikes
|-damage|p1a: Garchomp|69/100|[from] Stealth Rock
|
|-weather|Sandstorm|[upkeep]
|upkeep
|turn|15
|
|t:|1597983515
|move|p1a: Garchomp|Earthquake|p2a: Magnezone
|-supereffective|p2a: Magnezone
|-damage|p2a: Magnezone|0 fnt
|faint|p2a: Magnezone
|
|-weather|Sandstorm|[upkeep]
|upkeep
|
|t:|1597983518
|switch|p2a: Politoed|Politoed, F|100/100
|-weather|RainDance|[from] ability: Drizzle|[of] p2a: Politoed
|turn|16
|
|t:|1597983522
|switch|p1a: Tyranitar|Tyranitar, F|28/100
|-damage|p1a: Tyranitar|3/100|[from] Spikes
|-damage|p1a: Tyranitar|0 fnt|[from] Stealth Rock
|faint|p1a: Tyranitar
|move|p2a: Politoed|Ice Beam|p1: Tyranitar|[notarget]
|-fail|p2a: Politoed
|
|-weather|RainDance|[upkeep]
|upkeep
|
|t:|1597983524
|switch|p1a: Latios|Latios, M|58/100
|-damage|p1a: Latios|46/100|[from] Stealth Rock
|turn|17
|
|t:|1597983526
|move|p2a: Politoed|Ice Beam|p1a: Latios
|-supereffective|p1a: Latios
|-damage|p1a: Latios|0 fnt
|faint|p1a: Latios
|
|-weather|RainDance|[upkeep]
|upkeep
|c|☆jusuraveragenoob|yikesss
|c|☆jusuraveragenoob|never knew toed runs scarf
|inactive|jusuraveragenoob has 120 seconds left.
|c|☆sugarhigh|im an old person
|c|☆sugarhigh|so i run the old set lol
|c|☆jusuraveragenoob|wasnt around during bw
|c|☆sugarhigh|scarf toed
|c|☆sugarhigh|used to be very good
|c|☆jusuraveragenoob|damn well i shouldve kept rotom then
|c|☆sugarhigh|cuz u can hypnosis
|
|t:|1597983585
|switch|p1a: Ferrothorn|Ferrothorn, F|69/100
|-damage|p1a: Ferrothorn|63/100|[from] Stealth Rock
|-damage|p1a: Ferrothorn|38/100|[from] Spikes
|turn|18
|
|t:|1597983594
|move|p2a: Politoed|Ice Beam|p1a: Ferrothorn
|-damage|p1a: Ferrothorn|20/100
|move|p1a: Ferrothorn|Power Whip|p2a: Politoed|[miss]
|-miss|p1a: Ferrothorn|p2a: Politoed
|
|-weather|RainDance|[upkeep]
|-heal|p1a: Ferrothorn|27/100|[from] item: Leftovers
|upkeep
|turn|19
|c|☆jusuraveragenoob|darn i lose to sharpedo now
|c|☆sugarhigh|indeed
|c|☆jusuraveragenoob|what set is it
|inactive|jusuraveragenoob has 90 seconds left.
|c|☆sugarhigh|so yeah
|c|☆sugarhigh|u wud get a free
|c|☆sugarhigh|hypnosis
|c|☆sugarhigh|in most of ur games
|c|☆sugarhigh|gives u more flexibility with a team
|c|☆sugarhigh|also clutch
|c|☆sugarhigh|for like
|c|☆sugarhigh|encoring
|c|☆sugarhigh|random dds n stuff
|
|t:|1597983640
|move|p2a: Politoed|Ice Beam|p1a: Ferrothorn
|-damage|p1a: Ferrothorn|8/100
|move|p1a: Ferrothorn|Gyro Ball|p2a: Politoed
|-resisted|p2a: Politoed
|-damage|p2a: Politoed|70/100
|
|-weather|RainDance|[upkeep]
|-heal|p1a: Ferrothorn|15/100|[from] item: Leftovers
|upkeep
|turn|20
|c|☆jusuraveragenoob|okay
|
|t:|1597983651
|move|p2a: Politoed|Ice Beam|p1a: Ferrothorn
|-damage|p1a: Ferrothorn|0 fnt
|faint|p1a: Ferrothorn
|
|-weather|RainDance|[upkeep]
|upkeep
|
|t:|1597983653
|switch|p1a: Garchomp|Garchomp, M|69/100
|-damage|p1a: Garchomp|63/100|[from] Stealth Rock
|-damage|p1a: Garchomp|38/100|[from] Spikes
|turn|21
|
|t:|1597983655
|move|p1a: Garchomp|Outrage|p2a: Politoed
|-damage|p2a: Politoed|0 fnt
|faint|p2a: Politoed
|
|-weather|RainDance|[upkeep]
|upkeep
|
|t:|1597983657
|switch|p2a: Sharpedo|Sharpedo, M|94/100
|turn|22
|c|☆jusuraveragenoob|u got jet?
|c|☆sugarhigh|nah
|inactive|jusuraveragenoob has 90 seconds left.
|c|☆jusuraveragenoob|oh boy
|c|☆sugarhigh|have to hope
|c|☆sugarhigh|u get
|c|☆jusuraveragenoob|confusion is gonna be a bitch
|c|☆sugarhigh|two turn
|c|☆sugarhigh|so u confuse
|
|t:|1597983675
|move|p2a: Sharpedo|Protect|p2a: Sharpedo
|-singleturn|p2a: Sharpedo|Protect
|move|p1a: Garchomp|Outrage|p2a: Sharpedo|[from]lockedmove
|-activate|p2a: Sharpedo|move: Protect
|
|-weather|RainDance|[upkeep]
|-ability|p2a: Sharpedo|Speed Boost|boost
|-boost|p2a: Sharpedo|spe|1
|upkeep
|turn|23
|
|t:|1597983678
|move|p2a: Sharpedo|Protect||[still]
|-fail|p2a: Sharpedo
|move|p1a: Garchomp|Outrage|p2a: Sharpedo
|-damage|p2a: Sharpedo|0 fnt
|faint|p2a: Sharpedo
|
|win|jusuraveragenoob
|c|☆sugarhigh|ah
|raw|jusuraveragenoob's rating: 1559 &rarr; <strong>1582</strong><br />(+23 for winning)
|raw|sugarhigh's rating: 1609 &rarr; <strong>1586</strong><br />(-23 for losing)
|c|☆sugarhigh|i choked
|c|☆jusuraveragenoob|ah
|c|☆sugarhigh|gg
|c|☆jusuraveragenoob|gg
|c|☆jusuraveragenoob|yeah i choked too
|l|☆sugarhigh
|c|☆jusuraveragenoob|but good thing i missed
