|join|kemonter
|join|Pythagorean Python
|player|p1|kemonter|34
|player|p2|Pythagorean Python|15
|gametype|singles
|gen|5
|tier|[Gen 5] OU
|rated
|rule|Evasion Abilities Clause: Evasion abilities are banned
|clearpoke
|poke|p1|Latias, F
|poke|p1|Latios, M
|poke|p1|Garchomp, M
|poke|p1|Lucario, F
|poke|p1|Scizor, F
|poke|p1|Keldeo
|poke|p2|Skarmory, F
|poke|p2|Blissey, F
|poke|p2|Hippowdon, M
|poke|p2|Alakazam, F
|poke|p2|Terrakion
|poke|p2|Starmie
|rule|Sleep Clause Mod: Limit one foe put to sleep
|rule|Species Clause: Limit one of each Pokemon
|rule|OHKO Clause: OHKO moves are banned
|rule|Moody Clause: Moody is banned
|rule|Evasion Moves Clause: Evasion moves are banned
|rule|Endless Battle Clause: Forcing endless battles is banned.
|rule|HP Percentage Mod: HP is reported as percentages
|teampreview
|
|start
|switch|p1a: Garchomp|Garchomp, M|357/357
|switch|p2a: Hippowdon|Hippowdon, M|420/420
|-weather|Sandstorm|[from] ability: Sand Stream|[of] p2a: Hippowdon
|turn|1
|
|move|p1a: Garchomp|Stealth Rock|p2a: Hippowdon
|-sidestart|p2: Pythagorean Python|move: Stealth Rock
|move|p2a: Hippowdon|Stealth Rock|p1a: Garchomp
|-sidestart|p1: kemonter|move: Stealth Rock
|
|-weather|Sandstorm|[upkeep]
|turn|2
|
|switch|p1a: Latias|Latias, F|301/301
|-damage|p1a: Latias|264/301|[from] Stealth Rock
|move|p2a: Hippowdon|Toxic|p1a: Latias
|-status|p1a: Latias|tox
|
|-weather|Sandstorm|[upkeep]
|-damage|p1a: Latias|246/301 tox|[from] sandstorm
|-damage|p1a: Latias|228/301 tox|[from] psn
|turn|3
|
|switch|p2a: Blissey|Blissey, F|714/714
|-damage|p2a: Blissey|625/714|[from] Stealth Rock
|move|p1a: Latias|Trick|p2a: Blissey
|-activate|p1a: Latias|move: Trick|[of] p2a: Blissey
|-item|p2a: Blissey|Choice Scarf|[from] move: Trick
|-item|p1a: Latias|Leftovers|[from] move: Trick
|
|-weather|Sandstorm|[upkeep]
|-damage|p1a: Latias|210/301 tox|[from] sandstorm
|-damage|p2a: Blissey|581/714|[from] sandstorm
|-heal|p1a: Latias|228/301 tox|[from] item: Leftovers
|-damage|p1a: Latias|192/301 tox|[from] psn
|turn|4
|
|move|p1a: Latias|Psyshock|p2a: Blissey
|-damage|p2a: Blissey|343/714
|move|p2a: Blissey|Seismic Toss|p1a: Latias
|-damage|p1a: Latias|92/301 tox
|
|-weather|Sandstorm|[upkeep]
|-damage|p1a: Latias|74/301 tox|[from] sandstorm
|-damage|p2a: Blissey|299/714|[from] sandstorm
|-heal|p1a: Latias|92/301 tox|[from] item: Leftovers
|-damage|p1a: Latias|38/301 tox|[from] psn
|turn|5
|
|switch|p2a: Skarmory|Skarmory, F|334/334
|-damage|p2a: Skarmory|293/334|[from] Stealth Rock
|move|p1a: Latias|Psyshock|p2a: Skarmory
|-resisted|p2a: Skarmory
|-damage|p2a: Skarmory|256/334
|
|-weather|Sandstorm|[upkeep]
|-damage|p1a: Latias|20/301 tox|[from] sandstorm
|-heal|p1a: Latias|38/301 tox|[from] item: Leftovers
|-heal|p2a: Skarmory|276/334|[from] item: Leftovers
|-damage|p1a: Latias|0 fnt|[from] psn
|faint|p1a: Latias
|
|switch|p1a: Keldeo|Keldeo|323/323
|-damage|p1a: Keldeo|303/323|[from] Stealth Rock
|turn|6
|
|switch|p2a: Blissey|Blissey, F|299/714
|-damage|p2a: Blissey|210/714|[from] Stealth Rock
|move|p1a: Keldeo|Hydro Pump|p2a: Blissey
|-damage|p2a: Blissey|24/714
|
|-weather|Sandstorm|[upkeep]
|-damage|p1a: Keldeo|283/323|[from] sandstorm
|-damage|p2a: Blissey|0 fnt|[from] sandstorm
|faint|p2a: Blissey
|
|switch|p2a: Alakazam|Alakazam, F|252/252
|turn|7
|
|switch|p1a: Scizor|Scizor, F|291/291
|-damage|p1a: Scizor|255/291|[from] Stealth Rock
|move|p2a: Alakazam|Psychic|p1a: Scizor
|-resisted|p1a: Scizor
|-damage|p1a: Scizor|121/291
|-unboost|p1a: Scizor|spd|1
|
|-weather|Sandstorm|[upkeep]
|turn|8
|
|move|p2a: Alakazam|Psychic|p1a: Scizor
|-resisted|p1a: Scizor
|-damage|p1a: Scizor|0 fnt
|faint|p1a: Scizor
|
|-weather|Sandstorm|[upkeep]
|
|switch|p1a: Latios|Latios, M|301/301
|-damage|p1a: Latios|264/301|[from] Stealth Rock
|turn|9
|
|move|p2a: Alakazam|Signal Beam|p1a: Latios
|-supereffective|p1a: Latios
|-damage|p1a: Latios|53/301
|move|p1a: Latios|Dragon Pulse|p2a: Alakazam
|-damage|p2a: Alakazam|0 fnt
|faint|p2a: Alakazam
|
|-weather|Sandstorm|[upkeep]
|-damage|p1a: Latios|35/301|[from] sandstorm
|
|switch|p2a: Hippowdon|Hippowdon, M|420/420
|-damage|p2a: Hippowdon|394/420|[from] Stealth Rock
|turn|10
|
|move|p1a: Latios|Dragon Pulse|p2a: Hippowdon
|-damage|p2a: Hippowdon|87/420
|move|p2a: Hippowdon|Toxic|p1a: Latios
|-status|p1a: Latios|tox
|
|-weather|Sandstorm|[upkeep]
|-damage|p1a: Latios|17/301 tox|[from] sandstorm
|-heal|p2a: Hippowdon|113/420|[from] item: Leftovers
|-damage|p1a: Latios|0 fnt|[from] psn
|faint|p1a: Latios
|
|switch|p1a: Keldeo|Keldeo|283/323
|-damage|p1a: Keldeo|263/323|[from] Stealth Rock
|turn|11
|
|move|p1a: Keldeo|Icy Wind|p2a: Hippowdon
|-crit|p2a: Hippowdon
|-supereffective|p2a: Hippowdon
|-damage|p2a: Hippowdon|0 fnt
|faint|p2a: Hippowdon
|
|-weather|Sandstorm|[upkeep]
|-damage|p1a: Keldeo|243/323|[from] sandstorm
|
|switch|p2a: Starmie|Starmie|261/261
|-damage|p2a: Starmie|229/261|[from] Stealth Rock
|turn|12
|
|switch|p1a: Garchomp|Garchomp, M|357/357
|-damage|p1a: Garchomp|335/357|[from] Stealth Rock
|move|p2a: Starmie|Thunderbolt|p1a: Garchomp
|-immune|p1a: Garchomp|[msg]
|
|-weather|Sandstorm|[upkeep]
|-damage|p2a: Starmie|213/261|[from] sandstorm
|turn|13
|
|switch|p1a: Lucario|Lucario, F|281/281
|-damage|p1a: Lucario|273/281|[from] Stealth Rock
|move|p2a: Starmie|Ice Beam|p1a: Lucario
|-resisted|p1a: Lucario
|-damage|p1a: Lucario|212/281
|
|-weather|Sandstorm|[upkeep]
|-damage|p2a: Starmie|197/261|[from] sandstorm
|turn|14
|
|switch|p2a: Skarmory|Skarmory, F|276/334
|-damage|p2a: Skarmory|235/334|[from] Stealth Rock
|move|p1a: Lucario|Extreme Speed|p2a: Skarmory
|-resisted|p2a: Skarmory
|-damage|p2a: Skarmory|199/334
|-damage|p1a: Lucario|184/281|[from] item: Life Orb
|
|-weather|Sandstorm|[upkeep]
|-heal|p2a: Skarmory|219/334|[from] item: Leftovers
|turn|15
|
|switch|p1a: Garchomp|Garchomp, M|335/357
|-damage|p1a: Garchomp|313/357|[from] Stealth Rock
|move|p2a: Skarmory|Spikes|p1a: Garchomp
|-sidestart|p1: kemonter|Spikes
|
|-weather|Sandstorm|[upkeep]
|-heal|p2a: Skarmory|239/334|[from] item: Leftovers
|turn|16
|
|switch|p1a: Keldeo|Keldeo|243/323
|-damage|p1a: Keldeo|203/323|[from] Spikes
|-damage|p1a: Keldeo|183/323|[from] Stealth Rock
|move|p2a: Skarmory|Roost|p2a: Skarmory
|-heal|p2a: Skarmory|334/334
|
|-weather|Sandstorm|[upkeep]
|-damage|p1a: Keldeo|163/323|[from] sandstorm
|turn|17
|
|move|p1a: Keldeo|Hydro Pump|p2a: Skarmory|[miss]
|-miss|p1a: Keldeo|p2a: Skarmory
|move|p2a: Skarmory|Spikes|p1a: Keldeo
|-sidestart|p1: kemonter|Spikes
|
|-weather|Sandstorm|[upkeep]
|-damage|p1a: Keldeo|143/323|[from] sandstorm
|turn|18
|
|move|p1a: Keldeo|Hydro Pump|p2a: Skarmory
|-damage|p2a: Skarmory|40/334
|move|p2a: Skarmory|Spikes|p1a: Keldeo
|-sidestart|p1: kemonter|Spikes
|
|-weather|Sandstorm|[upkeep]
|-damage|p1a: Keldeo|123/323|[from] sandstorm
|-heal|p2a: Skarmory|60/334|[from] item: Leftovers
|turn|19
|
|move|p1a: Keldeo|Icy Wind|p2a: Skarmory
|-damage|p2a: Skarmory|0 fnt
|faint|p2a: Skarmory
|
|-weather|Sandstorm|[upkeep]
|-damage|p1a: Keldeo|103/323|[from] sandstorm
|
|switch|p2a: Starmie|Starmie|197/261
|-damage|p2a: Starmie|165/261|[from] Stealth Rock
|turn|20
|
|switch|p1a: Garchomp|Garchomp, M|313/357
|-damage|p1a: Garchomp|224/357|[from] Spikes
|-damage|p1a: Garchomp|202/357|[from] Stealth Rock
|move|p2a: Starmie|Thunderbolt|p1a: Garchomp
|-immune|p1a: Garchomp|[msg]
|
|-weather|Sandstorm|[upkeep]
|-damage|p2a: Starmie|149/261|[from] sandstorm
|turn|21
|
|move|p2a: Starmie|Hydro Pump|p1a: Garchomp
|-damage|p1a: Garchomp|0 fnt
|faint|p1a: Garchomp
|
|-weather|Sandstorm|[upkeep]
|-damage|p2a: Starmie|133/261|[from] sandstorm
|
|switch|p1a: Lucario|Lucario, F|184/281
|-damage|p1a: Lucario|114/281|[from] Spikes
|-damage|p1a: Lucario|106/281|[from] Stealth Rock
|turn|22
|
|switch|p2a: Terrakion|Terrakion|324/324
|-damage|p2a: Terrakion|304/324|[from] Stealth Rock
|move|p1a: Lucario|Extreme Speed|p2a: Terrakion
|-resisted|p2a: Terrakion
|-damage|p2a: Terrakion|244/324
|-damage|p1a: Lucario|78/281|[from] item: Life Orb
|
|-weather|Sandstorm|[upkeep]
|turn|23
|
|move|p2a: Terrakion|Close Combat|p1a: Lucario
|-crit|p1a: Lucario
|-supereffective|p1a: Lucario
|-damage|p1a: Lucario|0 fnt
|-unboost|p2a: Terrakion|def|1
|-unboost|p2a: Terrakion|spd|1
|-damage|p2a: Terrakion|212/324|[from] item: Life Orb
|faint|p1a: Lucario
|
|-weather|Sandstorm|[upkeep]
|
|switch|p1a: Keldeo|Keldeo|103/323
|-damage|p1a: Keldeo|83/323|[from] Stealth Rock
|-damage|p1a: Keldeo|3/323|[from] Spikes
|turn|24
|-message|kemonter forfeited.
|
|win|Pythagorean Python
|raw|Ladder updating...
|leave|kemonter
|player|p1
|raw|kemonter's rating: 1507 &rarr; <strong>1479</strong><br />(-28 for losing)
|raw|Pythagorean Python's rating: 1363 &rarr; <strong>1391</strong><br />(+28 for winning)