|j|☆Wally
|j|☆wuwuuwuuwuwuw
|t:|1596985227
|player|p1|Wally|acetrainer-gen4dp|1593
|player|p2|wuwuuwuuwuwuw|ash|1331
|teamsize|p1|6
|teamsize|p2|6
|gametype|singles
|gen|5
|tier|[Gen 5] OU
|rated|
|clearpoke
|poke|p1|Politoed, M|item
|poke|p1|Jirachi|item
|poke|p1|Volcarona, M|item
|poke|p1|Terrakion|item
|poke|p1|Tentacruel, M|item
|poke|p1|Thundurus-Therian, M|item
|poke|p2|Keldeo-Resolute|item
|poke|p2|Ferrothorn, M|item
|poke|p2|Politoed, M|item
|poke|p2|Tentacruel, F|item
|poke|p2|Latios, M|item
|poke|p2|Tornadus, M|item
|rule|Species Clause: Limit one of each Pokémon
|rule|OHKO Clause: OHKO moves are banned
|rule|Moody Clause: Moody is banned
|rule|Evasion Moves Clause: Evasion moves are banned
|rule|Endless Battle Clause: Forcing endless battles is banned
|rule|HP Percentage Mod: HP is shown in percentages
|rule|Evasion Abilities Clause: Evasion abilities are banned
|rule|Baton Pass Clause: Limit one Baton Passer, can't pass Spe and other stats simultaneously
|rule|Sleep Clause: Sleep-inducing moves are banned
|rule|Swagger Clause: Swagger is banned
|teampreview
|j| anarchy of luck
|
|t:|1596985240
|start
|switch|p1a: Jirachi|Jirachi|100/100
|switch|p2a: Ferrothorn|Ferrothorn, M|100/100
|turn|1
|inactive|Battle timer is ON: inactive players will automatically lose when time's up. (requested by Wally)
|
|t:|1596985246
|switch|p1a: Volcarona|Volcarona, M|100/100
|move|p2a: Ferrothorn|Stealth Rock|p1a: Volcarona
|-sidestart|p1: Wally|move: Stealth Rock
|
|upkeep
|turn|2
|
|t:|1596985254
|switch|p2a: Latios|Latios, M|100/100
|move|p1a: Volcarona|Quiver Dance|p1a: Volcarona
|-boost|p1a: Volcarona|spa|1
|-boost|p1a: Volcarona|spd|1
|-boost|p1a: Volcarona|spe|1
|
|upkeep
|turn|3
|
|t:|1596985259
|move|p2a: Latios|Trick|p1a: Volcarona
|-activate|p2a: Latios|move: Trick|[of] p1a: Volcarona
|-item|p1a: Volcarona|Choice Scarf|[from] move: Trick
|-item|p2a: Latios|Leftovers|[from] move: Trick
|move|p1a: Volcarona|Bug Buzz|p2a: Latios
|-supereffective|p2a: Latios
|-crit|p2a: Latios
|-damage|p2a: Latios|0 fnt
|faint|p2a: Latios
|
|upkeep
|
|t:|1596985266
|switch|p2a: Politoed|Politoed, M|100/100
|-weather|RainDance|[from] ability: Drizzle|[of] p2a: Politoed
|turn|4
|
|t:|1596985271
|move|p1a: Volcarona|Bug Buzz|p2a: Politoed
|-damage|p2a: Politoed|36/100
|move|p2a: Politoed|Scald|p1a: Volcarona
|-supereffective|p1a: Volcarona
|-damage|p1a: Volcarona|53/100
|
|-weather|RainDance|[upkeep]
|-heal|p2a: Politoed|42/100|[from] item: Leftovers
|upkeep
|turn|5
|
|t:|1596985278
|switch|p2a: Ferrothorn|Ferrothorn, M|100/100
|move|p1a: Volcarona|Bug Buzz|p2a: Ferrothorn
|-damage|p2a: Ferrothorn|51/100
|
|-weather|RainDance|[upkeep]
|-heal|p2a: Ferrothorn|57/100|[from] item: Leftovers
|upkeep
|turn|6
|
|t:|1596985285
|move|p1a: Volcarona|Bug Buzz|p2a: Ferrothorn
|-damage|p2a: Ferrothorn|7/100
|move|p2a: Ferrothorn|Spikes|p1a: Volcarona
|-sidestart|p1: Wally|Spikes
|
|-weather|RainDance|[upkeep]
|-heal|p2a: Ferrothorn|13/100|[from] item: Leftovers
|upkeep
|turn|7
|
|t:|1596985292
|move|p1a: Volcarona|Bug Buzz|p2a: Ferrothorn
|-damage|p2a: Ferrothorn|0 fnt
|faint|p2a: Ferrothorn
|
|-weather|RainDance|[upkeep]
|upkeep
|
|t:|1596985302
|switch|p2a: Tornadus|Tornadus, M|100/100
|turn|8
|
|t:|1596985306
|move|p1a: Volcarona|Bug Buzz|p2a: Tornadus
|-resisted|p2a: Tornadus
|-damage|p2a: Tornadus|51/100
|-unboost|p2a: Tornadus|spd|1
|move|p2a: Tornadus|Hurricane|p1a: Volcarona
|-supereffective|p1a: Volcarona
|-damage|p1a: Volcarona|0 fnt
|faint|p1a: Volcarona
|
|-weather|RainDance|[upkeep]
|-heal|p2a: Tornadus|57/100|[from] item: Leftovers
|upkeep
|
|t:|1596985312
|switch|p1a: Politoed|Politoed, M|100/100
|-damage|p1a: Politoed|88/100|[from] Spikes
|-damage|p1a: Politoed|76/100|[from] Stealth Rock
|turn|9
|
|t:|1596985316
|switch|p2a: Tentacruel|Tentacruel, F|100/100
|move|p1a: Politoed|Surf|p2a: Tentacruel
|-resisted|p2a: Tentacruel
|-damage|p2a: Tentacruel|78/100
|
|-weather|RainDance|[upkeep]
|-heal|p2a: Tentacruel|84/100|[from] ability: Rain Dish
|-heal|p2a: Tentacruel|90/100|[from] item: Black Sludge
|upkeep
|turn|10
|
|t:|1596985324
|switch|p1a: Tentacruel|Tentacruel, M|100/100
|-damage|p1a: Tentacruel|88/100|[from] Stealth Rock
|-damage|p1a: Tentacruel|76/100|[from] Spikes
|move|p2a: Tentacruel|Toxic|p1a: Tentacruel
|-immune|p1a: Tentacruel
|
|-weather|RainDance|[upkeep]
|-heal|p1a: Tentacruel|82/100|[from] ability: Rain Dish
|-heal|p2a: Tentacruel|96/100|[from] ability: Rain Dish
|-heal|p1a: Tentacruel|88/100|[from] item: Black Sludge
|-heal|p2a: Tentacruel|100/100|[from] item: Black Sludge
|upkeep
|turn|11
|l|☆Wally
|inactive|Wally disconnected and has a minute to reconnect!
|player|p1|
|j| Naejy
|inactive|Wally has 30 seconds to reconnect!
|inactive|Wally has 20 seconds to reconnect!
|inactive|Wally has 15 seconds to reconnect!
|inactive|Wally has 10 seconds to reconnect!
|inactive|Wally has 5 seconds to reconnect!
|-message|Wally lost due to inactivity.
|
|win|wuwuuwuuwuwuw
|raw|Wally's rating: 1593 &rarr; <strong>1561</strong><br />(-32 for losing)
|raw|wuwuuwuuwuwuw's rating: 1331 &rarr; <strong>1364</strong><br />(+33 for winning)
|l| Naejy
