|j|☆ayrific
|j|☆happy_hitbox
|t:|1722656395
|gametype|singles
|player|p1|ayrific|1|1281
|player|p2|happy_hitbox|riley|1469
|teamsize|p1|6
|teamsize|p2|6
|gen|5
|tier|[Gen 5] OU
|rated|
|rule|Species Clause: Limit one of each Pokémon
|rule|OHKO Clause: OHKO moves are banned
|rule|Moody Clause: Moody is banned
|rule|Evasion Items Clause: Evasion items are banned
|rule|Evasion Moves Clause: Evasion moves are banned
|rule|Endless Battle Clause: Forcing endless battles is banned
|rule|HP Percentage Mod: HP is shown in percentages
|rule|Evasion Abilities Clause: Evasion abilities are banned
|rule|Sleep Moves Clause: Sleep-inducing moves are banned
|rule|Swagger Clause: Swagger is banned
|rule|Baton Pass Stat Clause: No Baton Passer may have a way to boost its stats
|clearpoke
|poke|p1|Tyranitar, M|item
|poke|p1|Skarmory, M|item
|poke|p1|Gastrodon, F|item
|poke|p1|Reuniclus, M|item
|poke|p1|Alakazam, F|item
|poke|p1|Gliscor, F|item
|poke|p2|Jirachi|item
|poke|p2|Conkeldurr, F|item
|poke|p2|Scizor, F|item
|poke|p2|Politoed, M|item
|poke|p2|Keldeo|item
|poke|p2|Donphan, F|item
|teampreview
|inactive|Battle timer is ON: inactive players will automatically lose when time's up. (requested by happy_hitbox)
|inactive|ayrific has 120 seconds left.
|l|☆happy_hitbox
|inactive|happy_hitbox disconnected and has a minute to reconnect!
|player|p2|
|
|t:|1722656443
|start
|switch|p1a: Skarmory|Skarmory, M|100/100
|switch|p2a: Politoed|Politoed, M|100/100
|-weather|RainDance|[from] ability: Drizzle|[of] p2a: Politoed
|turn|1
|j|☆happy_hitbox
|inactive|happy_hitbox reconnected and has 150 seconds left.
|player|p2|happy_hitbox|riley|
|
|t:|1722656449
|switch|p1a: Gastrodon|Gastrodon, F|100/100
|move|p2a: Politoed|Hydro Pump|p1a: Gastrodon
|-ability|p1a: Gastrodon|Storm Drain|boost
|-boost|p1a: Gastrodon|spa|1
|
|-weather|RainDance|[upkeep]
|upkeep
|turn|2
|
|t:|1722656454
|switch|p2a: Keldeo|Keldeo|100/100
|move|p1a: Gastrodon|Scald|p2a: Keldeo
|-resisted|p2a: Keldeo
|-damage|p2a: Keldeo|70/100
|-status|p2a: Keldeo|brn
|
|-weather|RainDance|[upkeep]
|-heal|p2a: Keldeo|76/100 brn|[from] item: Leftovers
|-damage|p2a: Keldeo|64/100 brn|[from] brn
|upkeep
|turn|3
|
|t:|1722656461
|move|p2a: Keldeo|Toxic|p1a: Gastrodon
|-status|p1a: Gastrodon|tox
|move|p1a: Gastrodon|Scald|p2a: Keldeo
|-resisted|p2a: Keldeo
|-damage|p2a: Keldeo|30/100 brn
|
|-weather|RainDance|[upkeep]
|-heal|p2a: Keldeo|36/100 brn|[from] item: Leftovers
|-damage|p1a: Gastrodon|94/100 tox|[from] psn
|-damage|p2a: Keldeo|24/100 brn|[from] brn
|upkeep
|turn|4
|
|t:|1722656470
|switch|p2a: Politoed|Politoed, M|100/100
|move|p1a: Gastrodon|Recover|p1a: Gastrodon
|-heal|p1a: Gastrodon|100/100 tox
|
|-weather|RainDance|[upkeep]
|-damage|p1a: Gastrodon|88/100 tox|[from] psn
|upkeep
|turn|5
|
|t:|1722656476
|switch|p1a: Tyranitar|Tyranitar, M|100/100
|-weather|Sandstorm|[from] ability: Sand Stream|[of] p1a: Tyranitar
|move|p2a: Politoed|Hidden Power|p1a: Tyranitar
|-supereffective|p1a: Tyranitar
|-damage|p1a: Tyranitar|72/100
|
|-weather|Sandstorm|[upkeep]
|-damage|p2a: Politoed|94/100|[from] Sandstorm
|upkeep
|turn|6
|
|t:|1722656494
|switch|p2a: Scizor|Scizor, F|100/100
|switch|p1a: Gastrodon|Gastrodon, F|88/100 tox
|
|-weather|Sandstorm|[upkeep]
|-heal|p1a: Gastrodon|94/100 tox|[from] item: Leftovers
|-damage|p1a: Gastrodon|88/100 tox|[from] psn
|upkeep
|turn|7
|
|t:|1722656520
|move|p2a: Scizor|U-turn|p1a: Gastrodon
|-damage|p1a: Gastrodon|62/100 tox
|inactive|happy_hitbox has 120 seconds left.
|
|t:|1722656531
|switch|p2a: Politoed|Politoed, M|94/100|[from] U-turn
|-weather|RainDance|[from] ability: Drizzle|[of] p2a: Politoed
|move|p1a: Gastrodon|Scald|p2a: Politoed
|-resisted|p2a: Politoed
|-damage|p2a: Politoed|79/100
|
|-weather|RainDance|[upkeep]
|-heal|p1a: Gastrodon|68/100 tox|[from] item: Leftovers
|-damage|p1a: Gastrodon|55/100 tox|[from] psn
|upkeep
|turn|8
|inactive|happy_hitbox has 120 seconds left.
|
|t:|1722656548
|switch|p1a: Reuniclus|Reuniclus, M|100/100
|move|p2a: Politoed|Hidden Power|p1a: Reuniclus
|-damage|p1a: Reuniclus|72/100
|
|-weather|RainDance|[upkeep]
|-heal|p1a: Reuniclus|78/100|[from] item: Leftovers
|upkeep
|turn|9
|
|t:|1722656562
|switch|p2a: Jirachi|Jirachi|100/100
|switch|p1a: Gastrodon|Gastrodon, F|55/100 tox
|
|-weather|RainDance|[upkeep]
|-heal|p1a: Gastrodon|62/100 tox|[from] item: Leftovers
|-damage|p1a: Gastrodon|55/100 tox|[from] psn
|upkeep
|turn|10
|
|t:|1722656570
|move|p2a: Jirachi|Iron Head|p1a: Gastrodon
|-resisted|p1a: Gastrodon
|-damage|p1a: Gastrodon|46/100 tox
|cant|p1a: Gastrodon|flinch
|
|-weather|RainDance|[upkeep]
|-heal|p1a: Gastrodon|52/100 tox|[from] item: Leftovers
|-damage|p1a: Gastrodon|39/100 tox|[from] psn
|upkeep
|turn|11
|
|t:|1722656589
|switch|p1a: Skarmory|Skarmory, M|100/100
|move|p2a: Jirachi|U-turn|p1a: Skarmory
|-resisted|p1a: Skarmory
|-damage|p1a: Skarmory|98/100
|-damage|p2a: Jirachi|84/100|[from] item: Rocky Helmet|[of] p1a: Skarmory
|inactive|happy_hitbox has 120 seconds left.
|
|t:|1722656602
|switch|p2a: Politoed|Politoed, M|79/100|[from] U-turn
|
|-weather|RainDance|[upkeep]
|upkeep
|turn|12
|
|t:|1722656609
|move|p1a: Skarmory|Spikes|p2a: Politoed
|-sidestart|p2: happy_hitbox|Spikes
|move|p2a: Politoed|Ice Beam|p1a: Skarmory
|-damage|p1a: Skarmory|55/100
|
|-weather|RainDance|[upkeep]
|upkeep
|turn|13
|
|t:|1722656617
|switch|p1a: Reuniclus|Reuniclus, M|78/100
|switch|p2a: Donphan|Donphan, F|100/100
|-damage|p2a: Donphan|88/100|[from] Spikes
|
|-weather|RainDance|[upkeep]
|-heal|p2a: Donphan|94/100|[from] item: Leftovers
|-heal|p1a: Reuniclus|84/100|[from] item: Leftovers
|upkeep
|turn|14
|
|t:|1722656626
|move|p2a: Donphan|Rapid Spin|p1a: Reuniclus
|-damage|p1a: Reuniclus|80/100
|-sideend|p2: happy_hitbox|Spikes|[from] move: Rapid Spin|[of] p2a: Donphan
|move|p1a: Reuniclus|Psyshock|p2a: Donphan
|-crit|p2a: Donphan
|-damage|p2a: Donphan|54/100
|
|-weather|RainDance|[upkeep]
|-heal|p2a: Donphan|61/100|[from] item: Leftovers
|-heal|p1a: Reuniclus|86/100|[from] item: Leftovers
|upkeep
|turn|15
|
|t:|1722656632
|switch|p2a: Scizor|Scizor, F|100/100
|move|p1a: Reuniclus|Focus Blast|p2a: Scizor|[miss]
|-miss|p1a: Reuniclus|p2a: Scizor
|
|-weather|RainDance|[upkeep]
|-heal|p1a: Reuniclus|92/100|[from] item: Leftovers
|upkeep
|turn|16
|
|t:|1722656636
|switch|p1a: Skarmory|Skarmory, M|55/100
|move|p2a: Scizor|U-turn|p1a: Skarmory
|-resisted|p1a: Skarmory
|-damage|p1a: Skarmory|49/100
|-damage|p2a: Scizor|84/100|[from] item: Rocky Helmet|[of] p1a: Skarmory
|
|t:|1722656646
|switch|p2a: Jirachi|Jirachi|84/100|[from] U-turn
|
|-weather|RainDance|[upkeep]
|-heal|p2a: Jirachi|90/100|[from] item: Leftovers
|upkeep
|turn|17
|
|t:|1722656654
|switch|p1a: Tyranitar|Tyranitar, M|72/100
|-weather|Sandstorm|[from] ability: Sand Stream|[of] p1a: Tyranitar
|move|p2a: Jirachi|Thunder|p1a: Tyranitar|[miss]
|-miss|p2a: Jirachi|p1a: Tyranitar
|
|-weather|Sandstorm|[upkeep]
|-heal|p2a: Jirachi|96/100|[from] item: Leftovers
|upkeep
|turn|18
|
|t:|1722656660
|switch|p1a: Skarmory|Skarmory, M|49/100
|move|p2a: Jirachi|U-turn|p1a: Skarmory
|-resisted|p1a: Skarmory
|-damage|p1a: Skarmory|46/100
|-damage|p2a: Jirachi|80/100|[from] item: Rocky Helmet|[of] p1a: Skarmory
|
|t:|1722656667
|switch|p2a: Politoed|Politoed, M|79/100|[from] U-turn
|-weather|RainDance|[from] ability: Drizzle|[of] p2a: Politoed
|
|-weather|RainDance|[upkeep]
|upkeep
|turn|19
|inactive|happy_hitbox has 120 seconds left.
|
|t:|1722656699
|switch|p1a: Reuniclus|Reuniclus, M|92/100
|switch|p2a: Jirachi|Jirachi|80/100
|
|-weather|RainDance|[upkeep]
|-heal|p2a: Jirachi|86/100|[from] item: Leftovers
|-heal|p1a: Reuniclus|99/100|[from] item: Leftovers
|upkeep
|turn|20
|
|t:|1722656708
|switch|p1a: Gastrodon|Gastrodon, F|39/100 tox
|move|p2a: Jirachi|U-turn|p1a: Gastrodon
|-damage|p1a: Gastrodon|28/100 tox
|inactive|happy_hitbox has 120 seconds left.
|
|t:|1722656730
|switch|p2a: Conkeldurr|Conkeldurr, F, shiny|100/100|[from] U-turn
|
|-weather|RainDance|[upkeep]
|-heal|p1a: Gastrodon|35/100 tox|[from] item: Leftovers
|-damage|p1a: Gastrodon|28/100 tox|[from] psn
|-status|p2a: Conkeldurr|brn|[from] item: Flame Orb
|upkeep
|turn|21
|inactive|happy_hitbox has 120 seconds left.
|
|t:|1722656739
|move|p2a: Conkeldurr|Ice Punch|p1a: Gastrodon
|-damage|p1a: Gastrodon|0 fnt
|faint|p1a: Gastrodon
|
|-weather|RainDance|[upkeep]
|-damage|p2a: Conkeldurr|88/100 brn|[from] brn
|upkeep
|
|t:|1722656748
|switch|p1a: Alakazam|Alakazam, F|100/100
|turn|22
|
|t:|1722656754
|switch|p2a: Jirachi|Jirachi|86/100
|move|p1a: Alakazam|Psychic|p2a: Jirachi
|-resisted|p2a: Jirachi
|-damage|p2a: Jirachi|78/100
|
|-weather|RainDance|[upkeep]
|-heal|p2a: Jirachi|84/100|[from] item: Leftovers
|upkeep
|turn|23
|
|t:|1722656765
|switch|p1a: Tyranitar|Tyranitar, M|72/100
|-weather|Sandstorm|[from] ability: Sand Stream|[of] p1a: Tyranitar
|move|p2a: Jirachi|Wish|p2a: Jirachi
|
|-weather|Sandstorm|[upkeep]
|-heal|p2a: Jirachi|91/100|[from] item: Leftovers
|upkeep
|turn|24
|
|t:|1722656773
|switch|p1a: Skarmory|Skarmory, M|46/100
|move|p2a: Jirachi|U-turn|p1a: Skarmory
|-resisted|p1a: Skarmory
|-damage|p1a: Skarmory|43/100
|-damage|p2a: Jirachi|74/100|[from] item: Rocky Helmet|[of] p1a: Skarmory
|
|t:|1722656778
|switch|p2a: Keldeo|Keldeo|24/100 brn|[from] U-turn
|
|-weather|Sandstorm|[upkeep]
|-damage|p2a: Keldeo|18/100 brn|[from] Sandstorm
|-heal|p2a: Keldeo|80/100 brn|[from] move: Wish|[wisher] Jirachi
|-heal|p2a: Keldeo|87/100 brn|[from] item: Leftovers
|-damage|p2a: Keldeo|74/100 brn|[from] brn
|upkeep
|turn|25
|
|t:|1722656787
|switch|p1a: Reuniclus|Reuniclus, M|99/100
|move|p2a: Keldeo|Scald|p1a: Reuniclus
|-damage|p1a: Reuniclus|63/100
|
|-weather|Sandstorm|[upkeep]
|-damage|p2a: Keldeo|68/100 brn|[from] Sandstorm
|-heal|p2a: Keldeo|74/100 brn|[from] item: Leftovers
|-heal|p1a: Reuniclus|69/100|[from] item: Leftovers
|-damage|p2a: Keldeo|62/100 brn|[from] brn
|upkeep
|turn|26
|
|t:|1722656794
|switch|p2a: Politoed|Politoed, M|79/100
|-weather|RainDance|[from] ability: Drizzle|[of] p2a: Politoed
|move|p1a: Reuniclus|Psyshock|p2a: Politoed
|-damage|p2a: Politoed|40/100
|
|-weather|RainDance|[upkeep]
|-heal|p1a: Reuniclus|75/100|[from] item: Leftovers
|upkeep
|turn|27
|
|t:|1722656803
|move|p2a: Politoed|Hydro Pump|p1a: Reuniclus
|-damage|p1a: Reuniclus|0 fnt
|faint|p1a: Reuniclus
|
|-weather|RainDance|[upkeep]
|upkeep
|
|t:|1722656813
|switch|p1a: Alakazam|Alakazam, F|100/100
|turn|28
|
|t:|1722656820
|switch|p2a: Scizor|Scizor, F|84/100
|move|p1a: Alakazam|Psychic|p2a: Scizor
|-resisted|p2a: Scizor
|-damage|p2a: Scizor|51/100
|
|-weather|RainDance|[upkeep]
|upkeep
|turn|29
|
|t:|1722656824
|switch|p1a: Skarmory|Skarmory, M|43/100
|move|p2a: Scizor|U-turn|p1a: Skarmory
|-resisted|p1a: Skarmory
|-damage|p1a: Skarmory|38/100
|-damage|p2a: Scizor|34/100|[from] item: Rocky Helmet|[of] p1a: Skarmory
|
|t:|1722656833
|switch|p2a: Keldeo|Keldeo|62/100 brn|[from] U-turn
|
|-weather|RainDance|[upkeep]
|-heal|p2a: Keldeo|68/100 brn|[from] item: Leftovers
|-damage|p2a: Keldeo|56/100 brn|[from] brn
|upkeep
|turn|30
|
|t:|1722656841
|switch|p1a: Tyranitar|Tyranitar, M|72/100
|-weather|Sandstorm|[from] ability: Sand Stream|[of] p1a: Tyranitar
|move|p2a: Keldeo|Scald|p1a: Tyranitar
|-supereffective|p1a: Tyranitar
|-damage|p1a: Tyranitar|32/100
|-status|p1a: Tyranitar|brn
|
|-weather|Sandstorm|[upkeep]
|-damage|p2a: Keldeo|49/100 brn|[from] Sandstorm
|-heal|p2a: Keldeo|56/100 brn|[from] item: Leftovers
|-damage|p2a: Keldeo|43/100 brn|[from] brn
|-damage|p1a: Tyranitar|19/100 brn|[from] brn
|upkeep
|turn|31
|
|t:|1722656866
|switch|p2a: Conkeldurr|Conkeldurr, F, shiny|88/100 brn
|switch|p1a: Skarmory|Skarmory, M|38/100
|
|-weather|Sandstorm|[upkeep]
|-damage|p2a: Conkeldurr|82/100 brn|[from] Sandstorm
|-damage|p2a: Conkeldurr|70/100 brn|[from] brn
|upkeep
|turn|32
|
|t:|1722656872
|move|p1a: Skarmory|Spikes|p2a: Conkeldurr
|-sidestart|p2: happy_hitbox|Spikes
|move|p2a: Conkeldurr|Drain Punch|p1a: Skarmory
|-damage|p1a: Skarmory|0 fnt
|-heal|p2a: Conkeldurr|86/100 brn|[from] drain|[of] p1a: Skarmory
|-damage|p2a: Conkeldurr|70/100 brn|[from] item: Rocky Helmet|[of] p1a: Skarmory
|faint|p1a: Skarmory
|
|-weather|Sandstorm|[upkeep]
|-damage|p2a: Conkeldurr|63/100 brn|[from] Sandstorm
|-damage|p2a: Conkeldurr|51/100 brn|[from] brn
|upkeep
|
|t:|1722656881
|switch|p1a: Alakazam|Alakazam, F|100/100
|turn|33
|
|t:|1722656884
|move|p2a: Conkeldurr|Mach Punch|p1a: Alakazam
|-resisted|p1a: Alakazam
|-crit|p1a: Alakazam
|-damage|p1a: Alakazam|10/100
|move|p1a: Alakazam|Psychic|p2a: Conkeldurr
|-supereffective|p2a: Conkeldurr
|-damage|p2a: Conkeldurr|0 fnt
|faint|p2a: Conkeldurr
|
|-weather|Sandstorm|[upkeep]
|upkeep
|
|t:|1722656887
|switch|p2a: Scizor|Scizor, F|34/100
|-damage|p2a: Scizor|22/100|[from] Spikes
|turn|34
|
|t:|1722656892
|-activate|p1a: Alakazam|move: Pursuit
|move|p2a: Scizor|Pursuit|p1a: Alakazam|[from]Pursuit
|-supereffective|p1a: Alakazam
|-damage|p1a: Alakazam|0 fnt
|faint|p1a: Alakazam
|-hint|A Pokemon can't switch between when it runs out of HP and when it faints
|
|-weather|Sandstorm|[upkeep]
|upkeep
|
|t:|1722656898
|switch|p1a: Gliscor|Gliscor, F|100/100
|turn|35
|
|t:|1722656905
|switch|p2a: Donphan|Donphan, F|61/100
|-damage|p2a: Donphan|48/100|[from] Spikes
|move|p1a: Gliscor|Stealth Rock|p2a: Donphan
|-sidestart|p2: happy_hitbox|move: Stealth Rock
|
|-weather|Sandstorm|[upkeep]
|-heal|p2a: Donphan|54/100|[from] item: Leftovers
|-status|p1a: Gliscor|tox|[from] item: Toxic Orb
|upkeep
|turn|36
|
|t:|1722656909
|move|p1a: Gliscor|Earthquake|p2a: Donphan
|-damage|p2a: Donphan|35/100
|move|p2a: Donphan|Rapid Spin|p1a: Gliscor
|-damage|p1a: Gliscor|95/100 tox
|-sideend|p2: happy_hitbox|Spikes|[from] move: Rapid Spin|[of] p2a: Donphan
|-sideend|p2: happy_hitbox|Stealth Rock|[from] move: Rapid Spin|[of] p2a: Donphan
|
|-weather|Sandstorm|[upkeep]
|-heal|p2a: Donphan|41/100|[from] item: Leftovers
|-heal|p1a: Gliscor|100/100 tox|[from] ability: Poison Heal
|upkeep
|turn|37
|
|t:|1722656914
|move|p2a: Donphan|Ice Shard|p1a: Gliscor
|-supereffective|p1a: Gliscor
|-damage|p1a: Gliscor|64/100 tox
|move|p1a: Gliscor|Earthquake|p2a: Donphan
|-damage|p2a: Donphan|22/100
|
|-weather|Sandstorm|[upkeep]
|-heal|p2a: Donphan|28/100|[from] item: Leftovers
|-heal|p1a: Gliscor|77/100 tox|[from] ability: Poison Heal
|upkeep
|turn|38
|
|t:|1722656918
|move|p2a: Donphan|Ice Shard|p1a: Gliscor
|-supereffective|p1a: Gliscor
|-damage|p1a: Gliscor|41/100 tox
|move|p1a: Gliscor|Knock Off|p2a: Donphan
|-damage|p2a: Donphan|25/100
|-enditem|p2a: Donphan|Leftovers|[from] move: Knock Off|[of] p1a: Gliscor
|
|-weather|Sandstorm|[upkeep]
|-heal|p1a: Gliscor|54/100 tox|[from] ability: Poison Heal
|upkeep
|turn|39
|
|t:|1722656922
|move|p1a: Gliscor|Protect|p1a: Gliscor
|-singleturn|p1a: Gliscor|Protect
|move|p2a: Donphan|Ice Shard|p1a: Gliscor
|-activate|p1a: Gliscor|move: Protect
|
|-weather|Sandstorm|[upkeep]
|-heal|p1a: Gliscor|66/100 tox|[from] ability: Poison Heal
|upkeep
|turn|40
|
|t:|1722656929
|move|p2a: Donphan|Ice Shard|p1a: Gliscor
|-supereffective|p1a: Gliscor
|-damage|p1a: Gliscor|30/100 tox
|move|p1a: Gliscor|Earthquake|p2a: Donphan
|-damage|p2a: Donphan|6/100
|
|-weather|Sandstorm|[upkeep]
|-heal|p1a: Gliscor|43/100 tox|[from] ability: Poison Heal
|upkeep
|turn|41
|
|t:|1722656932
|move|p1a: Gliscor|Protect|p1a: Gliscor
|-singleturn|p1a: Gliscor|Protect
|move|p2a: Donphan|Ice Shard|p1a: Gliscor
|-activate|p1a: Gliscor|move: Protect
|
|-weather|Sandstorm|[upkeep]
|-heal|p1a: Gliscor|55/100 tox|[from] ability: Poison Heal
|upkeep
|turn|42
|
|t:|1722656934
|move|p2a: Donphan|Ice Shard|p1a: Gliscor
|-supereffective|p1a: Gliscor
|-damage|p1a: Gliscor|23/100 tox
|move|p1a: Gliscor|Stealth Rock|p2a: Donphan
|-sidestart|p2: happy_hitbox|move: Stealth Rock
|
|-weather|Sandstorm|[upkeep]
|-heal|p1a: Gliscor|36/100 tox|[from] ability: Poison Heal
|upkeep
|turn|43
|
|t:|1722656938
|move|p1a: Gliscor|Protect|p1a: Gliscor
|-singleturn|p1a: Gliscor|Protect
|move|p2a: Donphan|Ice Shard|p1a: Gliscor
|-activate|p1a: Gliscor|move: Protect
|
|-weather|Sandstorm|[upkeep]
|-heal|p1a: Gliscor|48/100 tox|[from] ability: Poison Heal
|upkeep
|turn|44
|
|t:|1722656941
|move|p2a: Donphan|Ice Shard|p1a: Gliscor
|-supereffective|p1a: Gliscor
|-damage|p1a: Gliscor|13/100 tox
|move|p1a: Gliscor|Earthquake|p2a: Donphan
|-crit|p2a: Donphan
|-damage|p2a: Donphan|0 fnt
|faint|p2a: Donphan
|
|-weather|Sandstorm|[upkeep]
|-heal|p1a: Gliscor|25/100 tox|[from] ability: Poison Heal
|upkeep
|inactive|happy_hitbox has 120 seconds left.
|
|t:|1722656978
|switch|p2a: Scizor|Scizor, F|22/100
|-damage|p2a: Scizor|9/100|[from] Stealth Rock
|turn|45
|
|t:|1722656981
|move|p1a: Gliscor|Protect|p1a: Gliscor
|-singleturn|p1a: Gliscor|Protect
|move|p2a: Scizor|Bullet Punch|p1a: Gliscor
|-activate|p1a: Gliscor|move: Protect
|
|-weather|Sandstorm|[upkeep]
|-heal|p1a: Gliscor|38/100 tox|[from] ability: Poison Heal
|upkeep
|turn|46
|
|t:|1722656989
|move|p1a: Gliscor|Protect||[still]
|-fail|p1a: Gliscor
|move|p2a: Scizor|Bullet Punch|p1a: Gliscor
|-damage|p1a: Gliscor|11/100 tox
|
|-weather|Sandstorm|[upkeep]
|-heal|p1a: Gliscor|24/100 tox|[from] ability: Poison Heal
|upkeep
|turn|47
|
|t:|1722656996
|move|p1a: Gliscor|Protect|p1a: Gliscor
|-singleturn|p1a: Gliscor|Protect
|move|p2a: Scizor|Bullet Punch|p1a: Gliscor
|-activate|p1a: Gliscor|move: Protect
|
|-weather|Sandstorm|[upkeep]
|-heal|p1a: Gliscor|36/100 tox|[from] ability: Poison Heal
|upkeep
|turn|48
|
|t:|1722657007
|move|p1a: Gliscor|Protect||[still]
|-fail|p1a: Gliscor
|move|p2a: Scizor|Bullet Punch|p1a: Gliscor
|-damage|p1a: Gliscor|12/100 tox
|
|-weather|Sandstorm|[upkeep]
|-heal|p1a: Gliscor|25/100 tox|[from] ability: Poison Heal
|upkeep
|turn|49
|
|t:|1722657016
|switch|p2a: Politoed|Politoed, M|40/100
|-damage|p2a: Politoed|28/100|[from] Stealth Rock
|-weather|RainDance|[from] ability: Drizzle|[of] p2a: Politoed
|move|p1a: Gliscor|Protect||[still]
|-fail|p1a: Gliscor
|
|-weather|RainDance|[upkeep]
|-heal|p1a: Gliscor|37/100 tox|[from] ability: Poison Heal
|upkeep
|turn|50
|
|t:|1722657027
|switch|p2a: Scizor|Scizor, F|9/100
|-damage|p2a: Scizor|0 fnt|[from] Stealth Rock
|faint|p2a: Scizor
|move|p1a: Gliscor|Protect||[still]
|-fail|p1a: Gliscor
|
|-weather|RainDance|[upkeep]
|-heal|p1a: Gliscor|50/100 tox|[from] ability: Poison Heal
|upkeep
|
|t:|1722657030
|switch|p2a: Keldeo|Keldeo|43/100 brn
|-damage|p2a: Keldeo|37/100 brn|[from] Stealth Rock
|turn|51
|
|t:|1722657033
|move|p1a: Gliscor|Protect|p1a: Gliscor
|-singleturn|p1a: Gliscor|Protect
|move|p2a: Keldeo|Scald|p1a: Gliscor
|-activate|p1a: Gliscor|move: Protect
|
|-weather|RainDance|[upkeep]
|-heal|p2a: Keldeo|43/100 brn|[from] item: Leftovers
|-heal|p1a: Gliscor|62/100 tox|[from] ability: Poison Heal
|-damage|p2a: Keldeo|31/100 brn|[from] brn
|upkeep
|turn|52
|
|t:|1722657041
|switch|p1a: Tyranitar|Tyranitar, M|19/100 brn
|-weather|Sandstorm|[from] ability: Sand Stream|[of] p1a: Tyranitar
|move|p2a: Keldeo|Scald|p1a: Tyranitar
|-supereffective|p1a: Tyranitar
|-damage|p1a: Tyranitar|0 fnt
|faint|p1a: Tyranitar
|
|-weather|Sandstorm|[upkeep]
|-damage|p2a: Keldeo|25/100 brn|[from] Sandstorm
|-heal|p2a: Keldeo|31/100 brn|[from] item: Leftovers
|-damage|p2a: Keldeo|18/100 brn|[from] brn
|upkeep
|
|t:|1722657045
|switch|p1a: Gliscor|Gliscor, F|62/100 tox
|turn|53
|
|t:|1722657058
|switch|p2a: Jirachi|Jirachi|74/100
|-damage|p2a: Jirachi|68/100|[from] Stealth Rock
|move|p1a: Gliscor|Protect||[still]
|-fail|p1a: Gliscor
|
|-weather|Sandstorm|[upkeep]
|-heal|p2a: Jirachi|74/100|[from] item: Leftovers
|-heal|p1a: Gliscor|75/100 tox|[from] ability: Poison Heal
|upkeep
|turn|54
|
|t:|1722657064
|move|p2a: Jirachi|Wish|p2a: Jirachi
|move|p1a: Gliscor|Earthquake|p2a: Jirachi
|-supereffective|p2a: Jirachi
|-damage|p2a: Jirachi|22/100
|
|-weather|Sandstorm|[upkeep]
|-heal|p2a: Jirachi|28/100|[from] item: Leftovers
|-heal|p1a: Gliscor|87/100 tox|[from] ability: Poison Heal
|upkeep
|turn|55
|
|t:|1722657073
|move|p2a: Jirachi|Iron Head|p1a: Gliscor
|-damage|p1a: Gliscor|66/100 tox
|move|p1a: Gliscor|Knock Off|p2a: Jirachi
|-damage|p2a: Jirachi|24/100
|-enditem|p2a: Jirachi|Leftovers|[from] move: Knock Off|[of] p1a: Gliscor
|
|-weather|Sandstorm|[upkeep]
|-heal|p2a: Jirachi|74/100|[from] move: Wish|[wisher] Jirachi
|-heal|p1a: Gliscor|78/100 tox|[from] ability: Poison Heal
|upkeep
|turn|56
|
|t:|1722657077
|move|p2a: Jirachi|Wish|p2a: Jirachi
|move|p1a: Gliscor|Earthquake|p2a: Jirachi
|-supereffective|p2a: Jirachi
|-crit|p2a: Jirachi
|-damage|p2a: Jirachi|0 fnt
|faint|p2a: Jirachi
|
|-weather|Sandstorm|[upkeep]
|-heal|p1a: Gliscor|91/100 tox|[from] ability: Poison Heal
|upkeep
|
|t:|1722657100
|switch|p2a: Keldeo|Keldeo|18/100 brn
|-damage|p2a: Keldeo|12/100 brn|[from] Stealth Rock
|turn|57
|
|t:|1722657104
|move|p2a: Keldeo|Protect|p2a: Keldeo
|-singleturn|p2a: Keldeo|Protect
|move|p1a: Gliscor|Earthquake|p2a: Keldeo
|-activate|p2a: Keldeo|move: Protect
|
|-weather|Sandstorm|[upkeep]
|-damage|p2a: Keldeo|6/100 brn|[from] Sandstorm
|-heal|p2a: Keldeo|69/100 brn|[from] move: Wish|[wisher] Jirachi
|-heal|p2a: Keldeo|75/100 brn|[from] item: Leftovers
|-heal|p1a: Gliscor|100/100 tox|[from] ability: Poison Heal
|-damage|p2a: Keldeo|62/100 brn|[from] brn
|upkeep
|turn|58
|
|t:|1722657106
|move|p1a: Gliscor|Protect|p1a: Gliscor
|-singleturn|p1a: Gliscor|Protect
|move|p2a: Keldeo|Scald|p1a: Gliscor
|-activate|p1a: Gliscor|move: Protect
|
|-weather|Sandstorm|[upkeep]
|-damage|p2a: Keldeo|56/100 brn|[from] Sandstorm
|-heal|p2a: Keldeo|62/100 brn|[from] item: Leftovers
|-damage|p2a: Keldeo|50/100 brn|[from] brn
|upkeep
|turn|59
|
|t:|1722657112
|switch|p2a: Politoed|Politoed, M|28/100
|-damage|p2a: Politoed|16/100|[from] Stealth Rock
|-weather|RainDance|[from] ability: Drizzle|[of] p2a: Politoed
|move|p1a: Gliscor|Earthquake|p2a: Politoed
|-damage|p2a: Politoed|0 fnt
|faint|p2a: Politoed
|
|-weather|RainDance|[upkeep]
|upkeep
|
|t:|1722657114
|switch|p2a: Keldeo|Keldeo|50/100 brn
|-damage|p2a: Keldeo|44/100 brn|[from] Stealth Rock
|turn|60
|
|t:|1722657117
|move|p1a: Gliscor|Protect|p1a: Gliscor
|-singleturn|p1a: Gliscor|Protect
|move|p2a: Keldeo|Scald|p1a: Gliscor
|-activate|p1a: Gliscor|move: Protect
|
|-weather|RainDance|[upkeep]
|-heal|p2a: Keldeo|50/100 brn|[from] item: Leftovers
|-damage|p2a: Keldeo|38/100 brn|[from] brn
|upkeep
|turn|61
|
|t:|1722657121
|move|p2a: Keldeo|Scald|p1a: Gliscor
|-supereffective|p1a: Gliscor
|-damage|p1a: Gliscor|3/100 tox
|move|p1a: Gliscor|Earthquake|p2a: Keldeo
|-damage|p2a: Keldeo|0 fnt
|faint|p2a: Keldeo
|
|win|ayrific
|raw|ayrific's rating: 1281 &rarr; <strong>1318</strong><br />(+37 for winning)
|raw|happy_hitbox's rating: 1469 &rarr; <strong>1439</strong><br />(-30 for losing)
|l|☆happy_hitbox
|player|p2|
