|j|☆refsunpersons
|j|☆OldBoy NBA
|player|p1|refsunpersons|15
|player|p2|OldBoy NBA|10
|teamsize|p1|6
|teamsize|p2|6
|gametype|singles
|gen|5
|tier|[Gen 5] OU
|rated|
|rule|Sleep Clause Mod: Limit one foe put to sleep
|rule|Species Clause: Limit one of each Pokémon
|rule|OHKO Clause: OHKO moves are banned
|rule|Moody Clause: Moody is banned
|rule|Evasion Moves Clause: Evasion moves are banned
|rule|Endless Battle Clause: Forcing endless battles is banned
|rule|HP Percentage Mod: HP is shown in percentages
|rule|Evasion Abilities Clause: Evasion abilities are banned
|rule|Baton Pass Clause: Limit one Baton Passer, can't pass Spe and other stats simultaneously
|rule|Swagger Clause: Swagger is banned
|clearpoke
|poke|p1|Jirachi|item
|poke|p1|Latios, M|item
|poke|p1|Porygon2|item
|poke|p1|Donphan, F|item
|poke|p1|Ninetales, F|item
|poke|p1|Volcarona, F|item
|poke|p2|Politoed, M|item
|poke|p2|Starmie|item
|poke|p2|Moltres|item
|poke|p2|Garchomp, F|item
|poke|p2|Ferrothorn, F|item
|poke|p2|Toxicroak, F|item
|teampreview
|c|☆refsunpersons|gl hf
|c|☆OldBoy NBA|ah fuck not sun
|c|☆OldBoy NBA|glhf
|c|☆refsunpersons|rain beats sun tho
|
|start
|switch|p1a: Jirachi|Jirachi|100/100
|switch|p2a: Ferrothorn|Ferrothorn, F|100/100
|turn|1
|c|☆OldBoy NBA|i dont :)
|
|move|p1a: Jirachi|Calm Mind|p1a: Jirachi
|-boost|p1a: Jirachi|spa|1
|-boost|p1a: Jirachi|spd|1
|move|p2a: Ferrothorn|Leech Seed|p1a: Jirachi
|-start|p1a: Jirachi|move: Leech Seed
|
|-damage|p1a: Jirachi|88/100|[from] Leech Seed|[of] p2a: Ferrothorn
|upkeep
|turn|2
|
|move|p1a: Jirachi|Hidden Power|p2a: Ferrothorn
|-supereffective|p2a: Ferrothorn
|-damage|p2a: Ferrothorn|44/100
|move|p2a: Ferrothorn|Stealth Rock|p1a: Jirachi
|-sidestart|p1: refsunpersons|move: Stealth Rock
|
|-heal|p2a: Ferrothorn|50/100|[from] item: Leftovers
|-damage|p1a: Jirachi|76/100|[from] Leech Seed|[of] p2a: Ferrothorn
|-heal|p2a: Ferrothorn|63/100|[silent]
|upkeep
|turn|3
|
|switch|p2a: Garchomp|Garchomp, F|100/100
|move|p1a: Jirachi|Calm Mind|p1a: Jirachi
|-boost|p1a: Jirachi|spa|1
|-boost|p1a: Jirachi|spd|1
|
|-damage|p1a: Jirachi|63/100|[from] Leech Seed|[of] p2a: Garchomp
|upkeep
|turn|4
|
|switch|p1a: Porygon2|Porygon2|100/100
|-damage|p1a: Porygon2|88/100|[from] Stealth Rock
|-ability|p1a: Porygon2|Rough Skin|[from] ability: Trace|[of] p2a: Garchomp
|move|p2a: Garchomp|Earthquake|p1a: Porygon2
|-damage|p1a: Porygon2|53/100
|
|upkeep
|turn|5
|
|switch|p2a: Ferrothorn|Ferrothorn, F|63/100
|move|p1a: Porygon2|Recover|p1a: Porygon2
|-heal|p1a: Porygon2|100/100
|
|-heal|p2a: Ferrothorn|69/100|[from] item: Leftovers
|upkeep
|turn|6
|
|switch|p1a: Ninetales|Ninetales, F, shiny|100/100
|-damage|p1a: Ninetales|76/100|[from] Stealth Rock
|-weather|SunnyDay|[from] ability: Drought|[of] p1a: Ninetales
|-item|p1a: Ninetales|Air Balloon
|move|p2a: Ferrothorn|Power Whip|p1a: Ninetales
|-resisted|p1a: Ninetales
|-damage|p1a: Ninetales|45/100
|-enditem|p1a: Ninetales|Air Balloon
|
|-weather|SunnyDay|[upkeep]
|-heal|p2a: Ferrothorn|75/100|[from] item: Leftovers
|upkeep
|turn|7
|
|switch|p1a: Jirachi|Jirachi|63/100
|-damage|p1a: Jirachi|57/100|[from] Stealth Rock
|switch|p2a: Moltres|Moltres|100/100
|-ability|p2a: Moltres|Pressure
|
|-weather|SunnyDay|[upkeep]
|upkeep
|turn|8
|
|switch|p2a: Garchomp|Garchomp, F|100/100
|switch|p1a: Porygon2|Porygon2|100/100
|-damage|p1a: Porygon2|88/100|[from] Stealth Rock
|-ability|p1a: Porygon2|Rough Skin|[from] ability: Trace|[of] p2a: Garchomp
|
|-weather|SunnyDay|[upkeep]
|upkeep
|turn|9
|
|switch|p2a: Ferrothorn|Ferrothorn, F|75/100
|switch|p1a: Latios|Latios, M|100/100
|-damage|p1a: Latios|88/100|[from] Stealth Rock
|
|-weather|SunnyDay|[upkeep]
|-heal|p2a: Ferrothorn|81/100|[from] item: Leftovers
|upkeep
|turn|10
|
|switch|p2a: Starmie|Starmie|100/100
|move|p1a: Latios|Hidden Power|p2a: Starmie
|-resisted|p2a: Starmie
|-damage|p2a: Starmie|68/100
|-damage|p1a: Latios|78/100|[from] item: Life Orb
|
|-weather|SunnyDay|[upkeep]
|upkeep
|turn|11
|
|move|p2a: Starmie|Hydro Pump|p1a: Latios|[miss]
|-miss|p2a: Starmie|p1a: Latios
|move|p1a: Latios|Draco Meteor|p2a: Starmie
|-damage|p2a: Starmie|0 fnt
|-unboost|p1a: Latios|spa|2
|-damage|p1a: Latios|68/100|[from] item: Life Orb
|faint|p2a: Starmie
|
|-weather|SunnyDay|[upkeep]
|upkeep
|
|switch|p2a: Politoed|Politoed, M|100/100
|-weather|RainDance|[from] ability: Drizzle|[of] p2a: Politoed
|turn|12
|
|switch|p1a: Porygon2|Porygon2|88/100
|-damage|p1a: Porygon2|76/100|[from] Stealth Rock
|-ability|p1a: Porygon2|Drizzle|[from] ability: Trace|[of] p2a: Politoed
|move|p2a: Politoed|Hydro Pump|p1a: Porygon2
|-damage|p1a: Porygon2|44/100
|
|-weather|RainDance|[upkeep]
|upkeep
|turn|13
|
|switch|p2a: Toxicroak|Toxicroak, F|100/100
|move|p1a: Porygon2|Recover|p1a: Porygon2
|-heal|p1a: Porygon2|94/100
|
|-weather|RainDance|[upkeep]
|upkeep
|turn|14
|
|move|p2a: Toxicroak|Drain Punch|p1a: Porygon2
|-supereffective|p1a: Porygon2
|-damage|p1a: Porygon2|33/100
|-damage|p2a: Toxicroak|91/100|[from] item: Life Orb
|move|p1a: Porygon2|Hidden Power|p2a: Toxicroak
|-supereffective|p2a: Toxicroak
|-damage|p2a: Toxicroak|37/100
|
|-weather|RainDance|[upkeep]
|-heal|p2a: Toxicroak|50/100|[from] ability: Dry Skin
|upkeep
|turn|15
|
|switch|p1a: Donphan|Donphan, F|100/100
|-damage|p1a: Donphan|94/100|[from] Stealth Rock
|move|p2a: Toxicroak|Drain Punch|p1a: Donphan
|-damage|p1a: Donphan|66/100
|-heal|p2a: Toxicroak|68/100|[from] drain|[of] p1a: Donphan
|-damage|p2a: Toxicroak|58/100|[from] item: Life Orb
|
|-weather|RainDance|[upkeep]
|-heal|p2a: Toxicroak|70/100|[from] ability: Dry Skin
|-heal|p1a: Donphan|72/100|[from] item: Leftovers
|upkeep
|turn|16
|
|switch|p2a: Moltres|Moltres|100/100
|-ability|p2a: Moltres|Pressure
|move|p1a: Donphan|Rapid Spin|p2a: Moltres
|-damage|p2a: Moltres|94/100
|-sideend|p1: refsunpersons|Stealth Rock|[from] move: Rapid Spin|[of] p1a: Donphan
|
|-weather|RainDance|[upkeep]
|-heal|p1a: Donphan|78/100|[from] item: Leftovers
|upkeep
|turn|17
|
|switch|p1a: Jirachi|Jirachi|57/100
|move|p2a: Moltres|Hurricane|p1a: Jirachi
|-resisted|p1a: Jirachi
|-damage|p1a: Jirachi|15/100
|-start|p1a: Jirachi|confusion
|
|-weather|RainDance|[upkeep]
|upkeep
|turn|18
|
|move|p2a: Moltres|Hurricane|p1a: Jirachi
|-resisted|p1a: Jirachi
|-damage|p1a: Jirachi|0 fnt
|faint|p1a: Jirachi
|
|-weather|RainDance|[upkeep]
|upkeep
|
|switch|p1a: Latios|Latios, M|68/100
|turn|19
|
|switch|p2a: Ferrothorn|Ferrothorn, F|81/100
|move|p1a: Latios|Draco Meteor|p2a: Ferrothorn
|-resisted|p2a: Ferrothorn
|-damage|p2a: Ferrothorn|49/100
|-unboost|p1a: Latios|spa|2
|-damage|p1a: Latios|58/100|[from] item: Life Orb
|
|-weather|RainDance|[upkeep]
|-heal|p2a: Ferrothorn|55/100|[from] item: Leftovers
|upkeep
|turn|20
|
|switch|p1a: Ninetales|Ninetales, F, shiny|45/100
|-weather|SunnyDay|[from] ability: Drought|[of] p1a: Ninetales
|move|p2a: Ferrothorn|Leech Seed|p1a: Ninetales
|-start|p1a: Ninetales|move: Leech Seed
|
|-weather|SunnyDay|[upkeep]
|-heal|p2a: Ferrothorn|61/100|[from] item: Leftovers
|-damage|p1a: Ninetales|33/100|[from] Leech Seed|[of] p2a: Ferrothorn
|-heal|p2a: Ferrothorn|71/100|[silent]
|upkeep
|turn|21
|
|switch|p1a: Latios|Latios, M|58/100
|switch|p2a: Moltres|Moltres|94/100
|-ability|p2a: Moltres|Pressure
|
|-weather|SunnyDay|[upkeep]
|upkeep
|turn|22
|
|move|p1a: Latios|Draco Meteor|p2a: Moltres
|-damage|p2a: Moltres|0 fnt
|-unboost|p1a: Latios|spa|2
|-damage|p1a: Latios|48/100|[from] item: Life Orb
|faint|p2a: Moltres
|
|-weather|SunnyDay|[upkeep]
|upkeep
|
|switch|p2a: Politoed|Politoed, M|100/100
|-weather|RainDance|[from] ability: Drizzle|[of] p2a: Politoed
|turn|23
|
|switch|p1a: Ninetales|Ninetales, F, shiny|33/100
|-weather|SunnyDay|[from] ability: Drought|[of] p1a: Ninetales
|move|p2a: Politoed|Hydro Pump|p1a: Ninetales|[miss]
|-miss|p2a: Politoed|p1a: Ninetales
|
|-weather|SunnyDay|[upkeep]
|upkeep
|turn|24
|c|☆refsunpersons|sorry
|c|☆OldBoy NBA|that's fine
|
|switch|p2a: Ferrothorn|Ferrothorn, F|71/100
|move|p1a: Ninetales|Solar Beam|p2a: Ferrothorn|[still]
|-prepare|p1a: Ninetales|Solar Beam|p2a: Ferrothorn
|-anim|p1a: Ninetales|Solar Beam|p2a: Ferrothorn
|-resisted|p2a: Ferrothorn
|-crit|p2a: Ferrothorn
|-damage|p2a: Ferrothorn|59/100
|
|-weather|SunnyDay|[upkeep]
|-heal|p2a: Ferrothorn|65/100|[from] item: Leftovers
|upkeep
|turn|25
|
|switch|p2a: Politoed|Politoed, M|100/100
|-weather|RainDance|[from] ability: Drizzle|[of] p2a: Politoed
|move|p1a: Ninetales|Sunny Day|p1a: Ninetales
|-weather|SunnyDay
|
|-weather|SunnyDay|[upkeep]
|upkeep
|turn|26
|
|switch|p2a: Ferrothorn|Ferrothorn, F|65/100
|move|p1a: Ninetales|Solar Beam|p2a: Ferrothorn|[still]
|-prepare|p1a: Ninetales|Solar Beam|p2a: Ferrothorn
|-anim|p1a: Ninetales|Solar Beam|p2a: Ferrothorn
|-resisted|p2a: Ferrothorn
|-damage|p2a: Ferrothorn|60/100
|
|-weather|SunnyDay|[upkeep]
|-heal|p2a: Ferrothorn|66/100|[from] item: Leftovers
|upkeep
|turn|27
|
|switch|p1a: Latios|Latios, M|48/100
|switch|p2a: Politoed|Politoed, M|100/100
|-weather|RainDance|[from] ability: Drizzle|[of] p2a: Politoed
|
|-weather|RainDance|[upkeep]
|upkeep
|turn|28
|
|switch|p2a: Ferrothorn|Ferrothorn, F|66/100
|move|p1a: Latios|Draco Meteor|p2a: Ferrothorn|[miss]
|-miss|p1a: Latios|p2a: Ferrothorn
|
|-weather|RainDance|[upkeep]
|-heal|p2a: Ferrothorn|72/100|[from] item: Leftovers
|upkeep
|turn|29
|
|move|p1a: Latios|Hidden Power|p2a: Ferrothorn
|-supereffective|p2a: Ferrothorn
|-damage|p2a: Ferrothorn|28/100
|-damage|p1a: Latios|38/100|[from] item: Life Orb
|move|p2a: Ferrothorn|Gyro Ball|p1a: Latios
|-damage|p1a: Latios|0 fnt
|faint|p1a: Latios
|
|-weather|RainDance|[upkeep]
|-heal|p2a: Ferrothorn|34/100|[from] item: Leftovers
|upkeep
|
|switch|p1a: Ninetales|Ninetales, F, shiny|33/100
|-weather|SunnyDay|[from] ability: Drought|[of] p1a: Ninetales
|turn|30
|
|move|p1a: Ninetales|Sunny Day|p1a: Ninetales
|-fail|p1a: Ninetales
|move|p2a: Ferrothorn|Stealth Rock|p1a: Ninetales
|-sidestart|p1: refsunpersons|move: Stealth Rock
|
|-weather|SunnyDay|[upkeep]
|-heal|p2a: Ferrothorn|40/100|[from] item: Leftovers
|upkeep
|turn|31
|
|switch|p2a: Politoed|Politoed, M|100/100
|-weather|RainDance|[from] ability: Drizzle|[of] p2a: Politoed
|move|p1a: Ninetales|Sunny Day|p1a: Ninetales
|-weather|SunnyDay
|
|-weather|SunnyDay|[upkeep]
|upkeep
|turn|32
|
|switch|p2a: Ferrothorn|Ferrothorn, F|40/100
|move|p1a: Ninetales|Fire Blast|p2a: Ferrothorn
|-supereffective|p2a: Ferrothorn
|-damage|p2a: Ferrothorn|0 fnt
|faint|p2a: Ferrothorn
|
|-weather|SunnyDay|[upkeep]
|upkeep
|
|switch|p2a: Politoed|Politoed, M|100/100
|-weather|RainDance|[from] ability: Drizzle|[of] p2a: Politoed
|turn|33
|l|☆refsunpersons
|player|p1|
|inactive|Battle timer is ON: inactive players will automatically lose when time's up. (requested by OldBoy NBA)
|inactive|refsunpersons has 60 seconds to reconnect!
|inactive|refsunpersons has 30 seconds to reconnect!
|j|☆refsunpersons
|inactive|refsunpersons reconnected and has 115 seconds left.
|player|p1|refsunpersons|15
|
|move|p2a: Politoed|Hydro Pump|p1a: Ninetales
|-supereffective|p1a: Ninetales
|-damage|p1a: Ninetales|0 fnt
|faint|p1a: Ninetales
|
|-weather|RainDance|[upkeep]
|upkeep
|
|switch|p1a: Porygon2|Porygon2|33/100
|-damage|p1a: Porygon2|21/100|[from] Stealth Rock
|-ability|p1a: Porygon2|Drizzle|[from] ability: Trace|[of] p2a: Politoed
|turn|34
|
|move|p2a: Politoed|Hydro Pump|p1a: Porygon2|[miss]
|-miss|p2a: Politoed|p1a: Porygon2
|move|p1a: Porygon2|Recover|p1a: Porygon2
|-heal|p1a: Porygon2|71/100
|
|-weather|RainDance|[upkeep]
|upkeep
|turn|35
|
|switch|p2a: Toxicroak|Toxicroak, F|70/100
|move|p1a: Porygon2|Hidden Power|p2a: Toxicroak
|-supereffective|p2a: Toxicroak
|-damage|p2a: Toxicroak|18/100
|
|-weather|RainDance|[upkeep]
|-heal|p2a: Toxicroak|30/100|[from] ability: Dry Skin
|upkeep
|turn|36
|c|☆refsunpersons|that was the game
|
|move|p2a: Toxicroak|Drain Punch|p1a: Porygon2
|-supereffective|p1a: Porygon2
|-damage|p1a: Porygon2|13/100
|-heal|p2a: Toxicroak|66/100|[from] drain|[of] p1a: Porygon2
|-damage|p2a: Toxicroak|56/100|[from] item: Life Orb
|move|p1a: Porygon2|Hidden Power|p2a: Toxicroak
|-supereffective|p2a: Toxicroak
|-damage|p2a: Toxicroak|5/100
|
|-weather|RainDance|[upkeep]
|-heal|p2a: Toxicroak|17/100|[from] ability: Dry Skin
|upkeep
|turn|37
|c|☆refsunpersons|I think
|c|☆OldBoy NBA|hitting every hydro wouldve been the game
|
|move|p2a: Toxicroak|Drain Punch|p1a: Porygon2
|-supereffective|p1a: Porygon2
|-damage|p1a: Porygon2|0 fnt
|-heal|p2a: Toxicroak|25/100|[from] drain|[of] p1a: Porygon2
|-damage|p2a: Toxicroak|15/100|[from] item: Life Orb
|faint|p1a: Porygon2
|
|-weather|RainDance|[upkeep]
|-heal|p2a: Toxicroak|27/100|[from] ability: Dry Skin
|upkeep
|
|switch|p1a: Volcarona|Volcarona, F|100/100
|-damage|p1a: Volcarona|51/100|[from] Stealth Rock
|turn|38
|
|switch|p2a: Garchomp|Garchomp, F|100/100
|move|p1a: Volcarona|Quiver Dance|p1a: Volcarona
|-boost|p1a: Volcarona|spa|1
|-boost|p1a: Volcarona|spd|1
|-boost|p1a: Volcarona|spe|1
|
|-weather|RainDance|[upkeep]
|upkeep
|turn|39
|
|move|p1a: Volcarona|Bug Buzz|p2a: Garchomp
|-damage|p2a: Garchomp|28/100
|move|p2a: Garchomp|Aqua Tail|p1a: Volcarona|[miss]
|-miss|p2a: Garchomp|p1a: Volcarona
|
|-weather|RainDance|[upkeep]
|upkeep
|turn|40
|c|☆OldBoy NBA|oh you absolute tit
|
|move|p1a: Volcarona|Bug Buzz|p2a: Garchomp
|-damage|p2a: Garchomp|0 fnt
|faint|p2a: Garchomp
|
|-weather|RainDance|[upkeep]
|upkeep
|c|☆OldBoy NBA|gg
|
|switch|p2a: Politoed|Politoed, M|100/100
|turn|41
|c|☆refsunpersons|sorry for the hax
|
|move|p1a: Volcarona|Bug Buzz|p2a: Politoed
|-damage|p2a: Politoed|23/100
|move|p2a: Politoed|Hydro Pump|p1a: Volcarona
|-supereffective|p1a: Volcarona
|-damage|p1a: Volcarona|0 fnt
|faint|p1a: Volcarona
|
|-weather|RainDance|[upkeep]
|upkeep
|c|☆OldBoy NBA|oh
|c|☆refsunpersons|well you still win
|
|switch|p1a: Donphan|Donphan, F|78/100
|-damage|p1a: Donphan|72/100|[from] Stealth Rock
|turn|42
|
|move|p2a: Politoed|Hydro Pump|p1a: Donphan
|-supereffective|p1a: Donphan
|-damage|p1a: Donphan|0 fnt
|faint|p1a: Donphan
|
|win|OldBoy NBA
|c|☆OldBoy NBA|gg
|c|☆refsunpersons|gg
|l|☆refsunpersons
|raw|refsunpersons's rating: 1337 &rarr; <strong>1318</strong><br />(-19 for losing)
|raw|OldBoy NBA's rating: 1350 &rarr; <strong>1369</strong><br />(+19 for winning)
