|j|☆II Armando II
|j|☆Felines
|player|p1|II Armando II|169|1386
|player|p2|Felines|shauntal|1344
|teamsize|p1|6
|teamsize|p2|6
|gametype|singles
|gen|5
|tier|[Gen 5] OU
|rated|
|rule|Sleep Clause Mod: Limit one foe put to sleep
|rule|Species Clause: Limit one of each Pokémon
|rule|OHKO Clause: OHKO moves are banned
|rule|Moody Clause: Moody is banned
|rule|Evasion Moves Clause: Evasion moves are banned
|rule|Endless Battle Clause: Forcing endless battles is banned
|rule|HP Percentage Mod: HP is shown in percentages
|rule|Evasion Abilities Clause: Evasion abilities are banned
|rule|Baton Pass Clause: Limit one Baton Passer, can't pass Spe and other stats simultaneously
|rule|Swagger Clause: Swagger is banned
|clearpoke
|poke|p1|Politoed, M|item
|poke|p1|Jirachi|item
|poke|p1|Kyurem-Black|item
|poke|p1|Thundurus-Therian, M|item
|poke|p1|Donphan, M|item
|poke|p1|Keldeo|item
|poke|p2|Politoed, F|item
|poke|p2|Tentacruel, M|item
|poke|p2|Thundurus-Therian, M|item
|poke|p2|Latios, M|item
|poke|p2|Ferrothorn, F|item
|poke|p2|Toxicroak, M|item
|teampreview
|
|start
|switch|p1a: Kyurem|Kyurem-Black|100/100
|switch|p2a: Too Much|Thundurus-Therian, M|100/100
|-ability|p1a: Kyurem|Teravolt
|turn|1
|
|switch|p1a: Jirachi|Jirachi|100/100
|switch|p2a: Party For One|Ferrothorn, F|100/100
|
|upkeep
|turn|2
|
|switch|p1a: Kyurem|Kyurem-Black|100/100
|-ability|p1a: Kyurem|Teravolt
|move|p2a: Party For One|Stealth Rock|p1a: Kyurem
|-sidestart|p1: II Armando II|move: Stealth Rock
|
|upkeep
|turn|3
|
|move|p1a: Kyurem|Substitute|p1a: Kyurem
|-start|p1a: Kyurem|Substitute
|-damage|p1a: Kyurem|75/100
|move|p2a: Party For One|Leech Seed||[still]
|-fail|p2a: Party For One
|
|-heal|p1a: Kyurem|82/100|[from] item: Leftovers
|upkeep
|turn|4
|
|move|p1a: Kyurem|Ice Beam|p2a: Party For One
|-damage|p2a: Party For One|64/100
|move|p2a: Party For One|Power Whip|p1a: Kyurem
|-resisted|p1a: Kyurem
|-activate|p1a: Kyurem|Substitute|[damage]
|
|-heal|p1a: Kyurem|88/100|[from] item: Leftovers
|-heal|p2a: Party For One|70/100|[from] item: Leftovers
|upkeep
|turn|5
|
|switch|p2a: For Sure|Tentacruel, M|100/100
|move|p1a: Kyurem|Ice Beam|p2a: For Sure
|-resisted|p2a: For Sure
|-damage|p2a: For Sure|81/100
|
|-heal|p1a: Kyurem|94/100|[from] item: Leftovers
|-heal|p2a: For Sure|87/100|[from] item: Black Sludge
|upkeep
|turn|6
|
|move|p2a: For Sure|Protect|p2a: For Sure
|-singleturn|p2a: For Sure|Protect
|move|p1a: Kyurem|Fusion Bolt|p2a: For Sure
|-activate|p2a: For Sure|move: Protect
|
|-heal|p1a: Kyurem|99/100|[from] item: Leftovers
|-heal|p2a: For Sure|93/100|[from] item: Black Sludge
|upkeep
|turn|7
|
|switch|p2a: Party For One|Ferrothorn, F|70/100
|move|p1a: Kyurem|Fusion Bolt|p2a: Party For One
|-resisted|p2a: Party For One
|-damage|p2a: Party For One|58/100
|
|-heal|p1a: Kyurem|100/100|[from] item: Leftovers
|-heal|p2a: Party For One|64/100|[from] item: Leftovers
|upkeep
|turn|8
|
|switch|p2a: For Sure|Tentacruel, M|93/100
|move|p1a: Kyurem|Ice Beam|p2a: For Sure
|-resisted|p2a: For Sure
|-damage|p2a: For Sure|73/100
|
|-heal|p2a: For Sure|79/100|[from] item: Black Sludge
|upkeep
|turn|9
|
|move|p2a: For Sure|Protect|p2a: For Sure
|-singleturn|p2a: For Sure|Protect
|move|p1a: Kyurem|Earth Power|p2a: For Sure
|-activate|p2a: For Sure|move: Protect
|
|-heal|p2a: For Sure|85/100|[from] item: Black Sludge
|upkeep
|turn|10
|
|switch|p2a: Too Much|Thundurus-Therian, M|100/100
|move|p1a: Kyurem|Earth Power|p2a: Too Much
|-immune|p2a: Too Much
|
|upkeep
|turn|11
|
|switch|p2a: For Sure|Tentacruel, M|85/100
|move|p1a: Kyurem|Ice Beam|p2a: For Sure
|-resisted|p2a: For Sure
|-damage|p2a: For Sure|65/100
|
|-heal|p2a: For Sure|71/100|[from] item: Black Sludge
|upkeep
|turn|12
|
|move|p1a: Kyurem|Earth Power|p2a: For Sure
|-supereffective|p2a: For Sure
|-damage|p2a: For Sure|20/100
|move|p2a: For Sure|Scald|p1a: Kyurem
|-resisted|p1a: Kyurem
|-end|p1a: Kyurem|Substitute
|
|-heal|p2a: For Sure|26/100|[from] item: Black Sludge
|upkeep
|turn|13
|
|move|p1a: Kyurem|Substitute|p1a: Kyurem
|-start|p1a: Kyurem|Substitute
|-damage|p1a: Kyurem|75/100
|move|p2a: For Sure|Scald|p1a: Kyurem
|-resisted|p1a: Kyurem
|-activate|p1a: Kyurem|Substitute|[damage]
|
|-heal|p1a: Kyurem|82/100|[from] item: Leftovers
|-heal|p2a: For Sure|32/100|[from] item: Black Sludge
|upkeep
|turn|14
|
|switch|p2a: Too Much|Thundurus-Therian, M|100/100
|move|p1a: Kyurem|Ice Beam|p2a: Too Much
|-supereffective|p2a: Too Much
|-damage|p2a: Too Much|0 fnt
|faint|p2a: Too Much
|
|-heal|p1a: Kyurem|88/100|[from] item: Leftovers
|upkeep
|
|switch|p2a: Julien|Toxicroak, M|100/100
|turn|15
|
|switch|p2a: Happy Not Knowing|Latios, M|100/100
|move|p1a: Kyurem|Earth Power|p2a: Happy Not Knowing
|-damage|p2a: Happy Not Knowing|66/100
|
|-heal|p1a: Kyurem|94/100|[from] item: Leftovers
|upkeep
|turn|16
|
|switch|p2a: I'll Be Your Girl|Politoed, F|100/100
|-weather|RainDance|[from] ability: Drizzle|[of] p2a: I'll Be Your Girl
|move|p1a: Kyurem|Ice Beam|p2a: I'll Be Your Girl
|-resisted|p2a: I'll Be Your Girl
|-damage|p2a: I'll Be Your Girl|79/100
|
|-weather|RainDance|[upkeep]
|-heal|p1a: Kyurem|99/100|[from] item: Leftovers
|-heal|p2a: I'll Be Your Girl|85/100|[from] item: Leftovers
|upkeep
|turn|17
|
|move|p2a: I'll Be Your Girl|Protect|p2a: I'll Be Your Girl
|-singleturn|p2a: I'll Be Your Girl|Protect
|move|p1a: Kyurem|Fusion Bolt|p2a: I'll Be Your Girl
|-activate|p2a: I'll Be Your Girl|move: Protect
|
|-weather|RainDance|[upkeep]
|-heal|p1a: Kyurem|100/100|[from] item: Leftovers
|-heal|p2a: I'll Be Your Girl|92/100|[from] item: Leftovers
|upkeep
|turn|18
|
|move|p1a: Kyurem|Fusion Bolt|p2a: I'll Be Your Girl
|-supereffective|p2a: I'll Be Your Girl
|-damage|p2a: I'll Be Your Girl|40/100
|move|p2a: I'll Be Your Girl|Scald|p1a: Kyurem
|-resisted|p1a: Kyurem
|-end|p1a: Kyurem|Substitute
|
|-weather|RainDance|[upkeep]
|-heal|p2a: I'll Be Your Girl|46/100|[from] item: Leftovers
|upkeep
|turn|19
|
|move|p1a: Kyurem|Substitute|p1a: Kyurem
|-start|p1a: Kyurem|Substitute
|-damage|p1a: Kyurem|75/100
|move|p2a: I'll Be Your Girl|Scald|p1a: Kyurem
|-resisted|p1a: Kyurem
|-activate|p1a: Kyurem|Substitute|[damage]
|
|-weather|RainDance|[upkeep]
|-heal|p1a: Kyurem|82/100|[from] item: Leftovers
|-heal|p2a: I'll Be Your Girl|53/100|[from] item: Leftovers
|upkeep
|turn|20
|
|move|p2a: I'll Be Your Girl|Protect|p2a: I'll Be Your Girl
|-singleturn|p2a: I'll Be Your Girl|Protect
|move|p1a: Kyurem|Fusion Bolt|p2a: I'll Be Your Girl
|-activate|p2a: I'll Be Your Girl|move: Protect
|
|-weather|RainDance|[upkeep]
|-heal|p1a: Kyurem|88/100|[from] item: Leftovers
|-heal|p2a: I'll Be Your Girl|59/100|[from] item: Leftovers
|upkeep
|turn|21
|
|move|p1a: Kyurem|Fusion Bolt|p2a: I'll Be Your Girl
|-supereffective|p2a: I'll Be Your Girl
|-damage|p2a: I'll Be Your Girl|0 fnt
|faint|p2a: I'll Be Your Girl
|
|-weather|RainDance|[upkeep]
|-heal|p1a: Kyurem|94/100|[from] item: Leftovers
|upkeep
|
|switch|p2a: Julien|Toxicroak, M|100/100
|turn|22
|
|move|p2a: Julien|Sucker Punch|p1a: Kyurem
|-end|p1a: Kyurem|Substitute
|move|p1a: Kyurem|Earth Power|p2a: Julien
|-supereffective|p2a: Julien
|-damage|p2a: Julien|0 fnt
|faint|p2a: Julien
|
|-weather|RainDance|[upkeep]
|-heal|p1a: Kyurem|99/100|[from] item: Leftovers
|upkeep
|
|switch|p2a: Happy Not Knowing|Latios, M|66/100
|turn|23
|
|switch|p1a: Jirachi|Jirachi|100/100
|-damage|p1a: Jirachi|94/100|[from] Stealth Rock
|move|p2a: Happy Not Knowing|Draco Meteor|p1a: Jirachi
|-resisted|p1a: Jirachi
|-damage|p1a: Jirachi|71/100
|-unboost|p2a: Happy Not Knowing|spa|2
|
|-weather|RainDance|[upkeep]
|-heal|p1a: Jirachi|77/100|[from] item: Leftovers
|upkeep
|turn|24
|
|switch|p2a: Party For One|Ferrothorn, F|64/100
|switch|p1a: Kyurem|Kyurem-Black|99/100
|-damage|p1a: Kyurem|75/100|[from] Stealth Rock
|-ability|p1a: Kyurem|Teravolt
|
|-weather|RainDance|[upkeep]
|-heal|p1a: Kyurem|81/100|[from] item: Leftovers
|-heal|p2a: Party For One|71/100|[from] item: Leftovers
|upkeep
|turn|25
|-message|Felines forfeited.
|
|win|II Armando II
|l|☆Felines
|raw|II Armando II's rating: 1386 &rarr; <strong>1404</strong><br />(+18 for winning)
|raw|Felines's rating: 1345 &rarr; <strong>1327</strong><br />(-18 for losing)
