|j|☆phosphor
|j|☆nov.rain
|t:|1739769463
|gametype|singles
|player|p1|phosphor|#phosphor|1479
|player|p2|nov.rain|170|1437
|teamsize|p1|6
|teamsize|p2|6
|gen|5
|tier|[Gen 5] OU
|rated|
|rule|Species Clause: Limit one of each Pokémon
|rule|OHKO Clause: OHKO moves are banned
|rule|Moody Clause: Moody is banned
|rule|Evasion Items Clause: Evasion items are banned
|rule|Evasion Moves Clause: Evasion moves are banned
|rule|Endless Battle Clause: Forcing endless battles is banned
|rule|HP Percentage Mod: HP is shown in percentages
|rule|Evasion Abilities Clause: Evasion abilities are banned
|rule|Sleep Moves Clause: Sleep-inducing moves are banned
|rule|Swagger Clause: Swagger is banned
|rule|Baton Pass Stat Clause: No Baton Passer may have a way to boost its stats
|clearpoke
|poke|p1|Tyranitar, M|item
|poke|p1|Blissey, F|item
|poke|p1|Skarmory, M|item
|poke|p1|Excadrill, F|item
|poke|p1|Gastrodon, M|item
|poke|p1|Reuniclus, M|item
|poke|p2|Tyranitar, F|item
|poke|p2|Landorus-Therian, M|item
|poke|p2|Keldeo-Resolute|item
|poke|p2|Ferrothorn, M|item
|poke|p2|Mienshao, F|item
|poke|p2|Rotom-Wash|item
|teampreview
|c|☆phosphor|Gl hf
|c|☆nov.rain|gl hf
|inactive|Battle timer is ON: inactive players will automatically lose when time's up. (requested by nov.rain)
|j| find jjj
|inactive|phosphor has 120 seconds left.
|
|t:|1739769532
|start
|switch|p1a: Skarmory|Skarmory, M|100/100
|switch|p2a: Dir-T Laund-Ri|Rotom-Wash|100/100
|turn|1
|j| eden
|
|t:|1739769544
|switch|p1a: Blissey|Blissey, F|100/100
|move|p2a: Dir-T Laund-Ri|Volt Switch|p1a: Blissey
|-damage|p1a: Blissey|89/100
|
|t:|1739769551
|switch|p2a: Dick-head|Keldeo-Resolute|100/100|[from] Volt Switch
|
|-heal|p1a: Blissey|95/100|[from] item: Leftovers
|upkeep
|turn|2
|
|t:|1739769562
|switch|p1a: Gastrodon|Gastrodon, M|100/100
|move|p2a: Dick-head|Substitute|p2a: Dick-head
|-start|p2a: Dick-head|Substitute
|-damage|p2a: Dick-head|75/100
|
|-heal|p2a: Dick-head|82/100|[from] item: Leftovers
|upkeep
|turn|3
|
|t:|1739769571
|switch|p1a: Reuniclus|Reuniclus, M|100/100
|move|p2a: Dick-head|Hidden Power|p1a: Reuniclus
|-damage|p1a: Reuniclus|78/100
|
|-heal|p2a: Dick-head|88/100|[from] item: Leftovers
|upkeep
|turn|4
|
|t:|1739769598
|move|p2a: Dick-head|Scald|p1a: Reuniclus
|-damage|p1a: Reuniclus|38/100
|-enditem|p1a: Reuniclus|Sitrus Berry|[eat]
|-heal|p1a: Reuniclus|63/100|[from] item: Sitrus Berry
|move|p1a: Reuniclus|Focus Blast|p2a: Dick-head
|-end|p2a: Dick-head|Substitute
|
|-heal|p2a: Dick-head|94/100|[from] item: Leftovers
|upkeep
|turn|5
|j| 4Taylor
|inactive|phosphor has 120 seconds left.
|
|t:|1739769623
|switch|p2a: Ol' Puss|Landorus-Therian, M|100/100
|-ability|p2a: Ol' Puss|Intimidate|boost
|-unboost|p1a: Reuniclus|atk|1
|move|p1a: Reuniclus|Recover|p1a: Reuniclus
|-heal|p1a: Reuniclus|100/100
|
|upkeep
|turn|6
|
|t:|1739769647
|switch|p1a: Skarmory|Skarmory, M|100/100
|move|p2a: Ol' Puss|U-turn|p1a: Skarmory
|-resisted|p1a: Skarmory
|-damage|p1a: Skarmory|97/100
|-damage|p2a: Ol' Puss|84/100|[from] item: Rocky Helmet|[of] p1a: Skarmory
|
|t:|1739769658
|switch|p2a: Balls|Ferrothorn, M, shiny|100/100|[from] U-turn
|
|upkeep
|turn|7
|
|t:|1739769664
|move|p1a: Skarmory|Taunt|p2a: Balls
|-start|p2a: Balls|move: Taunt
|cant|p2a: Balls|move: Taunt|Stealth Rock
|
|upkeep
|turn|8
|
|t:|1739769674
|switch|p2a: Dir-T Laund-Ri|Rotom-Wash|100/100
|move|p1a: Skarmory|Spikes|p2a: Dir-T Laund-Ri
|-sidestart|p2: nov.rain|Spikes
|
|upkeep
|turn|9
|
|t:|1739769686
|switch|p1a: Gastrodon|Gastrodon, M|100/100
|move|p2a: Dir-T Laund-Ri|Hidden Power|p1a: Gastrodon
|-damage|p1a: Gastrodon|78/100
|
|-heal|p1a: Gastrodon|84/100|[from] item: Leftovers
|upkeep
|turn|10
|
|t:|1739769693
|switch|p2a: Balls|Ferrothorn, M, shiny|100/100
|-damage|p2a: Balls|88/100|[from] Spikes
|switch|p1a: Blissey|Blissey, F|95/100
|
|-heal|p1a: Blissey|100/100|[from] item: Leftovers
|upkeep
|turn|11
|
|t:|1739769701
|move|p1a: Blissey|Stealth Rock|p2a: Balls
|-sidestart|p2: nov.rain|move: Stealth Rock
|move|p2a: Balls|Stealth Rock|p1a: Blissey
|-sidestart|p1: phosphor|move: Stealth Rock
|
|upkeep
|turn|12
|
|t:|1739769709
|switch|p1a: Reuniclus|Reuniclus, M|100/100
|switch|p2a: Dick-head|Keldeo-Resolute|94/100
|-damage|p2a: Dick-head|82/100|[from] Spikes
|-damage|p2a: Dick-head|75/100|[from] Stealth Rock
|
|-heal|p2a: Dick-head|82/100|[from] item: Leftovers
|upkeep
|turn|13
|l| find jjj
|
|t:|1739769729
|switch|p2a: Dir-T Laund-Ri|Rotom-Wash|100/100
|-damage|p2a: Dir-T Laund-Ri|88/100|[from] Stealth Rock
|move|p1a: Reuniclus|Focus Blast|p2a: Dir-T Laund-Ri
|-damage|p2a: Dir-T Laund-Ri|46/100
|
|upkeep
|turn|14
|inactive|phosphor has 120 seconds left.
|
|t:|1739769758
|switch|p1a: Tyranitar|Tyranitar, M|100/100
|-damage|p1a: Tyranitar|88/100|[from] Stealth Rock
|-weather|Sandstorm|[from] ability: Sand Stream|[of] p1a: Tyranitar
|move|p2a: Dir-T Laund-Ri|Trick|p1a: Tyranitar
|-activate|p2a: Dir-T Laund-Ri|move: Trick|[of] p1a: Tyranitar
|-item|p1a: Tyranitar|Choice Scarf|[from] move: Trick
|-item|p2a: Dir-T Laund-Ri|Chople Berry|[from] move: Trick
|
|-weather|Sandstorm|[upkeep]
|-damage|p2a: Dir-T Laund-Ri|40/100|[from] Sandstorm
|upkeep
|turn|15
|
|t:|1739769766
|move|p2a: Dir-T Laund-Ri|Volt Switch|p1a: Tyranitar
|-damage|p1a: Tyranitar|70/100
|-activate|p2a: Dir-T Laund-Ri|move: Pursuit
|move|p1a: Tyranitar|Pursuit|p2a: Dir-T Laund-Ri|[from] Pursuit
|-damage|p2a: Dir-T Laund-Ri|0 fnt
|faint|p2a: Dir-T Laund-Ri
|
|-weather|Sandstorm|[upkeep]
|upkeep
|
|t:|1739769770
|switch|p2a: Dick-head|Keldeo-Resolute|82/100
|-damage|p2a: Dick-head|69/100|[from] Spikes
|-damage|p2a: Dick-head|63/100|[from] Stealth Rock
|turn|16
|
|t:|1739769788
|switch|p1a: Reuniclus|Reuniclus, M|100/100
|move|p2a: Dick-head|Secret Sword|p1a: Reuniclus
|-resisted|p1a: Reuniclus
|-crit|p1a: Reuniclus
|-damage|p1a: Reuniclus|71/100
|
|-weather|Sandstorm|[upkeep]
|-damage|p2a: Dick-head|57/100|[from] Sandstorm
|-heal|p2a: Dick-head|63/100|[from] item: Leftovers
|upkeep
|turn|17
|
|t:|1739769793
|move|p2a: Dick-head|Scald|p1a: Reuniclus
|-damage|p1a: Reuniclus|35/100
|move|p1a: Reuniclus|Recover|p1a: Reuniclus
|-heal|p1a: Reuniclus|85/100
|
|-weather|Sandstorm|[upkeep]
|-damage|p2a: Dick-head|57/100|[from] Sandstorm
|-heal|p2a: Dick-head|63/100|[from] item: Leftovers
|upkeep
|turn|18
|
|t:|1739769804
|switch|p2a: Balls|Ferrothorn, M, shiny|88/100
|-damage|p2a: Balls|75/100|[from] Spikes
|-damage|p2a: Balls|69/100|[from] Stealth Rock
|move|p1a: Reuniclus|Focus Blast|p2a: Balls
|-supereffective|p2a: Balls
|-damage|p2a: Balls|12/100
|
|-weather|Sandstorm|[upkeep]
|upkeep
|turn|19
|
|t:|1739769813
|move|p1a: Reuniclus|Calm Mind|p1a: Reuniclus
|-boost|p1a: Reuniclus|spa|1
|-boost|p1a: Reuniclus|spd|1
|move|p2a: Balls|Thunder Wave|p1a: Reuniclus
|-status|p1a: Reuniclus|par
|
|-weather|Sandstorm|[upkeep]
|upkeep
|turn|20
|
|t:|1739769816
|switch|p2a: Ol' Puss|Landorus-Therian, M|84/100
|-damage|p2a: Ol' Puss|71/100|[from] Stealth Rock
|-ability|p2a: Ol' Puss|Intimidate|boost
|-unboost|p1a: Reuniclus|atk|1
|move|p1a: Reuniclus|Recover|p1a: Reuniclus
|-heal|p1a: Reuniclus|100/100 par
|
|-weather|Sandstorm|[upkeep]
|upkeep
|turn|21
|
|t:|1739769819
|move|p2a: Ol' Puss|U-turn|p1a: Reuniclus
|-supereffective|p1a: Reuniclus
|-damage|p1a: Reuniclus|63/100 par
|
|t:|1739769826
|switch|p2a: Original Sin|Mienshao, F, shiny|100/100|[from] U-turn
|-damage|p2a: Original Sin|88/100|[from] Spikes
|-damage|p2a: Original Sin|82/100|[from] Stealth Rock
|move|p1a: Reuniclus|Recover|p1a: Reuniclus
|-heal|p1a: Reuniclus|100/100 par
|
|-weather|Sandstorm|[upkeep]
|-damage|p2a: Original Sin|75/100|[from] Sandstorm
|upkeep
|turn|22
|
|t:|1739769835
|move|p2a: Original Sin|U-turn|p1a: Reuniclus
|-supereffective|p1a: Reuniclus
|-damage|p1a: Reuniclus|64/100 par
|
|t:|1739769841
|switch|p2a: Balls|Ferrothorn, M, shiny|12/100|[from] U-turn
|-damage|p2a: Balls|0 fnt|[from] Spikes
|faint|p2a: Balls
|move|p1a: Reuniclus|Focus Blast|p2: Balls|[notarget]
|-fail|p1a: Reuniclus
|
|-weather|Sandstorm|[upkeep]
|upkeep
|
|t:|1739769844
|switch|p2a: Tina|Tyranitar, F, shiny|100/100
|-damage|p2a: Tina|88/100|[from] Spikes
|-damage|p2a: Tina|75/100|[from] Stealth Rock
|turn|23
|
|t:|1739769854
|move|p2a: Tina|Crunch|p1a: Reuniclus
|-supereffective|p1a: Reuniclus
|-crit|p1a: Reuniclus
|-damage|p1a: Reuniclus|0 fnt
|faint|p1a: Reuniclus
|
|-weather|Sandstorm|[upkeep]
|upkeep
|
|t:|1739769858
|switch|p1a: Excadrill|Excadrill, F|100/100
|-damage|p1a: Excadrill|98/100|[from] Stealth Rock
|-ability|p1a: Excadrill|Mold Breaker
|turn|24
|
|t:|1739769862
|switch|p2a: Ol' Puss|Landorus-Therian, M|71/100
|-damage|p2a: Ol' Puss|59/100|[from] Stealth Rock
|-ability|p2a: Ol' Puss|Intimidate|boost
|-unboost|p1a: Excadrill|atk|1
|move|p1a: Excadrill|Substitute|p1a: Excadrill
|-start|p1a: Excadrill|Substitute
|-damage|p1a: Excadrill|73/100
|
|-weather|Sandstorm|[upkeep]
|-heal|p1a: Excadrill|79/100|[from] item: Leftovers
|upkeep
|turn|25
|
|t:|1739769869
|move|p2a: Ol' Puss|Earthquake|p1a: Excadrill
|-supereffective|p1a: Excadrill
|-end|p1a: Excadrill|Substitute
|move|p1a: Excadrill|Toxic|p2a: Ol' Puss
|-status|p2a: Ol' Puss|tox
|
|-weather|Sandstorm|[upkeep]
|-heal|p1a: Excadrill|85/100|[from] item: Leftovers
|-damage|p2a: Ol' Puss|53/100 tox|[from] psn
|upkeep
|turn|26
|
|t:|1739769875
|switch|p1a: Skarmory|Skarmory, M|97/100
|-damage|p1a: Skarmory|84/100|[from] Stealth Rock
|move|p2a: Ol' Puss|Earthquake|p1a: Skarmory
|-immune|p1a: Skarmory
|
|-weather|Sandstorm|[upkeep]
|-damage|p2a: Ol' Puss|40/100 tox|[from] psn
|upkeep
|turn|27
|
|t:|1739769886
|switch|p2a: Dick-head|Keldeo-Resolute|63/100
|-damage|p2a: Dick-head|51/100|[from] Spikes
|-damage|p2a: Dick-head|45/100|[from] Stealth Rock
|move|p1a: Skarmory|Spikes|p2a: Dick-head
|-sidestart|p2: nov.rain|Spikes
|
|-weather|Sandstorm|[upkeep]
|-damage|p2a: Dick-head|38/100|[from] Sandstorm
|-heal|p2a: Dick-head|45/100|[from] item: Leftovers
|upkeep
|turn|28
|
|t:|1739769892
|move|p2a: Dick-head|Scald|p1a: Skarmory
|-damage|p1a: Skarmory|29/100
|move|p1a: Skarmory|Brave Bird|p2a: Dick-head
|-supereffective|p2a: Dick-head
|-damage|p2a: Dick-head|0 fnt
|faint|p2a: Dick-head
|-damage|p1a: Skarmory|15/100|[from] Recoil
|
|-weather|Sandstorm|[upkeep]
|upkeep
|
|t:|1739769902
|switch|p2a: Original Sin|Mienshao, F, shiny|100/100
|-damage|p2a: Original Sin|84/100|[from] Spikes
|-damage|p2a: Original Sin|78/100|[from] Stealth Rock
|turn|29
|
|t:|1739769924
|move|p2a: Original Sin|High Jump Kick|p1a: Skarmory
|-crit|p1a: Skarmory
|-damage|p1a: Skarmory|0 fnt
|-damage|p2a: Original Sin|61/100|[from] item: Rocky Helmet|[of] p1a: Skarmory
|faint|p1a: Skarmory
|
|-weather|Sandstorm|[upkeep]
|-damage|p2a: Original Sin|55/100|[from] Sandstorm
|upkeep
|
|t:|1739769928
|switch|p1a: Gastrodon|Gastrodon, M|84/100
|-damage|p1a: Gastrodon|78/100|[from] Stealth Rock
|turn|30
|
|t:|1739769936
|move|p2a: Original Sin|High Jump Kick|p1a: Gastrodon
|-damage|p1a: Gastrodon|26/100
|move|p1a: Gastrodon|Scald|p2a: Original Sin
|-damage|p2a: Original Sin|7/100
|-status|p2a: Original Sin|brn
|
|-weather|Sandstorm|[upkeep]
|-damage|p2a: Original Sin|1/100 brn|[from] Sandstorm
|-heal|p1a: Gastrodon|32/100|[from] item: Leftovers
|-damage|p2a: Original Sin|0 fnt|[from] brn
|faint|p2a: Original Sin
|upkeep
|
|t:|1739769940
|switch|p2a: Ol' Puss|Landorus-Therian, M|40/100 tox
|-damage|p2a: Ol' Puss|28/100 tox|[from] Stealth Rock
|-ability|p2a: Ol' Puss|Intimidate|boost
|-unboost|p1a: Gastrodon|atk|1
|turn|31
|
|t:|1739769952
|switch|p1a: Tyranitar|Tyranitar, M|70/100
|-damage|p1a: Tyranitar|58/100|[from] Stealth Rock
|move|p2a: Ol' Puss|Earthquake|p1a: Tyranitar
|-supereffective|p1a: Tyranitar
|-damage|p1a: Tyranitar|0 fnt
|faint|p1a: Tyranitar
|
|-weather|Sandstorm|[upkeep]
|-damage|p2a: Ol' Puss|21/100 tox|[from] psn
|upkeep
|
|t:|1739769966
|switch|p1a: Blissey|Blissey, F|100/100
|-damage|p1a: Blissey|88/100|[from] Stealth Rock
|turn|32
|
|t:|1739769973
|switch|p2a: Tina|Tyranitar, F, shiny|75/100
|-damage|p2a: Tina|59/100|[from] Spikes
|-damage|p2a: Tina|46/100|[from] Stealth Rock
|move|p1a: Blissey|Soft-Boiled|p1a: Blissey
|-heal|p1a: Blissey|100/100
|
|-weather|Sandstorm|[upkeep]
|-damage|p1a: Blissey|94/100|[from] Sandstorm
|-heal|p1a: Blissey|100/100|[from] item: Leftovers
|upkeep
|turn|33
|
|t:|1739769983
|move|p2a: Tina|Crunch|p1a: Blissey
|-damage|p1a: Blissey|66/100
|move|p1a: Blissey|Soft-Boiled|p1a: Blissey
|-heal|p1a: Blissey|100/100
|
|-weather|Sandstorm|[upkeep]
|-damage|p1a: Blissey|94/100|[from] Sandstorm
|-heal|p1a: Blissey|100/100|[from] item: Leftovers
|upkeep
|turn|34
|c|☆nov.rain|can i ask why you pulled the tyranitar on my rotom?
|inactive|nov.rain has 120 seconds left.
|
|t:|1739770017
|move|p2a: Tina|Crunch|p1a: Blissey
|-damage|p1a: Blissey|68/100
|move|p1a: Blissey|Toxic|p2a: Tina
|-status|p2a: Tina|tox
|
|-weather|Sandstorm|[upkeep]
|-damage|p1a: Blissey|62/100|[from] Sandstorm
|-heal|p1a: Blissey|68/100|[from] item: Leftovers
|-damage|p2a: Tina|40/100 tox|[from] psn
|upkeep
|turn|35
|
|t:|1739770021
|move|p2a: Tina|Crunch|p1a: Blissey
|-damage|p1a: Blissey|33/100
|move|p1a: Blissey|Soft-Boiled|p1a: Blissey
|-heal|p1a: Blissey|83/100
|
|-weather|Sandstorm|[upkeep]
|-damage|p1a: Blissey|77/100|[from] Sandstorm
|-heal|p1a: Blissey|83/100|[from] item: Leftovers
|-damage|p2a: Tina|28/100 tox|[from] psn
|upkeep
|turn|36
|
|t:|1739770024
|move|p2a: Tina|Crunch|p1a: Blissey
|-damage|p1a: Blissey|46/100
|move|p1a: Blissey|Soft-Boiled|p1a: Blissey
|-heal|p1a: Blissey|97/100
|
|-weather|Sandstorm|[upkeep]
|-damage|p1a: Blissey|90/100|[from] Sandstorm
|-heal|p1a: Blissey|97/100|[from] item: Leftovers
|-damage|p2a: Tina|9/100 tox|[from] psn
|upkeep
|turn|37
|
|t:|1739770028
|move|p2a: Tina|Crunch|p1a: Blissey
|-damage|p1a: Blissey|64/100
|move|p1a: Blissey|Seismic Toss|p2a: Tina
|-damage|p2a: Tina|0 fnt
|faint|p2a: Tina
|
|-weather|Sandstorm|[upkeep]
|-damage|p1a: Blissey|57/100|[from] Sandstorm
|-heal|p1a: Blissey|64/100|[from] item: Leftovers
|upkeep
|
|t:|1739770031
|switch|p2a: Ol' Puss|Landorus-Therian, M|21/100 tox
|-damage|p2a: Ol' Puss|9/100 tox|[from] Stealth Rock
|-ability|p2a: Ol' Puss|Intimidate|boost
|-unboost|p1a: Blissey|atk|1
|turn|38
|
|t:|1739770033
|move|p2a: Ol' Puss|Earthquake|p1a: Blissey
|-damage|p1a: Blissey|15/100
|move|p1a: Blissey|Soft-Boiled|p1a: Blissey
|-heal|p1a: Blissey|65/100
|
|-weather|Sandstorm|[upkeep]
|-damage|p1a: Blissey|59/100|[from] Sandstorm
|-heal|p1a: Blissey|65/100|[from] item: Leftovers
|-damage|p2a: Ol' Puss|3/100 tox|[from] psn
|upkeep
|turn|39
|
|t:|1739770036
|move|p2a: Ol' Puss|Earthquake|p1a: Blissey
|-damage|p1a: Blissey|13/100
|move|p1a: Blissey|Soft-Boiled|p1a: Blissey
|-heal|p1a: Blissey|63/100
|
|-weather|Sandstorm|[upkeep]
|-damage|p1a: Blissey|57/100|[from] Sandstorm
|-heal|p1a: Blissey|63/100|[from] item: Leftovers
|-damage|p2a: Ol' Puss|0 fnt|[from] psn
|faint|p2a: Ol' Puss
|
|win|phosphor
|upkeep
|raw|phosphor's rating: 1479 &rarr; <strong>1497</strong><br />(+18 for winning)
|raw|nov.rain's rating: 1437 &rarr; <strong>1419</strong><br />(-18 for losing)
|c|☆phosphor|Gg
|l|☆phosphor
|player|p1|
|l|☆nov.rain
|player|p2|
|j|☆phosphor
|player|p1|phosphor|#phosphor|
