|j|☆Primary Trout
|j|☆ImaginewasTaken
|t:|1715966946
|gametype|singles
|player|p1|Primary Trout|koga|1447
|player|p2|ImaginewasTaken|n|1355
|teamsize|p1|6
|teamsize|p2|6
|gen|5
|tier|[Gen 5] OU
|rated|
|rule|Species Clause: Limit one of each Pokémon
|rule|OHKO Clause: OHKO moves are banned
|rule|Moody Clause: Moody is banned
|rule|Evasion Items Clause: Evasion items are banned
|rule|Evasion Moves Clause: Evasion moves are banned
|rule|Endless Battle Clause: Forcing endless battles is banned
|rule|HP Percentage Mod: HP is shown in percentages
|rule|Evasion Abilities Clause: Evasion abilities are banned
|rule|Sleep Moves Clause: Sleep-inducing moves are banned
|rule|Swagger Clause: Swagger is banned
|rule|Baton Pass Stat Clause: No Baton Passer may have a way to boost its stats
|clearpoke
|poke|p1|Politoed, M|item
|poke|p1|Bronzong|item
|poke|p1|Tentacruel, F|item
|poke|p1|Jirachi|item
|poke|p1|Gliscor, F|item
|poke|p1|Ferrothorn, F|item
|poke|p2|Hippowdon, F|item
|poke|p2|Alakazam, M|item
|poke|p2|Breloom, F|item
|poke|p2|Ferrothorn, F|item
|poke|p2|Excadrill, F|item
|poke|p2|Gastrodon-East, M|item
|teampreview
|inactive|Battle timer is ON: inactive players will automatically lose when time's up. (requested by Primary Trout)
|inactive|Primary Trout has 120 seconds left.
|
|t:|1715966999
|start
|switch|p1a: Bronzong|Bronzong|100/100
|switch|p2a: P.O.W.|Hippowdon, F|100/100
|-weather|Sandstorm|[from] ability: Sand Stream|[of] p2a: P.O.W.
|turn|1
|
|t:|1715967006
|move|p2a: P.O.W.|Stealth Rock|p1a: Bronzong
|-sidestart|p1: Primary Trout|move: Stealth Rock
|move|p1a: Bronzong|Toxic|p2a: P.O.W.
|-status|p2a: P.O.W.|tox
|
|-weather|Sandstorm|[upkeep]
|-damage|p2a: P.O.W.|94/100 tox|[from] psn
|upkeep
|turn|2
|
|t:|1715967013
|move|p1a: Bronzong|Stealth Rock|p2a: P.O.W.
|-sidestart|p2: ImaginewasTaken|move: Stealth Rock
|move|p2a: P.O.W.|Whirlwind|p1a: Bronzong
|drag|p1a: Gliscor|Gliscor, F|100/100
|-damage|p1a: Gliscor|88/100|[from] Stealth Rock
|
|-weather|Sandstorm|[upkeep]
|-heal|p2a: P.O.W.|100/100 tox|[from] item: Leftovers
|-damage|p2a: P.O.W.|88/100 tox|[from] psn
|-status|p1a: Gliscor|tox|[from] item: Toxic Orb
|upkeep
|turn|3
|
|t:|1715967018
|move|p1a: Gliscor|Ice Fang|p2a: P.O.W.
|-supereffective|p2a: P.O.W.
|-damage|p2a: P.O.W.|69/100 tox
|move|p2a: P.O.W.|Whirlwind|p1a: Gliscor
|drag|p1a: Bronzong|Bronzong|100/100
|-damage|p1a: Bronzong|94/100|[from] Stealth Rock
|
|-weather|Sandstorm|[upkeep]
|-heal|p2a: P.O.W.|75/100 tox|[from] item: Leftovers
|-heal|p1a: Bronzong|100/100|[from] item: Leftovers
|-damage|p2a: P.O.W.|56/100 tox|[from] psn
|upkeep
|turn|4
|
|t:|1715967025
|switch|p2a: RIP freaky-chomp|Ferrothorn, F|100/100
|-damage|p2a: RIP freaky-chomp|94/100|[from] Stealth Rock
|move|p1a: Bronzong|Hidden Power|p2a: RIP freaky-chomp
|-damage|p2a: RIP freaky-chomp|85/100
|
|-weather|Sandstorm|[upkeep]
|-heal|p2a: RIP freaky-chomp|91/100|[from] item: Leftovers
|upkeep
|turn|5
|
|t:|1715967028
|switch|p1a: Politoed|Politoed, M|100/100
|-damage|p1a: Politoed|88/100|[from] Stealth Rock
|-weather|RainDance|[from] ability: Drizzle|[of] p1a: Politoed
|move|p2a: RIP freaky-chomp|Spikes|p1a: Politoed
|-sidestart|p1: Primary Trout|Spikes
|
|-weather|RainDance|[upkeep]
|-heal|p1a: Politoed|94/100|[from] item: Leftovers
|-heal|p2a: RIP freaky-chomp|97/100|[from] item: Leftovers
|upkeep
|turn|6
|
|t:|1715967035
|move|p1a: Politoed|Scald|p2a: RIP freaky-chomp
|-resisted|p2a: RIP freaky-chomp
|-damage|p2a: RIP freaky-chomp|83/100
|move|p2a: RIP freaky-chomp|Leech Seed|p1a: Politoed
|-start|p1a: Politoed|move: Leech Seed
|
|-weather|RainDance|[upkeep]
|-heal|p1a: Politoed|100/100|[from] item: Leftovers
|-heal|p2a: RIP freaky-chomp|89/100|[from] item: Leftovers
|-damage|p1a: Politoed|88/100|[from] Leech Seed|[of] p2a: RIP freaky-chomp
|-heal|p2a: RIP freaky-chomp|100/100|[silent]
|upkeep
|turn|7
|
|t:|1715967038
|switch|p1a: Tentacruel|Tentacruel, F|100/100
|-damage|p1a: Tentacruel|88/100|[from] Stealth Rock
|-damage|p1a: Tentacruel|76/100|[from] Spikes
|move|p2a: RIP freaky-chomp|Spikes|p1a: Tentacruel
|-sidestart|p1: Primary Trout|Spikes
|
|-weather|RainDance|[upkeep]
|-heal|p1a: Tentacruel|82/100|[from] ability: Rain Dish
|-heal|p1a: Tentacruel|88/100|[from] item: Black Sludge
|upkeep
|turn|8
|
|t:|1715967044
|move|p1a: Tentacruel|Rapid Spin|p2a: RIP freaky-chomp
|-resisted|p2a: RIP freaky-chomp
|-damage|p2a: RIP freaky-chomp|99/100
|-damage|p1a: Tentacruel|75/100|[from] ability: Iron Barbs|[of] p2a: RIP freaky-chomp
|-sideend|p1: Primary Trout|Spikes|[from] move: Rapid Spin|[of] p1a: Tentacruel
|-sideend|p1: Primary Trout|Stealth Rock|[from] move: Rapid Spin|[of] p1a: Tentacruel
|move|p2a: RIP freaky-chomp|Leech Seed|p1a: Tentacruel
|-start|p1a: Tentacruel|move: Leech Seed
|
|-weather|RainDance|[upkeep]
|-heal|p1a: Tentacruel|82/100|[from] ability: Rain Dish
|-heal|p1a: Tentacruel|88/100|[from] item: Black Sludge
|-heal|p2a: RIP freaky-chomp|100/100|[from] item: Leftovers
|-damage|p1a: Tentacruel|75/100|[from] Leech Seed|[of] p2a: RIP freaky-chomp
|upkeep
|turn|9
|
|t:|1715967047
|move|p1a: Tentacruel|Toxic Spikes|p2a: RIP freaky-chomp
|-sidestart|p2: ImaginewasTaken|move: Toxic Spikes
|move|p2a: RIP freaky-chomp|Spikes|p1a: Tentacruel
|-sidestart|p1: Primary Trout|Spikes
|
|-weather|RainDance|[upkeep]
|-heal|p1a: Tentacruel|81/100|[from] ability: Rain Dish
|-heal|p1a: Tentacruel|87/100|[from] item: Black Sludge
|-damage|p1a: Tentacruel|75/100|[from] Leech Seed|[of] p2a: RIP freaky-chomp
|upkeep
|turn|10
|
|t:|1715967049
|move|p1a: Tentacruel|Scald|p2a: RIP freaky-chomp
|-resisted|p2a: RIP freaky-chomp
|-damage|p2a: RIP freaky-chomp|87/100
|move|p2a: RIP freaky-chomp|Spikes|p1a: Tentacruel
|-sidestart|p1: Primary Trout|Spikes
|
|-weather|RainDance|[upkeep]
|-heal|p1a: Tentacruel|81/100|[from] ability: Rain Dish
|-heal|p1a: Tentacruel|87/100|[from] item: Black Sludge
|-heal|p2a: RIP freaky-chomp|94/100|[from] item: Leftovers
|-damage|p1a: Tentacruel|75/100|[from] Leech Seed|[of] p2a: RIP freaky-chomp
|-heal|p2a: RIP freaky-chomp|100/100|[silent]
|upkeep
|turn|11
|
|t:|1715967053
|move|p1a: Tentacruel|Rapid Spin|p2a: RIP freaky-chomp
|-resisted|p2a: RIP freaky-chomp
|-damage|p2a: RIP freaky-chomp|99/100
|-damage|p1a: Tentacruel|62/100|[from] ability: Iron Barbs|[of] p2a: RIP freaky-chomp
|-end|p1a: Tentacruel|Leech Seed|[from] move: Rapid Spin|[of] p1a: Tentacruel
|-sideend|p1: Primary Trout|Spikes|[from] move: Rapid Spin|[of] p1a: Tentacruel
|move|p2a: RIP freaky-chomp|Gyro Ball|p1a: Tentacruel
|-resisted|p1a: Tentacruel
|-damage|p1a: Tentacruel|41/100
|
|-weather|RainDance|[upkeep]
|-heal|p1a: Tentacruel|47/100|[from] ability: Rain Dish
|-heal|p1a: Tentacruel|53/100|[from] item: Black Sludge
|-heal|p2a: RIP freaky-chomp|100/100|[from] item: Leftovers
|upkeep
|turn|12
|
|t:|1715967060
|move|p1a: Tentacruel|Scald|p2a: RIP freaky-chomp
|-resisted|p2a: RIP freaky-chomp
|-damage|p2a: RIP freaky-chomp|88/100
|move|p2a: RIP freaky-chomp|Leech Seed|p1a: Tentacruel
|-start|p1a: Tentacruel|move: Leech Seed
|
|-weather|RainDance|[upkeep]
|-heal|p1a: Tentacruel|59/100|[from] ability: Rain Dish
|-heal|p1a: Tentacruel|65/100|[from] item: Black Sludge
|-heal|p2a: RIP freaky-chomp|94/100|[from] item: Leftovers
|-damage|p1a: Tentacruel|53/100|[from] Leech Seed|[of] p2a: RIP freaky-chomp
|-heal|p2a: RIP freaky-chomp|100/100|[silent]
|upkeep
|turn|13
|
|t:|1715967065
|move|p1a: Tentacruel|Scald|p2a: RIP freaky-chomp
|-resisted|p2a: RIP freaky-chomp
|-damage|p2a: RIP freaky-chomp|87/100
|move|p2a: RIP freaky-chomp|Gyro Ball|p1a: Tentacruel
|-resisted|p1a: Tentacruel
|-damage|p1a: Tentacruel|32/100
|
|-weather|RainDance|[upkeep]
|-heal|p1a: Tentacruel|38/100|[from] ability: Rain Dish
|-heal|p1a: Tentacruel|44/100|[from] item: Black Sludge
|-heal|p2a: RIP freaky-chomp|93/100|[from] item: Leftovers
|-damage|p1a: Tentacruel|31/100|[from] Leech Seed|[of] p2a: RIP freaky-chomp
|-heal|p2a: RIP freaky-chomp|100/100|[silent]
|upkeep
|turn|14
|
|t:|1715967073
|switch|p1a: Gliscor|Gliscor, F|88/100 tox
|move|p2a: RIP freaky-chomp|Spikes|p1a: Gliscor
|-sidestart|p1: Primary Trout|Spikes
|
|-weather|RainDance|[upkeep]
|-heal|p1a: Gliscor|100/100 tox|[from] ability: Poison Heal
|upkeep
|turn|15
|
|t:|1715967077
|move|p1a: Gliscor|Substitute|p1a: Gliscor
|-start|p1a: Gliscor|Substitute
|-damage|p1a: Gliscor|76/100 tox
|move|p2a: RIP freaky-chomp|Leech Seed||[still]
|-fail|p2a: RIP freaky-chomp
|
|-weather|RainDance|[upkeep]
|-heal|p1a: Gliscor|88/100 tox|[from] ability: Poison Heal
|upkeep
|turn|16
|
|t:|1715967083
|move|p1a: Gliscor|Earthquake|p2a: RIP freaky-chomp
|-damage|p2a: RIP freaky-chomp|78/100
|move|p2a: RIP freaky-chomp|Gyro Ball|p1a: Gliscor
|-end|p1a: Gliscor|Substitute
|
|-weather|RainDance|[upkeep]
|-heal|p2a: RIP freaky-chomp|84/100|[from] item: Leftovers
|-heal|p1a: Gliscor|100/100 tox|[from] ability: Poison Heal
|upkeep
|turn|17
|
|t:|1715967088
|move|p1a: Gliscor|Substitute|p1a: Gliscor
|-start|p1a: Gliscor|Substitute
|-damage|p1a: Gliscor|76/100 tox
|move|p2a: RIP freaky-chomp|Gyro Ball|p1a: Gliscor
|-end|p1a: Gliscor|Substitute
|
|-weather|RainDance|[upkeep]
|-heal|p2a: RIP freaky-chomp|91/100|[from] item: Leftovers
|-heal|p1a: Gliscor|88/100 tox|[from] ability: Poison Heal
|upkeep
|turn|18
|
|t:|1715967091
|move|p1a: Gliscor|Substitute|p1a: Gliscor
|-start|p1a: Gliscor|Substitute
|-damage|p1a: Gliscor|63/100 tox
|move|p2a: RIP freaky-chomp|Gyro Ball|p1a: Gliscor
|-end|p1a: Gliscor|Substitute
|
|-weather|RainDance|[upkeep]
|-heal|p2a: RIP freaky-chomp|97/100|[from] item: Leftovers
|-heal|p1a: Gliscor|76/100 tox|[from] ability: Poison Heal
|upkeep
|turn|19
|
|t:|1715967095
|move|p1a: Gliscor|Substitute|p1a: Gliscor
|-start|p1a: Gliscor|Substitute
|-damage|p1a: Gliscor|51/100 tox
|move|p2a: RIP freaky-chomp|Gyro Ball|p1a: Gliscor
|-crit|p1a: Gliscor
|-end|p1a: Gliscor|Substitute
|
|-weather|RainDance|[upkeep]
|-heal|p2a: RIP freaky-chomp|100/100|[from] item: Leftovers
|-heal|p1a: Gliscor|63/100 tox|[from] ability: Poison Heal
|upkeep
|turn|20
|
|t:|1715967099
|move|p1a: Gliscor|Substitute|p1a: Gliscor
|-start|p1a: Gliscor|Substitute
|-damage|p1a: Gliscor|38/100 tox
|move|p2a: RIP freaky-chomp|Gyro Ball|p1a: Gliscor
|-end|p1a: Gliscor|Substitute
|
|-weather|RainDance|[upkeep]
|-heal|p1a: Gliscor|51/100 tox|[from] ability: Poison Heal
|upkeep
|turn|21
|
|t:|1715967103
|move|p1a: Gliscor|Substitute|p1a: Gliscor
|-start|p1a: Gliscor|Substitute
|-damage|p1a: Gliscor|26/100 tox
|move|p2a: RIP freaky-chomp|Gyro Ball|p1a: Gliscor
|-end|p1a: Gliscor|Substitute
|
|-weather|RainDance|[upkeep]
|-heal|p1a: Gliscor|38/100 tox|[from] ability: Poison Heal
|upkeep
|turn|22
|
|t:|1715967115
|switch|p2a: East-Side|Gastrodon-East, M|100/100
|-damage|p2a: East-Side|94/100|[from] Stealth Rock
|-status|p2a: East-Side|psn
|move|p1a: Gliscor|Ice Fang|p2a: East-Side
|-damage|p2a: East-Side|83/100 psn
|
|-weather|RainDance|[upkeep]
|-heal|p2a: East-Side|89/100 psn|[from] item: Leftovers
|-heal|p1a: Gliscor|51/100 tox|[from] ability: Poison Heal
|-damage|p2a: East-Side|77/100 psn|[from] psn
|upkeep
|turn|23
|
|t:|1715967120
|move|p1a: Gliscor|Protect|p1a: Gliscor
|-singleturn|p1a: Gliscor|Protect
|move|p2a: East-Side|Ice Beam|p1a: Gliscor
|-activate|p1a: Gliscor|move: Protect
|
|-weather|RainDance|[upkeep]
|-heal|p2a: East-Side|83/100 psn|[from] item: Leftovers
|-heal|p1a: Gliscor|63/100 tox|[from] ability: Poison Heal
|-damage|p2a: East-Side|70/100 psn|[from] psn
|upkeep
|turn|24
|
|t:|1715967126
|switch|p1a: Ferrothorn|Ferrothorn, F|100/100
|-damage|p1a: Ferrothorn|88/100|[from] Spikes
|move|p2a: East-Side|Scald|p1a: Ferrothorn
|-resisted|p1a: Ferrothorn
|-damage|p1a: Ferrothorn|73/100
|
|-weather|RainDance|[upkeep]
|-heal|p2a: East-Side|76/100 psn|[from] item: Leftovers
|-heal|p1a: Ferrothorn|79/100|[from] item: Leftovers
|-damage|p2a: East-Side|64/100 psn|[from] psn
|upkeep
|turn|25
|
|t:|1715967134
|switch|p2a: RIP freaky-chomp|Ferrothorn, F|100/100
|-damage|p2a: RIP freaky-chomp|94/100|[from] Stealth Rock
|move|p1a: Ferrothorn|Power Whip|p2a: RIP freaky-chomp
|-resisted|p2a: RIP freaky-chomp
|-damage|p2a: RIP freaky-chomp|87/100
|-damage|p1a: Ferrothorn|66/100|[from] ability: Iron Barbs|[of] p2a: RIP freaky-chomp
|
|-weather|RainDance|[upkeep]
|-heal|p1a: Ferrothorn|73/100|[from] item: Leftovers
|-heal|p2a: RIP freaky-chomp|94/100|[from] item: Leftovers
|upkeep
|turn|26
|
|t:|1715967140
|move|p1a: Ferrothorn|Spikes|p2a: RIP freaky-chomp
|-sidestart|p2: ImaginewasTaken|Spikes
|move|p2a: RIP freaky-chomp|Spikes|p1a: Ferrothorn
|-sidestart|p1: Primary Trout|Spikes
|
|-weather|RainDance|[upkeep]
|-heal|p1a: Ferrothorn|79/100|[from] item: Leftovers
|-heal|p2a: RIP freaky-chomp|99/100|[from] item: Leftovers
|upkeep
|turn|27
|
|t:|1715967143
|move|p1a: Ferrothorn|Spikes|p2a: RIP freaky-chomp
|-sidestart|p2: ImaginewasTaken|Spikes
|move|p2a: RIP freaky-chomp|Spikes|p1a: Ferrothorn
|-sidestart|p1: Primary Trout|Spikes
|
|-weather|RainDance|[upkeep]
|-heal|p1a: Ferrothorn|85/100|[from] item: Leftovers
|-heal|p2a: RIP freaky-chomp|100/100|[from] item: Leftovers
|upkeep
|turn|28
|
|t:|1715967147
|switch|p2a: OHKO|Excadrill, F|100/100
|-damage|p2a: OHKO|97/100|[from] Stealth Rock
|-damage|p2a: OHKO|81/100|[from] Spikes
|move|p1a: Ferrothorn|Spikes|p2a: OHKO
|-sidestart|p2: ImaginewasTaken|Spikes
|
|-weather|RainDance|[upkeep]
|-heal|p1a: Ferrothorn|91/100|[from] item: Leftovers
|upkeep
|turn|29
|
|t:|1715967152
|move|p2a: OHKO|Rapid Spin|p1a: Ferrothorn
|-resisted|p1a: Ferrothorn
|-damage|p1a: Ferrothorn|89/100
|-damage|p2a: OHKO|68/100|[from] ability: Iron Barbs|[of] p1a: Ferrothorn
|-sideend|p2: ImaginewasTaken|Spikes|[from] move: Rapid Spin|[of] p2a: OHKO
|-sideend|p2: ImaginewasTaken|Toxic Spikes|[from] move: Rapid Spin|[of] p2a: OHKO
|-sideend|p2: ImaginewasTaken|Stealth Rock|[from] move: Rapid Spin|[of] p2a: OHKO
|move|p1a: Ferrothorn|Power Whip|p2a: OHKO|[miss]
|-miss|p1a: Ferrothorn|p2a: OHKO
|
|-weather|RainDance|[upkeep]
|-heal|p1a: Ferrothorn|95/100|[from] item: Leftovers
|upkeep
|turn|30
|
|t:|1715967157
|switch|p2a: MY GOAT RAAAHHHH|Breloom, F|100/100
|move|p1a: Ferrothorn|Power Whip|p2a: MY GOAT RAAAHHHH
|-resisted|p2a: MY GOAT RAAAHHHH
|-damage|p2a: MY GOAT RAAAHHHH|74/100
|
|-weather|RainDance|[upkeep]
|-heal|p1a: Ferrothorn|100/100|[from] item: Leftovers
|-status|p2a: MY GOAT RAAAHHHH|tox|[from] item: Toxic Orb
|upkeep
|turn|31
|
|t:|1715967161
|move|p2a: MY GOAT RAAAHHHH|Swords Dance|p2a: MY GOAT RAAAHHHH
|-boost|p2a: MY GOAT RAAAHHHH|atk|2
|move|p1a: Ferrothorn|Spikes|p2a: MY GOAT RAAAHHHH
|-sidestart|p2: ImaginewasTaken|Spikes
|
|-weather|RainDance|[upkeep]
|-heal|p2a: MY GOAT RAAAHHHH|86/100 tox|[from] ability: Poison Heal
|upkeep
|turn|32
|
|t:|1715967165
|switch|p1a: Bronzong|Bronzong|100/100
|move|p2a: MY GOAT RAAAHHHH|Drain Punch|p1a: Bronzong
|-damage|p1a: Bronzong|53/100
|-heal|p2a: MY GOAT RAAAHHHH|100/100 tox|[from] drain|[of] p1a: Bronzong
|
|-weather|RainDance|[upkeep]
|-heal|p1a: Bronzong|60/100|[from] item: Leftovers
|upkeep
|turn|33
|
|t:|1715967170
|move|p2a: MY GOAT RAAAHHHH|Drain Punch|p1a: Bronzong
|-damage|p1a: Bronzong|13/100
|move|p1a: Bronzong|Gyro Ball|p2a: MY GOAT RAAAHHHH
|-damage|p2a: MY GOAT RAAAHHHH|72/100 tox
|
|-weather|RainDance|[upkeep]
|-heal|p1a: Bronzong|19/100|[from] item: Leftovers
|-heal|p2a: MY GOAT RAAAHHHH|85/100 tox|[from] ability: Poison Heal
|upkeep
|turn|34
|
|t:|1715967174
|switch|p1a: Gliscor|Gliscor, F|63/100 tox
|move|p2a: MY GOAT RAAAHHHH|Drain Punch|p1a: Gliscor
|-resisted|p1a: Gliscor
|-damage|p1a: Gliscor|43/100 tox
|-heal|p2a: MY GOAT RAAAHHHH|96/100 tox|[from] drain|[of] p1a: Gliscor
|
|-weather|RainDance|[upkeep]
|-heal|p1a: Gliscor|56/100 tox|[from] ability: Poison Heal
|-heal|p2a: MY GOAT RAAAHHHH|100/100 tox|[from] ability: Poison Heal
|upkeep
|turn|35
|
|t:|1715967181
|switch|p2a: East-Side|Gastrodon-East, M|64/100 psn
|-damage|p2a: East-Side|51/100 psn|[from] Spikes
|move|p1a: Gliscor|Protect||[still]
|-fail|p1a: Gliscor
|
|-weather|RainDance|[upkeep]
|-heal|p2a: East-Side|58/100 psn|[from] item: Leftovers
|-heal|p1a: Gliscor|68/100 tox|[from] ability: Poison Heal
|-damage|p2a: East-Side|45/100 psn|[from] psn
|upkeep
|turn|36
|
|t:|1715967185
|switch|p1a: Tentacruel|Tentacruel, F|31/100
|-damage|p1a: Tentacruel|6/100|[from] Spikes
|move|p2a: East-Side|Recover|p2a: East-Side
|-heal|p2a: East-Side|95/100 psn
|
|-weather|RainDance|[upkeep]
|-heal|p1a: Tentacruel|12/100|[from] ability: Rain Dish
|-heal|p1a: Tentacruel|18/100|[from] item: Black Sludge
|-heal|p2a: East-Side|100/100 psn|[from] item: Leftovers
|-damage|p2a: East-Side|88/100 psn|[from] psn
|upkeep
|turn|37
|
|t:|1715967190
|move|p1a: Tentacruel|Rapid Spin|p2a: East-Side
|-damage|p2a: East-Side|86/100 psn
|-sideend|p1: Primary Trout|Spikes|[from] move: Rapid Spin|[of] p1a: Tentacruel
|move|p2a: East-Side|Scald|p1a: Tentacruel
|-resisted|p1a: Tentacruel
|-damage|p1a: Tentacruel|3/100
|-status|p1a: Tentacruel|brn
|
|-weather|RainDance|[upkeep]
|-heal|p1a: Tentacruel|9/100 brn|[from] ability: Rain Dish
|-heal|p1a: Tentacruel|15/100 brn|[from] item: Black Sludge
|-heal|p2a: East-Side|92/100 psn|[from] item: Leftovers
|-damage|p2a: East-Side|80/100 psn|[from] psn
|-damage|p1a: Tentacruel|2/100 brn|[from] brn
|upkeep
|turn|38
|
|t:|1715967197
|move|p1a: Tentacruel|Toxic Spikes|p2a: East-Side
|-sidestart|p2: ImaginewasTaken|move: Toxic Spikes
|move|p2a: East-Side|Ice Beam|p1a: Tentacruel
|-resisted|p1a: Tentacruel
|-damage|p1a: Tentacruel|0 fnt
|faint|p1a: Tentacruel
|
|-weather|RainDance|[upkeep]
|-heal|p2a: East-Side|86/100 psn|[from] item: Leftovers
|-damage|p2a: East-Side|73/100 psn|[from] psn
|upkeep
|
|t:|1715967206
|switch|p1a: Ferrothorn|Ferrothorn, F|100/100
|turn|39
|
|t:|1715967213
|switch|p2a: RIP freaky-chomp|Ferrothorn, F|100/100
|-damage|p2a: RIP freaky-chomp|88/100|[from] Spikes
|move|p1a: Ferrothorn|Power Whip|p2a: RIP freaky-chomp|[miss]
|-miss|p1a: Ferrothorn|p2a: RIP freaky-chomp
|
|-weather|RainDance|[upkeep]
|-heal|p2a: RIP freaky-chomp|94/100|[from] item: Leftovers
|upkeep
|turn|40
|
|t:|1715967217
|switch|p1a: Jirachi|Jirachi|100/100
|move|p2a: RIP freaky-chomp|Spikes|p1a: Jirachi
|-sidestart|p1: Primary Trout|Spikes
|
|-weather|RainDance|[upkeep]
|-heal|p2a: RIP freaky-chomp|100/100|[from] item: Leftovers
|upkeep
|turn|41
|
|t:|1715967220
|move|p1a: Jirachi|Wish|p1a: Jirachi
|move|p2a: RIP freaky-chomp|Leech Seed|p1a: Jirachi|[miss]
|-miss|p2a: RIP freaky-chomp|p1a: Jirachi
|
|-weather|RainDance|[upkeep]
|upkeep
|turn|42
|
|t:|1715967225
|switch|p1a: Bronzong|Bronzong|19/100
|move|p2a: RIP freaky-chomp|Spikes|p1a: Bronzong
|-sidestart|p1: Primary Trout|Spikes
|
|-weather|RainDance|[upkeep]
|-heal|p1a: Bronzong|79/100|[from] move: Wish|[wisher] Jirachi
|-heal|p1a: Bronzong|85/100|[from] item: Leftovers
|upkeep
|turn|43
|
|t:|1715967229
|move|p1a: Bronzong|Stealth Rock|p2a: RIP freaky-chomp
|-sidestart|p2: ImaginewasTaken|move: Stealth Rock
|move|p2a: RIP freaky-chomp|Leech Seed|p1a: Bronzong
|-start|p1a: Bronzong|move: Leech Seed
|
|-weather|RainDance|[upkeep]
|-heal|p1a: Bronzong|92/100|[from] item: Leftovers
|-damage|p1a: Bronzong|79/100|[from] Leech Seed|[of] p2a: RIP freaky-chomp
|upkeep
|turn|44
|
|t:|1715967233
|switch|p1a: Gliscor|Gliscor, F|68/100 tox
|move|p2a: RIP freaky-chomp|Spikes|p1a: Gliscor
|-sidestart|p1: Primary Trout|Spikes
|
|-weather|RainDance|[upkeep]
|-heal|p1a: Gliscor|81/100 tox|[from] ability: Poison Heal
|upkeep
|turn|45
|
|t:|1715967236
|switch|p2a: East-Side|Gastrodon-East, M|73/100 psn
|-damage|p2a: East-Side|61/100 psn|[from] Spikes
|-damage|p2a: East-Side|55/100 psn|[from] Stealth Rock
|move|p1a: Gliscor|Substitute|p1a: Gliscor
|-start|p1a: Gliscor|Substitute
|-damage|p1a: Gliscor|56/100 tox
|
|-weather|RainDance|[upkeep]
|-heal|p2a: East-Side|61/100 psn|[from] item: Leftovers
|-heal|p1a: Gliscor|68/100 tox|[from] ability: Poison Heal
|-damage|p2a: East-Side|48/100 psn|[from] psn
|upkeep
|turn|46
|
|t:|1715967240
|move|p1a: Gliscor|Earthquake|p2a: East-Side
|-damage|p2a: East-Side|24/100 psn
|move|p2a: East-Side|Recover|p2a: East-Side
|-heal|p2a: East-Side|74/100 psn
|
|-weather|RainDance|[upkeep]
|-heal|p2a: East-Side|80/100 psn|[from] item: Leftovers
|-heal|p1a: Gliscor|81/100 tox|[from] ability: Poison Heal
|-damage|p2a: East-Side|68/100 psn|[from] psn
|upkeep
|turn|47
|
|t:|1715967245
|move|p1a: Gliscor|Earthquake|p2a: East-Side
|-damage|p2a: East-Side|42/100 psn
|move|p2a: East-Side|Recover|p2a: East-Side
|-heal|p2a: East-Side|92/100 psn
|
|-weather|RainDance|[upkeep]
|-heal|p2a: East-Side|98/100 psn|[from] item: Leftovers
|-heal|p1a: Gliscor|93/100 tox|[from] ability: Poison Heal
|-damage|p2a: East-Side|86/100 psn|[from] psn
|upkeep
|turn|48
|
|t:|1715967251
|move|p1a: Gliscor|Protect|p1a: Gliscor
|-singleturn|p1a: Gliscor|Protect
|move|p2a: East-Side|Scald|p1a: Gliscor
|-activate|p1a: Gliscor|move: Protect
|
|-weather|RainDance|[upkeep]
|-heal|p2a: East-Side|92/100 psn|[from] item: Leftovers
|-heal|p1a: Gliscor|100/100 tox|[from] ability: Poison Heal
|-damage|p2a: East-Side|80/100 psn|[from] psn
|upkeep
|turn|49
|
|t:|1715967257
|move|p1a: Gliscor|Earthquake|p2a: East-Side
|-damage|p2a: East-Side|56/100 psn
|move|p2a: East-Side|Scald|p1a: Gliscor
|-supereffective|p1a: Gliscor
|-end|p1a: Gliscor|Substitute
|
|-weather|RainDance|[upkeep]
|-heal|p2a: East-Side|62/100 psn|[from] item: Leftovers
|-damage|p2a: East-Side|50/100 psn|[from] psn
|upkeep
|turn|50
|
|t:|1715967264
|switch|p1a: Ferrothorn|Ferrothorn, F|100/100
|-damage|p1a: Ferrothorn|75/100|[from] Spikes
|move|p2a: East-Side|Recover|p2a: East-Side
|-heal|p2a: East-Side|99/100 psn
|
|-weather|RainDance|[upkeep]
|-heal|p2a: East-Side|100/100 psn|[from] item: Leftovers
|-heal|p1a: Ferrothorn|82/100|[from] item: Leftovers
|-damage|p2a: East-Side|88/100 psn|[from] psn
|upkeep
|turn|51
|
|t:|1715967270
|switch|p2a: MY GOAT RAAAHHHH|Breloom, F|100/100 tox
|-damage|p2a: MY GOAT RAAAHHHH|88/100 tox|[from] Spikes
|-damage|p2a: MY GOAT RAAAHHHH|82/100 tox|[from] Stealth Rock
|move|p1a: Ferrothorn|Spikes|p2a: MY GOAT RAAAHHHH
|-sidestart|p2: ImaginewasTaken|Spikes
|
|-weather|RainDance|[upkeep]
|-heal|p1a: Ferrothorn|88/100|[from] item: Leftovers
|-heal|p2a: MY GOAT RAAAHHHH|94/100 tox|[from] ability: Poison Heal
|upkeep
|turn|52
|
|t:|1715967276
|switch|p1a: Gliscor|Gliscor, F|100/100 tox
|move|p2a: MY GOAT RAAAHHHH|Swords Dance|p2a: MY GOAT RAAAHHHH
|-boost|p2a: MY GOAT RAAAHHHH|atk|2
|
|-weather|RainDance|[upkeep]
|-heal|p2a: MY GOAT RAAAHHHH|100/100 tox|[from] ability: Poison Heal
|upkeep
|turn|53
|
|t:|1715967282
|switch|p2a: East-Side|Gastrodon-East, M|88/100 psn
|-damage|p2a: East-Side|71/100 psn|[from] Spikes
|-damage|p2a: East-Side|65/100 psn|[from] Stealth Rock
|move|p1a: Gliscor|Ice Fang|p2a: East-Side
|-damage|p2a: East-Side|54/100 psn
|
|-weather|RainDance|[upkeep]
|-heal|p2a: East-Side|60/100 psn|[from] item: Leftovers
|-damage|p2a: East-Side|47/100 psn|[from] psn
|upkeep
|turn|54
|
|t:|1715967288
|move|p1a: Gliscor|Earthquake|p2a: East-Side
|-damage|p2a: East-Side|23/100 psn
|move|p2a: East-Side|Recover|p2a: East-Side
|-heal|p2a: East-Side|73/100 psn
|
|-weather|RainDance|[upkeep]
|-heal|p2a: East-Side|79/100 psn|[from] item: Leftovers
|-damage|p2a: East-Side|66/100 psn|[from] psn
|upkeep
|turn|55
|
|t:|1715967296
|switch|p1a: Ferrothorn|Ferrothorn, F|88/100
|-damage|p1a: Ferrothorn|63/100|[from] Spikes
|move|p2a: East-Side|Recover|p2a: East-Side
|-heal|p2a: East-Side|100/100 psn
|
|-weather|RainDance|[upkeep]
|-heal|p1a: Ferrothorn|69/100|[from] item: Leftovers
|-damage|p2a: East-Side|88/100 psn|[from] psn
|upkeep
|turn|56
|
|t:|1715967307
|switch|p2a: MY GOAT RAAAHHHH|Breloom, F|100/100 tox
|-damage|p2a: MY GOAT RAAAHHHH|84/100 tox|[from] Spikes
|-damage|p2a: MY GOAT RAAAHHHH|78/100 tox|[from] Stealth Rock
|move|p1a: Ferrothorn|Power Whip|p2a: MY GOAT RAAAHHHH
|-resisted|p2a: MY GOAT RAAAHHHH
|-damage|p2a: MY GOAT RAAAHHHH|54/100 tox
|
|-weather|RainDance|[upkeep]
|-heal|p1a: Ferrothorn|75/100|[from] item: Leftovers
|-heal|p2a: MY GOAT RAAAHHHH|67/100 tox|[from] ability: Poison Heal
|upkeep
|turn|57
|
|t:|1715967313
|move|p2a: MY GOAT RAAAHHHH|Swords Dance|p2a: MY GOAT RAAAHHHH
|-boost|p2a: MY GOAT RAAAHHHH|atk|2
|move|p1a: Ferrothorn|Spikes|p2a: MY GOAT RAAAHHHH
|-sidestart|p2: ImaginewasTaken|Spikes
|
|-weather|RainDance|[upkeep]
|-heal|p1a: Ferrothorn|82/100|[from] item: Leftovers
|-heal|p2a: MY GOAT RAAAHHHH|79/100 tox|[from] ability: Poison Heal
|upkeep
|turn|58
|
|t:|1715967316
|switch|p1a: Gliscor|Gliscor, F|100/100 tox
|move|p2a: MY GOAT RAAAHHHH|Facade|p1a: Gliscor
|-damage|p1a: Gliscor|49/100 tox
|
|-weather|RainDance|[upkeep]
|-heal|p1a: Gliscor|62/100 tox|[from] ability: Poison Heal
|-heal|p2a: MY GOAT RAAAHHHH|92/100 tox|[from] ability: Poison Heal
|upkeep
|turn|59
|
|t:|1715967320
|switch|p2a: East-Side|Gastrodon-East, M|88/100 psn
|-damage|p2a: East-Side|63/100 psn|[from] Spikes
|-damage|p2a: East-Side|57/100 psn|[from] Stealth Rock
|move|p1a: Gliscor|Ice Fang|p2a: East-Side
|-damage|p2a: East-Side|47/100 psn
|
|-weather|RainDance|[upkeep]
|-heal|p2a: East-Side|53/100 psn|[from] item: Leftovers
|-heal|p1a: Gliscor|74/100 tox|[from] ability: Poison Heal
|-damage|p2a: East-Side|40/100 psn|[from] psn
|upkeep
|turn|60
|
|t:|1715967324
|switch|p1a: Jirachi|Jirachi|100/100
|-damage|p1a: Jirachi|75/100|[from] Spikes
|move|p2a: East-Side|Recover|p2a: East-Side
|-heal|p2a: East-Side|90/100 psn
|
|-weather|RainDance|[upkeep]
|-heal|p1a: Jirachi|82/100|[from] item: Leftovers
|-heal|p2a: East-Side|97/100 psn|[from] item: Leftovers
|-damage|p2a: East-Side|84/100 psn|[from] psn
|upkeep
|turn|61
|
|t:|1715967330
|move|p1a: Jirachi|Protect|p1a: Jirachi
|-singleturn|p1a: Jirachi|Protect
|move|p2a: East-Side|Scald|p1a: Jirachi
|-activate|p1a: Jirachi|move: Protect
|
|-weather|RainDance|[upkeep]
|-heal|p1a: Jirachi|88/100|[from] item: Leftovers
|-heal|p2a: East-Side|90/100 psn|[from] item: Leftovers
|-damage|p2a: East-Side|78/100 psn|[from] psn
|upkeep
|turn|62
|
|t:|1715967336
|switch|p1a: Ferrothorn|Ferrothorn, F|82/100
|-damage|p1a: Ferrothorn|57/100|[from] Spikes
|move|p2a: East-Side|Scald|p1a: Ferrothorn
|-resisted|p1a: Ferrothorn
|-damage|p1a: Ferrothorn|42/100
|
|-weather|RainDance|[upkeep]
|-heal|p2a: East-Side|84/100 psn|[from] item: Leftovers
|-heal|p1a: Ferrothorn|48/100|[from] item: Leftovers
|-damage|p2a: East-Side|71/100 psn|[from] psn
|upkeep
|turn|63
|
|t:|1715967344
|switch|p2a: MY GOAT RAAAHHHH|Breloom, F|92/100 tox
|-damage|p2a: MY GOAT RAAAHHHH|67/100 tox|[from] Spikes
|-damage|p2a: MY GOAT RAAAHHHH|60/100 tox|[from] Stealth Rock
|switch|p1a: Bronzong|Bronzong|79/100
|
|-weather|RainDance|[upkeep]
|-heal|p1a: Bronzong|85/100|[from] item: Leftovers
|-heal|p2a: MY GOAT RAAAHHHH|73/100 tox|[from] ability: Poison Heal
|upkeep
|turn|64
|
|t:|1715967349
|move|p2a: MY GOAT RAAAHHHH|Swords Dance|p2a: MY GOAT RAAAHHHH
|-boost|p2a: MY GOAT RAAAHHHH|atk|2
|move|p1a: Bronzong|Hidden Power|p2a: MY GOAT RAAAHHHH
|-supereffective|p2a: MY GOAT RAAAHHHH
|-damage|p2a: MY GOAT RAAAHHHH|44/100 tox
|
|-weather|RainDance|[upkeep]
|-heal|p1a: Bronzong|92/100|[from] item: Leftovers
|-heal|p2a: MY GOAT RAAAHHHH|57/100 tox|[from] ability: Poison Heal
|upkeep
|turn|65
|
|t:|1715967353
|switch|p1a: Gliscor|Gliscor, F|74/100 tox
|move|p2a: MY GOAT RAAAHHHH|Drain Punch|p1a: Gliscor
|-resisted|p1a: Gliscor
|-damage|p1a: Gliscor|55/100 tox
|-heal|p2a: MY GOAT RAAAHHHH|68/100 tox|[from] drain|[of] p1a: Gliscor
|
|-weather|RainDance|[upkeep]
|-heal|p1a: Gliscor|67/100 tox|[from] ability: Poison Heal
|-heal|p2a: MY GOAT RAAAHHHH|80/100 tox|[from] ability: Poison Heal
|upkeep
|turn|66
|
|t:|1715967358
|switch|p2a: East-Side|Gastrodon-East, M|71/100 psn
|-damage|p2a: East-Side|47/100 psn|[from] Spikes
|-damage|p2a: East-Side|40/100 psn|[from] Stealth Rock
|move|p1a: Gliscor|Substitute|p1a: Gliscor
|-start|p1a: Gliscor|Substitute
|-damage|p1a: Gliscor|42/100 tox
|
|-weather|RainDance|[upkeep]
|-heal|p2a: East-Side|47/100 psn|[from] item: Leftovers
|-heal|p1a: Gliscor|55/100 tox|[from] ability: Poison Heal
|-damage|p2a: East-Side|34/100 psn|[from] psn
|upkeep
|turn|67
|
|t:|1715967366
|move|p1a: Gliscor|Earthquake|p2a: East-Side
|-damage|p2a: East-Side|10/100 psn
|move|p2a: East-Side|Recover|p2a: East-Side
|-heal|p2a: East-Side|60/100 psn
|
|-weather|RainDance|[upkeep]
|-heal|p2a: East-Side|66/100 psn|[from] item: Leftovers
|-heal|p1a: Gliscor|67/100 tox|[from] ability: Poison Heal
|-damage|p2a: East-Side|54/100 psn|[from] psn
|upkeep
|turn|68
|
|t:|1715967372
|move|p1a: Gliscor|Earthquake|p2a: East-Side
|-damage|p2a: East-Side|31/100 psn
|move|p2a: East-Side|Recover|p2a: East-Side
|-heal|p2a: East-Side|81/100 psn
|
|-weather|RainDance|[upkeep]
|-heal|p2a: East-Side|88/100 psn|[from] item: Leftovers
|-heal|p1a: Gliscor|80/100 tox|[from] ability: Poison Heal
|-damage|p2a: East-Side|75/100 psn|[from] psn
|upkeep
|turn|69
|
|t:|1715967376
|move|p1a: Gliscor|Ice Fang|p2a: East-Side
|-damage|p2a: East-Side|64/100 psn
|move|p2a: East-Side|Scald|p1a: Gliscor
|-supereffective|p1a: Gliscor
|-end|p1a: Gliscor|Substitute
|
|-weather|RainDance|[upkeep]
|-heal|p2a: East-Side|70/100 psn|[from] item: Leftovers
|-heal|p1a: Gliscor|92/100 tox|[from] ability: Poison Heal
|-damage|p2a: East-Side|58/100 psn|[from] psn
|upkeep
|turn|70
|j| CertamenMeum
|
|t:|1715967384
|move|p1a: Gliscor|Substitute|p1a: Gliscor
|-start|p1a: Gliscor|Substitute
|-damage|p1a: Gliscor|67/100 tox
|move|p2a: East-Side|Scald|p1a: Gliscor
|-supereffective|p1a: Gliscor
|-end|p1a: Gliscor|Substitute
|
|-weather|RainDance|[upkeep]
|-heal|p2a: East-Side|64/100 psn|[from] item: Leftovers
|-heal|p1a: Gliscor|80/100 tox|[from] ability: Poison Heal
|-damage|p2a: East-Side|52/100 psn|[from] psn
|upkeep
|turn|71
|
|t:|1715967387
|move|p1a: Gliscor|Substitute|p1a: Gliscor
|-start|p1a: Gliscor|Substitute
|-damage|p1a: Gliscor|55/100 tox
|move|p2a: East-Side|Recover|p2a: East-Side
|-heal|p2a: East-Side|100/100 psn
|
|-weather|RainDance|[upkeep]
|-heal|p1a: Gliscor|67/100 tox|[from] ability: Poison Heal
|-damage|p2a: East-Side|88/100 psn|[from] psn
|upkeep
|turn|72
|
|t:|1715967391
|move|p1a: Gliscor|Protect|p1a: Gliscor
|-singleturn|p1a: Gliscor|Protect
|move|p2a: East-Side|Scald|p1a: Gliscor
|-activate|p1a: Gliscor|move: Protect
|
|-weather|RainDance|[upkeep]
|-heal|p2a: East-Side|94/100 psn|[from] item: Leftovers
|-heal|p1a: Gliscor|80/100 tox|[from] ability: Poison Heal
|-damage|p2a: East-Side|82/100 psn|[from] psn
|upkeep
|turn|73
|
|t:|1715967401
|move|p1a: Gliscor|Ice Fang|p2a: East-Side
|-damage|p2a: East-Side|70/100 psn
|cant|p2a: East-Side|flinch
|
|-weather|RainDance|[upkeep]
|-heal|p2a: East-Side|77/100 psn|[from] item: Leftovers
|-heal|p1a: Gliscor|92/100 tox|[from] ability: Poison Heal
|-damage|p2a: East-Side|64/100 psn|[from] psn
|upkeep
|turn|74
|
|t:|1715967406
|move|p1a: Gliscor|Ice Fang|p2a: East-Side
|-damage|p2a: East-Side|53/100 psn
|move|p2a: East-Side|Scald|p1a: Gliscor
|-supereffective|p1a: Gliscor
|-crit|p1a: Gliscor
|-end|p1a: Gliscor|Substitute
|
|-weather|RainDance|[upkeep]
|-heal|p2a: East-Side|59/100 psn|[from] item: Leftovers
|-heal|p1a: Gliscor|100/100 tox|[from] ability: Poison Heal
|-damage|p2a: East-Side|47/100 psn|[from] psn
|upkeep
|turn|75
|
|t:|1715967413
|move|p1a: Gliscor|Substitute|p1a: Gliscor
|-start|p1a: Gliscor|Substitute
|-damage|p1a: Gliscor|76/100 tox
|move|p2a: East-Side|Recover|p2a: East-Side
|-heal|p2a: East-Side|97/100 psn
|
|-weather|RainDance|[upkeep]
|-heal|p2a: East-Side|100/100 psn|[from] item: Leftovers
|-heal|p1a: Gliscor|88/100 tox|[from] ability: Poison Heal
|-damage|p2a: East-Side|88/100 psn|[from] psn
|upkeep
|turn|76
|
|t:|1715967416
|move|p1a: Gliscor|Protect|p1a: Gliscor
|-singleturn|p1a: Gliscor|Protect
|move|p2a: East-Side|Scald|p1a: Gliscor
|-activate|p1a: Gliscor|move: Protect
|
|-weather|RainDance|[upkeep]
|-heal|p2a: East-Side|94/100 psn|[from] item: Leftovers
|-heal|p1a: Gliscor|100/100 tox|[from] ability: Poison Heal
|-damage|p2a: East-Side|82/100 psn|[from] psn
|upkeep
|turn|77
|
|t:|1715967424
|move|p1a: Gliscor|Ice Fang|p2a: East-Side
|-damage|p2a: East-Side|71/100 psn
|move|p2a: East-Side|Scald|p1a: Gliscor
|-supereffective|p1a: Gliscor
|-end|p1a: Gliscor|Substitute
|
|-weather|RainDance|[upkeep]
|-heal|p2a: East-Side|77/100 psn|[from] item: Leftovers
|-damage|p2a: East-Side|65/100 psn|[from] psn
|upkeep
|turn|78
|
|t:|1715967429
|switch|p1a: Politoed|Politoed, M|88/100
|-damage|p1a: Politoed|63/100|[from] Spikes
|move|p2a: East-Side|Scald|p1a: Politoed
|-resisted|p1a: Politoed
|-damage|p1a: Politoed|46/100
|
|-weather|RainDance|[upkeep]
|-heal|p1a: Politoed|52/100|[from] item: Leftovers
|-heal|p2a: East-Side|71/100 psn|[from] item: Leftovers
|-damage|p2a: East-Side|58/100 psn|[from] psn
|upkeep
|turn|79
|
|t:|1715967432
|move|p1a: Politoed|Ice Beam|p2a: East-Side
|-damage|p2a: East-Side|39/100 psn
|move|p2a: East-Side|Recover|p2a: East-Side
|-heal|p2a: East-Side|89/100 psn
|
|-weather|RainDance|[upkeep]
|-heal|p1a: Politoed|58/100|[from] item: Leftovers
|-heal|p2a: East-Side|95/100 psn|[from] item: Leftovers
|-damage|p2a: East-Side|83/100 psn|[from] psn
|upkeep
|turn|80
|
|t:|1715967437
|move|p1a: Politoed|Protect|p1a: Politoed
|-singleturn|p1a: Politoed|Protect
|move|p2a: East-Side|Scald|p1a: Politoed
|-activate|p1a: Politoed|move: Protect
|
|-weather|RainDance|[upkeep]
|-heal|p1a: Politoed|64/100|[from] item: Leftovers
|-heal|p2a: East-Side|89/100 psn|[from] item: Leftovers
|-damage|p2a: East-Side|76/100 psn|[from] psn
|upkeep
|turn|81
|
|t:|1715967444
|move|p1a: Politoed|Ice Beam|p2a: East-Side
|-damage|p2a: East-Side|57/100 psn
|move|p2a: East-Side|Scald|p1a: Politoed
|-resisted|p1a: Politoed
|-damage|p1a: Politoed|48/100
|-status|p1a: Politoed|brn
|
|-weather|RainDance|[upkeep]
|-heal|p1a: Politoed|55/100 brn|[from] item: Leftovers
|-heal|p2a: East-Side|63/100 psn|[from] item: Leftovers
|-damage|p2a: East-Side|51/100 psn|[from] psn
|-damage|p1a: Politoed|42/100 brn|[from] brn
|upkeep
|turn|82
|
|t:|1715967450
|move|p1a: Politoed|Ice Beam|p2a: East-Side
|-damage|p2a: East-Side|31/100 psn
|move|p2a: East-Side|Recover|p2a: East-Side
|-heal|p2a: East-Side|81/100 psn
|
|-weather|RainDance|[upkeep]
|-heal|p1a: Politoed|48/100 brn|[from] item: Leftovers
|-heal|p2a: East-Side|88/100 psn|[from] item: Leftovers
|-damage|p2a: East-Side|75/100 psn|[from] psn
|-damage|p1a: Politoed|36/100 brn|[from] brn
|upkeep
|turn|83
|
|t:|1715967458
|switch|p1a: Ferrothorn|Ferrothorn, F|48/100
|-damage|p1a: Ferrothorn|23/100|[from] Spikes
|move|p2a: East-Side|Scald|p1a: Ferrothorn
|-resisted|p1a: Ferrothorn
|-damage|p1a: Ferrothorn|9/100
|
|-weather|RainDance|[upkeep]
|-heal|p2a: East-Side|81/100 psn|[from] item: Leftovers
|-heal|p1a: Ferrothorn|15/100|[from] item: Leftovers
|-damage|p2a: East-Side|69/100 psn|[from] psn
|upkeep
|turn|84
|
|t:|1715967463
|move|p1a: Ferrothorn|Protect|p1a: Ferrothorn
|-singleturn|p1a: Ferrothorn|Protect
|move|p2a: East-Side|Scald|p1a: Ferrothorn
|-activate|p1a: Ferrothorn|move: Protect
|
|-weather|RainDance|[upkeep]
|-heal|p2a: East-Side|75/100 psn|[from] item: Leftovers
|-heal|p1a: Ferrothorn|22/100|[from] item: Leftovers
|-damage|p2a: East-Side|62/100 psn|[from] psn
|upkeep
|turn|85
|
|t:|1715967467
|move|p2a: East-Side|Scald|p1a: Ferrothorn
|-resisted|p1a: Ferrothorn
|-damage|p1a: Ferrothorn|6/100
|-status|p1a: Ferrothorn|brn
|move|p1a: Ferrothorn|Leech Seed|p2a: East-Side
|-start|p2a: East-Side|move: Leech Seed
|
|-weather|RainDance|[upkeep]
|-heal|p2a: East-Side|69/100 psn|[from] item: Leftovers
|-heal|p1a: Ferrothorn|12/100 brn|[from] item: Leftovers
|-damage|p2a: East-Side|56/100 psn|[from] Leech Seed|[of] p1a: Ferrothorn
|-heal|p1a: Ferrothorn|27/100 brn|[silent]
|-damage|p2a: East-Side|44/100 psn|[from] psn
|-damage|p1a: Ferrothorn|14/100 brn|[from] brn
|upkeep
|turn|86
|
|t:|1715967475
|move|p2a: East-Side|Scald|p1a: Ferrothorn
|-resisted|p1a: Ferrothorn
|-damage|p1a: Ferrothorn|0 fnt
|faint|p1a: Ferrothorn
|
|-weather|RainDance|[upkeep]
|-heal|p2a: East-Side|50/100 psn|[from] item: Leftovers
|-damage|p2a: East-Side|37/100 psn|[from] psn
|upkeep
|
|t:|1715967478
|switch|p1a: Jirachi|Jirachi|88/100
|-damage|p1a: Jirachi|63/100|[from] Spikes
|turn|87
|
|t:|1715967483
|move|p1a: Jirachi|Iron Head|p2a: East-Side
|-resisted|p2a: East-Side
|-damage|p2a: East-Side|26/100 psn
|move|p2a: East-Side|Scald|p1a: Jirachi
|-damage|p1a: Jirachi|40/100
|
|-weather|RainDance|[upkeep]
|-heal|p1a: Jirachi|46/100|[from] item: Leftovers
|-heal|p2a: East-Side|32/100 psn|[from] item: Leftovers
|-damage|p2a: East-Side|20/100 psn|[from] Leech Seed|[of] p1a: Jirachi
|-heal|p1a: Jirachi|59/100|[silent]
|-damage|p2a: East-Side|8/100 psn|[from] psn
|upkeep
|turn|88
|
|t:|1715967493
|move|p1a: Jirachi|Iron Head|p2a: East-Side
|-resisted|p2a: East-Side
|-damage|p2a: East-Side|0 fnt
|faint|p2a: East-Side
|
|-weather|RainDance|[upkeep]
|-heal|p1a: Jirachi|65/100|[from] item: Leftovers
|upkeep
|
|t:|1715967495
|switch|p2a: OHKO|Excadrill, F|68/100
|-damage|p2a: OHKO|43/100|[from] Spikes
|-damage|p2a: OHKO|40/100|[from] Stealth Rock
|turn|89
|
|t:|1715967505
|move|p1a: Jirachi|Protect|p1a: Jirachi
|-singleturn|p1a: Jirachi|Protect
|move|p2a: OHKO|Rapid Spin|p1a: Jirachi
|-activate|p1a: Jirachi|move: Protect
|
|-weather|RainDance|[upkeep]
|-heal|p1a: Jirachi|71/100|[from] item: Leftovers
|upkeep
|turn|90
|
|t:|1715967511
|move|p2a: OHKO|Rapid Spin|p1a: Jirachi
|-resisted|p1a: Jirachi
|-damage|p1a: Jirachi|68/100
|-sideend|p2: ImaginewasTaken|Spikes|[from] move: Rapid Spin|[of] p2a: OHKO
|-sideend|p2: ImaginewasTaken|Toxic Spikes|[from] move: Rapid Spin|[of] p2a: OHKO
|-sideend|p2: ImaginewasTaken|Stealth Rock|[from] move: Rapid Spin|[of] p2a: OHKO
|move|p1a: Jirachi|Wish|p1a: Jirachi
|
|-weather|RainDance|[upkeep]
|-heal|p1a: Jirachi|74/100|[from] item: Leftovers
|upkeep
|turn|91
|
|t:|1715967522
|switch|p2a: RIP freaky-chomp|Ferrothorn, F|100/100
|switch|p1a: Politoed|Politoed, M|36/100 brn
|-damage|p1a: Politoed|11/100 brn|[from] Spikes
|
|-weather|RainDance|[upkeep]
|-heal|p1a: Politoed|64/100 brn|[from] move: Wish|[wisher] Jirachi
|-heal|p1a: Politoed|70/100 brn|[from] item: Leftovers
|-damage|p1a: Politoed|57/100 brn|[from] brn
|upkeep
|turn|92
|
|t:|1715967529
|move|p1a: Politoed|Scald|p2a: RIP freaky-chomp
|-resisted|p2a: RIP freaky-chomp
|-crit|p2a: RIP freaky-chomp
|-damage|p2a: RIP freaky-chomp|70/100
|move|p2a: RIP freaky-chomp|Leech Seed|p1a: Politoed
|-start|p1a: Politoed|move: Leech Seed
|
|-weather|RainDance|[upkeep]
|-heal|p1a: Politoed|64/100 brn|[from] item: Leftovers
|-heal|p2a: RIP freaky-chomp|76/100|[from] item: Leftovers
|-damage|p1a: Politoed|51/100 brn|[from] Leech Seed|[of] p2a: RIP freaky-chomp
|-heal|p2a: RIP freaky-chomp|90/100|[silent]
|-damage|p1a: Politoed|39/100 brn|[from] brn
|upkeep
|turn|93
|
|t:|1715967535
|switch|p1a: Gliscor|Gliscor, F|100/100 tox
|move|p2a: RIP freaky-chomp|Protect||[still]
|-fail|p2a: RIP freaky-chomp
|
|-weather|RainDance|[upkeep]
|-heal|p2a: RIP freaky-chomp|96/100|[from] item: Leftovers
|upkeep
|turn|94
|
|t:|1715967546
|switch|p2a: P.O.W.|Hippowdon, F|56/100 tox
|-weather|Sandstorm|[from] ability: Sand Stream|[of] p2a: P.O.W.
|move|p1a: Gliscor|Substitute|p1a: Gliscor
|-start|p1a: Gliscor|Substitute
|-damage|p1a: Gliscor|76/100 tox
|
|-weather|Sandstorm|[upkeep]
|-heal|p2a: P.O.W.|62/100 tox|[from] item: Leftovers
|-heal|p1a: Gliscor|88/100 tox|[from] ability: Poison Heal
|-damage|p2a: P.O.W.|56/100 tox|[from] psn
|upkeep
|turn|95
|
|t:|1715967550
|move|p1a: Gliscor|Ice Fang|p2a: P.O.W.
|-supereffective|p2a: P.O.W.
|-damage|p2a: P.O.W.|36/100 tox
|move|p2a: P.O.W.|Slack Off|p2a: P.O.W.
|-heal|p2a: P.O.W.|86/100 tox
|
|-weather|Sandstorm|[upkeep]
|-heal|p2a: P.O.W.|92/100 tox|[from] item: Leftovers
|-heal|p1a: Gliscor|100/100 tox|[from] ability: Poison Heal
|-damage|p2a: P.O.W.|80/100 tox|[from] psn
|upkeep
|turn|96
|
|t:|1715967557
|move|p1a: Gliscor|Ice Fang|p2a: P.O.W.
|-supereffective|p2a: P.O.W.
|-damage|p2a: P.O.W.|60/100 tox
|move|p2a: P.O.W.|Slack Off|p2a: P.O.W.
|-heal|p2a: P.O.W.|100/100 tox
|
|-weather|Sandstorm|[upkeep]
|-damage|p2a: P.O.W.|82/100 tox|[from] psn
|upkeep
|turn|97
|
|t:|1715967568
|move|p1a: Gliscor|Ice Fang|p2a: P.O.W.
|-supereffective|p2a: P.O.W.
|-damage|p2a: P.O.W.|62/100 tox
|move|p2a: P.O.W.|Whirlwind|p1a: Gliscor
|drag|p1a: Bronzong|Bronzong|92/100
|
|-weather|Sandstorm|[upkeep]
|-heal|p2a: P.O.W.|68/100 tox|[from] item: Leftovers
|-heal|p1a: Bronzong|98/100|[from] item: Leftovers
|-damage|p2a: P.O.W.|43/100 tox|[from] psn
|upkeep
|turn|98
|
|t:|1715967592
|switch|p2a: RIP freaky-chomp|Ferrothorn, F|96/100
|move|p1a: Bronzong|Hidden Power|p2a: RIP freaky-chomp
|-damage|p2a: RIP freaky-chomp|86/100
|
|-weather|Sandstorm|[upkeep]
|-heal|p1a: Bronzong|100/100|[from] item: Leftovers
|-heal|p2a: RIP freaky-chomp|93/100|[from] item: Leftovers
|upkeep
|turn|99
|
|t:|1715967600
|move|p1a: Bronzong|Stealth Rock|p2a: RIP freaky-chomp
|-sidestart|p2: ImaginewasTaken|move: Stealth Rock
|move|p2a: RIP freaky-chomp|Leech Seed|p1a: Bronzong
|-start|p1a: Bronzong|move: Leech Seed
|
|-weather|Sandstorm|[upkeep]
|-heal|p2a: RIP freaky-chomp|99/100|[from] item: Leftovers
|-damage|p1a: Bronzong|88/100|[from] Leech Seed|[of] p2a: RIP freaky-chomp
|-heal|p2a: RIP freaky-chomp|100/100|[silent]
|upkeep
|turn|100
|
|t:|1715967605
|switch|p1a: Jirachi|Jirachi|74/100
|-damage|p1a: Jirachi|49/100|[from] Spikes
|move|p2a: RIP freaky-chomp|Leech Seed|p1a: Jirachi
|-start|p1a: Jirachi|move: Leech Seed
|
|-weather|Sandstorm|[upkeep]
|-heal|p1a: Jirachi|55/100|[from] item: Leftovers
|-damage|p1a: Jirachi|43/100|[from] Leech Seed|[of] p2a: RIP freaky-chomp
|upkeep
|turn|101
|
|t:|1715967610
|move|p2a: RIP freaky-chomp|Protect|p2a: RIP freaky-chomp
|-singleturn|p2a: RIP freaky-chomp|Protect
|move|p1a: Jirachi|Wish|p1a: Jirachi
|
|-weather|Sandstorm|[upkeep]
|-heal|p1a: Jirachi|49/100|[from] item: Leftovers
|-damage|p1a: Jirachi|37/100|[from] Leech Seed|[of] p2a: RIP freaky-chomp
|upkeep
|turn|102
|
|t:|1715967613
|move|p1a: Jirachi|Thunder|p2a: RIP freaky-chomp
|-resisted|p2a: RIP freaky-chomp
|-damage|p2a: RIP freaky-chomp|90/100
|move|p2a: RIP freaky-chomp|Leech Seed||[still]
|-fail|p2a: RIP freaky-chomp
|
|-weather|Sandstorm|[upkeep]
|-heal|p1a: Jirachi|87/100|[from] move: Wish|[wisher] Jirachi
|-heal|p1a: Jirachi|93/100|[from] item: Leftovers
|-heal|p2a: RIP freaky-chomp|96/100|[from] item: Leftovers
|-damage|p1a: Jirachi|81/100|[from] Leech Seed|[of] p2a: RIP freaky-chomp
|-heal|p2a: RIP freaky-chomp|100/100|[silent]
|upkeep
|turn|103
|
|t:|1715967622
|move|p1a: Jirachi|Thunder|p2a: RIP freaky-chomp
|-resisted|p2a: RIP freaky-chomp
|-damage|p2a: RIP freaky-chomp|91/100
|-status|p2a: RIP freaky-chomp|par
|move|p2a: RIP freaky-chomp|Leech Seed||[still]
|-fail|p2a: RIP freaky-chomp
|
|-weather|Sandstorm|[upkeep]
|-heal|p1a: Jirachi|87/100|[from] item: Leftovers
|-heal|p2a: RIP freaky-chomp|97/100 par|[from] item: Leftovers
|-damage|p1a: Jirachi|75/100|[from] Leech Seed|[of] p2a: RIP freaky-chomp
|-heal|p2a: RIP freaky-chomp|100/100 par|[silent]
|upkeep
|turn|104
|
|t:|1715967624
|move|p1a: Jirachi|Wish|p1a: Jirachi
|move|p2a: RIP freaky-chomp|Leech Seed||[still]
|-fail|p2a: RIP freaky-chomp
|
|-weather|Sandstorm|[upkeep]
|-heal|p1a: Jirachi|81/100|[from] item: Leftovers
|-damage|p1a: Jirachi|68/100|[from] Leech Seed|[of] p2a: RIP freaky-chomp
|upkeep
|turn|105
|
|t:|1715967631
|switch|p1a: Bronzong|Bronzong|88/100
|move|p2a: RIP freaky-chomp|Protect||[still]
|-fail|p2a: RIP freaky-chomp
|
|-weather|Sandstorm|[upkeep]
|-heal|p1a: Bronzong|100/100|[from] move: Wish|[wisher] Jirachi
|upkeep
|turn|106
|
|t:|1715967643
|move|p1a: Bronzong|Hidden Power|p2a: RIP freaky-chomp
|-damage|p2a: RIP freaky-chomp|90/100 par
|cant|p2a: RIP freaky-chomp|par
|
|-weather|Sandstorm|[upkeep]
|-heal|p2a: RIP freaky-chomp|97/100 par|[from] item: Leftovers
|upkeep
|turn|107
|
|t:|1715967652
|move|p1a: Bronzong|Hidden Power|p2a: RIP freaky-chomp
|-damage|p2a: RIP freaky-chomp|87/100 par
|move|p2a: RIP freaky-chomp|Leech Seed|p1a: Bronzong
|-start|p1a: Bronzong|move: Leech Seed
|
|-weather|Sandstorm|[upkeep]
|-heal|p2a: RIP freaky-chomp|93/100 par|[from] item: Leftovers
|-damage|p1a: Bronzong|88/100|[from] Leech Seed|[of] p2a: RIP freaky-chomp
|-heal|p2a: RIP freaky-chomp|100/100 par|[silent]
|upkeep
|turn|108
|
|t:|1715967662
|move|p1a: Bronzong|Hidden Power|p2a: RIP freaky-chomp
|-damage|p2a: RIP freaky-chomp|91/100 par
|cant|p2a: RIP freaky-chomp|par
|
|-weather|Sandstorm|[upkeep]
|-heal|p1a: Bronzong|94/100|[from] item: Leftovers
|-heal|p2a: RIP freaky-chomp|97/100 par|[from] item: Leftovers
|-damage|p1a: Bronzong|82/100|[from] Leech Seed|[of] p2a: RIP freaky-chomp
|-heal|p2a: RIP freaky-chomp|100/100 par|[silent]
|upkeep
|turn|109
|
|t:|1715967671
|move|p1a: Bronzong|Hidden Power|p2a: RIP freaky-chomp
|-damage|p2a: RIP freaky-chomp|90/100 par
|move|p2a: RIP freaky-chomp|Spikes||[still]
|-fail|p2a: RIP freaky-chomp
|
|-weather|Sandstorm|[upkeep]
|-heal|p1a: Bronzong|88/100|[from] item: Leftovers
|-heal|p2a: RIP freaky-chomp|97/100 par|[from] item: Leftovers
|-damage|p1a: Bronzong|76/100|[from] Leech Seed|[of] p2a: RIP freaky-chomp
|-heal|p2a: RIP freaky-chomp|100/100 par|[silent]
|upkeep
|turn|110
|
|t:|1715967682
|switch|p1a: Jirachi|Jirachi|68/100
|-damage|p1a: Jirachi|43/100|[from] Spikes
|switch|p2a: MY GOAT RAAAHHHH|Breloom, F|80/100 tox
|-damage|p2a: MY GOAT RAAAHHHH|74/100 tox|[from] Stealth Rock
|
|-weather|Sandstorm|[upkeep]
|-damage|p2a: MY GOAT RAAAHHHH|68/100 tox|[from] Sandstorm
|-heal|p1a: Jirachi|50/100|[from] item: Leftovers
|-heal|p2a: MY GOAT RAAAHHHH|80/100 tox|[from] ability: Poison Heal
|upkeep
|turn|111
|
|t:|1715967688
|move|p1a: Jirachi|Iron Head|p2a: MY GOAT RAAAHHHH
|-damage|p2a: MY GOAT RAAAHHHH|44/100 tox
|cant|p2a: MY GOAT RAAAHHHH|flinch
|
|-weather|Sandstorm|[upkeep]
|-damage|p2a: MY GOAT RAAAHHHH|37/100 tox|[from] Sandstorm
|-heal|p1a: Jirachi|56/100|[from] item: Leftovers
|-heal|p2a: MY GOAT RAAAHHHH|50/100 tox|[from] ability: Poison Heal
|upkeep
|turn|112
|
|t:|1715967693
|move|p2a: MY GOAT RAAAHHHH|Protect|p2a: MY GOAT RAAAHHHH
|-singleturn|p2a: MY GOAT RAAAHHHH|Protect
|move|p1a: Jirachi|Iron Head|p2a: MY GOAT RAAAHHHH
|-activate|p2a: MY GOAT RAAAHHHH|move: Protect
|
|-weather|Sandstorm|[upkeep]
|-damage|p2a: MY GOAT RAAAHHHH|44/100 tox|[from] Sandstorm
|-heal|p1a: Jirachi|62/100|[from] item: Leftovers
|-heal|p2a: MY GOAT RAAAHHHH|56/100 tox|[from] ability: Poison Heal
|upkeep
|turn|113
|
|t:|1715967697
|switch|p2a: RIP freaky-chomp|Ferrothorn, F|100/100 par
|-damage|p2a: RIP freaky-chomp|94/100 par|[from] Stealth Rock
|move|p1a: Jirachi|Iron Head|p2a: RIP freaky-chomp
|-resisted|p2a: RIP freaky-chomp
|-damage|p2a: RIP freaky-chomp|86/100 par
|-damage|p1a: Jirachi|50/100|[from] ability: Iron Barbs|[of] p2a: RIP freaky-chomp
|
|-weather|Sandstorm|[upkeep]
|-heal|p1a: Jirachi|56/100|[from] item: Leftovers
|-heal|p2a: RIP freaky-chomp|92/100 par|[from] item: Leftovers
|upkeep
|turn|114
|
|t:|1715967705
|move|p1a: Jirachi|Protect|p1a: Jirachi
|-singleturn|p1a: Jirachi|Protect
|move|p2a: RIP freaky-chomp|Spikes||[still]
|-fail|p2a: RIP freaky-chomp
|
|-weather|Sandstorm|[upkeep]
|-heal|p1a: Jirachi|62/100|[from] item: Leftovers
|-heal|p2a: RIP freaky-chomp|98/100 par|[from] item: Leftovers
|upkeep
|turn|115
|
|t:|1715967709
|move|p1a: Jirachi|Wish|p1a: Jirachi
|move|p2a: RIP freaky-chomp|Leech Seed|p1a: Jirachi
|-start|p1a: Jirachi|move: Leech Seed
|
|-weather|Sandstorm|[upkeep]
|-heal|p1a: Jirachi|68/100|[from] item: Leftovers
|-heal|p2a: RIP freaky-chomp|100/100 par|[from] item: Leftovers
|-damage|p1a: Jirachi|56/100|[from] Leech Seed|[of] p2a: RIP freaky-chomp
|upkeep
|turn|116
|
|t:|1715967714
|switch|p2a: MY GOAT RAAAHHHH|Breloom, F|56/100 tox
|-damage|p2a: MY GOAT RAAAHHHH|50/100 tox|[from] Stealth Rock
|move|p1a: Jirachi|Iron Head|p2a: MY GOAT RAAAHHHH
|-crit|p2a: MY GOAT RAAAHHHH
|-damage|p2a: MY GOAT RAAAHHHH|0 fnt
|faint|p2a: MY GOAT RAAAHHHH
|
|-weather|Sandstorm|[upkeep]
|-heal|p1a: Jirachi|100/100|[from] move: Wish|[wisher] Jirachi
|upkeep
|
|t:|1715967726
|switch|p2a: P.O.W.|Hippowdon, F|43/100 tox
|-damage|p2a: P.O.W.|37/100 tox|[from] Stealth Rock
|turn|117
|
|t:|1715967730
|move|p1a: Jirachi|Iron Head|p2a: P.O.W.
|-crit|p2a: P.O.W.
|-damage|p2a: P.O.W.|0 fnt
|faint|p2a: P.O.W.
|
|-weather|Sandstorm|[upkeep]
|upkeep
|c|☆ImaginewasTaken|holy
|
|t:|1715967742
|switch|p2a: OHKO|Excadrill, F|40/100
|-damage|p2a: OHKO|37/100|[from] Stealth Rock
|turn|118
|
|t:|1715967745
|switch|p1a: Gliscor|Gliscor, F|100/100 tox
|move|p2a: OHKO|Earthquake|p1a: Gliscor
|-immune|p1a: Gliscor
|
|-weather|Sandstorm|[upkeep]
|upkeep
|turn|119
|
|t:|1715967752
|switch|p2a: RIP freaky-chomp|Ferrothorn, F|100/100 par
|-damage|p2a: RIP freaky-chomp|94/100 par|[from] Stealth Rock
|move|p1a: Gliscor|Earthquake|p2a: RIP freaky-chomp
|-damage|p2a: RIP freaky-chomp|72/100 par
|
|-weather|Sandstorm|[upkeep]
|-heal|p2a: RIP freaky-chomp|78/100 par|[from] item: Leftovers
|upkeep
|turn|120
|
|t:|1715967757
|move|p1a: Gliscor|Substitute|p1a: Gliscor
|-start|p1a: Gliscor|Substitute
|-damage|p1a: Gliscor|76/100 tox
|move|p2a: RIP freaky-chomp|Spikes||[still]
|-fail|p2a: RIP freaky-chomp
|
|-weather|Sandstorm|[upkeep]
|-heal|p2a: RIP freaky-chomp|85/100 par|[from] item: Leftovers
|-heal|p1a: Gliscor|88/100 tox|[from] ability: Poison Heal
|upkeep
|turn|121
|
|t:|1715967763
|cant|p2a: RIP freaky-chomp|par
|move|p1a: Gliscor|Ice Fang|p2a: RIP freaky-chomp|[miss]
|-miss|p1a: Gliscor|p2a: RIP freaky-chomp
|
|-weather|Sandstorm|[upkeep]
|-heal|p2a: RIP freaky-chomp|91/100 par|[from] item: Leftovers
|-heal|p1a: Gliscor|100/100 tox|[from] ability: Poison Heal
|upkeep
|turn|122
|
|t:|1715967769
|move|p2a: RIP freaky-chomp|Protect|p2a: RIP freaky-chomp
|-singleturn|p2a: RIP freaky-chomp|Protect
|move|p1a: Gliscor|Ice Fang|p2a: RIP freaky-chomp
|-activate|p2a: RIP freaky-chomp|move: Protect
|
|-weather|Sandstorm|[upkeep]
|-heal|p2a: RIP freaky-chomp|97/100 par|[from] item: Leftovers
|upkeep
|turn|123
|
|t:|1715967775
|move|p1a: Gliscor|Ice Fang|p2a: RIP freaky-chomp
|-damage|p2a: RIP freaky-chomp|87/100 par
|-damage|p1a: Gliscor|88/100 tox|[from] ability: Iron Barbs|[of] p2a: RIP freaky-chomp
|cant|p2a: RIP freaky-chomp|flinch
|
|-weather|Sandstorm|[upkeep]
|-heal|p2a: RIP freaky-chomp|94/100 par|[from] item: Leftovers
|-heal|p1a: Gliscor|100/100 tox|[from] ability: Poison Heal
|upkeep
|turn|124
|
|t:|1715967783
|switch|p1a: Jirachi|Jirachi|100/100
|-damage|p1a: Jirachi|75/100|[from] Spikes
|move|p2a: RIP freaky-chomp|Protect||[still]
|-fail|p2a: RIP freaky-chomp
|
|-weather|Sandstorm|[upkeep]
|-heal|p1a: Jirachi|82/100|[from] item: Leftovers
|-heal|p2a: RIP freaky-chomp|99/100 par|[from] item: Leftovers
|upkeep
|turn|125
|
|t:|1715967788
|move|p1a: Jirachi|Wish|p1a: Jirachi
|cant|p2a: RIP freaky-chomp|par
|
|-weather|Sandstorm|[upkeep]
|-heal|p1a: Jirachi|88/100|[from] item: Leftovers
|-heal|p2a: RIP freaky-chomp|100/100 par|[from] item: Leftovers
|upkeep
|turn|126
|
|t:|1715967793
|switch|p1a: Politoed|Politoed, M|39/100 brn
|-damage|p1a: Politoed|14/100 brn|[from] Spikes
|-weather|RainDance|[from] ability: Drizzle|[of] p1a: Politoed
|cant|p2a: RIP freaky-chomp|par
|
|-weather|RainDance|[upkeep]
|-heal|p1a: Politoed|66/100 brn|[from] move: Wish|[wisher] Jirachi
|-heal|p1a: Politoed|72/100 brn|[from] item: Leftovers
|-damage|p1a: Politoed|60/100 brn|[from] brn
|upkeep
|turn|127
|
|t:|1715967802
|switch|p1a: Gliscor|Gliscor, F|100/100 tox
|move|p2a: RIP freaky-chomp|Leech Seed|p1a: Gliscor
|-start|p1a: Gliscor|move: Leech Seed
|
|-weather|RainDance|[upkeep]
|-damage|p1a: Gliscor|88/100 tox|[from] Leech Seed|[of] p2a: RIP freaky-chomp
|-heal|p1a: Gliscor|100/100 tox|[from] ability: Poison Heal
|upkeep
|turn|128
|
|t:|1715967808
|switch|p1a: Bronzong|Bronzong|76/100
|move|p2a: RIP freaky-chomp|Spikes||[still]
|-fail|p2a: RIP freaky-chomp
|
|-weather|RainDance|[upkeep]
|-heal|p1a: Bronzong|82/100|[from] item: Leftovers
|upkeep
|turn|129
|
|t:|1715967813
|move|p1a: Bronzong|Stealth Rock||[still]
|-fail|p1a: Bronzong
|move|p2a: RIP freaky-chomp|Spikes||[still]
|-fail|p2a: RIP freaky-chomp
|
|-weather|RainDance|[upkeep]
|-heal|p1a: Bronzong|88/100|[from] item: Leftovers
|upkeep
|turn|130
|
|t:|1715967819
|move|p1a: Bronzong|Stealth Rock||[still]
|-fail|p1a: Bronzong
|move|p2a: RIP freaky-chomp|Spikes||[still]
|-fail|p2a: RIP freaky-chomp
|
|-weather|RainDance|[upkeep]
|-heal|p1a: Bronzong|94/100|[from] item: Leftovers
|upkeep
|turn|131
|c|☆ImaginewasTaken|gg
|-message|ImaginewasTaken forfeited.
|
|win|Primary Trout
|raw|Primary Trout's rating: 1447 &rarr; <strong>1462</strong><br />(+15 for winning)
|raw|ImaginewasTaken's rating: 1355 &rarr; <strong>1340</strong><br />(-15 for losing)
|l|☆ImaginewasTaken
|player|p2|
