|j|☆Invisible Enemy
|j|☆Diversidad
|player|p1|Invisible Enemy|acetrainer-gen2
|player|p2|Diversidad|151
|teamsize|p1|6
|teamsize|p2|6
|gametype|singles
|gen|5
|tier|[Gen 5] OU
|rated|
|rule|Sleep Clause Mod: Limit one foe put to sleep
|rule|Species Clause: Limit one of each Pokémon
|rule|OHKO Clause: OHKO moves are banned
|rule|Moody Clause: Moody is banned
|rule|Evasion Moves Clause: Evasion moves are banned
|rule|Endless Battle Clause: Forcing endless battles is banned
|rule|HP Percentage Mod: HP is shown in percentages
|rule|Evasion Abilities Clause: Evasion abilities are banned
|rule|Baton Pass Clause: Limit one Baton Passer, can't pass Spe and other stats simultaneously
|rule|Swagger Clause: Swagger is banned
|clearpoke
|poke|p1|Dragonite, F|item
|poke|p1|Politoed, F|item
|poke|p1|Toxicroak, F|item
|poke|p1|Thundurus-Therian, M|item
|poke|p1|Starmie|item
|poke|p1|Ferrothorn, F|item
|poke|p2|Tyranitar, M|item
|poke|p2|Garchomp, F|item
|poke|p2|Landorus-Therian, M|item
|poke|p2|Terrakion|item
|poke|p2|Salamence, F|item
|poke|p2|Lucario, M|item
|teampreview
|inactive|Battle timer is ON: inactive players will automatically lose when time's up. (requested by Diversidad)
|
|start
|switch|p1a: Politoed|Politoed, F|100/100
|switch|p2a: Terrakion|Terrakion|100/100
|-weather|RainDance|[from] ability: Drizzle|[of] p1a: Politoed
|turn|1
|
|move|p1a: Politoed|Surf|p2a: Terrakion
|-supereffective|p2a: Terrakion
|-enditem|p2a: Terrakion|Focus Sash
|-damage|p2a: Terrakion|1/100
|move|p2a: Terrakion|Stealth Rock|p1a: Politoed
|-sidestart|p1: Invisible Enemy|move: Stealth Rock
|
|-weather|RainDance|[upkeep]
|upkeep
|turn|2
|
|switch|p2a: Salamence|Salamence, F|100/100
|move|p1a: Politoed|Surf|p2a: Salamence
|-resisted|p2a: Salamence
|-damage|p2a: Salamence|60/100
|
|-weather|RainDance|[upkeep]
|upkeep
|turn|3
|
|switch|p1a: Ferrothorn|Ferrothorn, F|100/100
|-damage|p1a: Ferrothorn|94/100|[from] Stealth Rock
|move|p2a: Salamence|Fire Blast|p1a: Ferrothorn
|-supereffective|p1a: Ferrothorn
|-damage|p1a: Ferrothorn|59/100
|
|-weather|RainDance|[upkeep]
|upkeep
|turn|4
|c|☆Diversidad|wow
|
|switch|p2a: Terrakion|Terrakion|1/100
|move|p1a: Ferrothorn|Stealth Rock|p2a: Terrakion
|-sidestart|p2: Diversidad|move: Stealth Rock
|
|-weather|RainDance|[upkeep]
|upkeep
|turn|5
|
|switch|p1a: Toxicroak|Toxicroak, F|100/100
|-damage|p1a: Toxicroak|94/100|[from] Stealth Rock
|move|p2a: Terrakion|Close Combat|p1a: Toxicroak
|-resisted|p1a: Toxicroak
|-crit|p1a: Toxicroak
|-damage|p1a: Toxicroak|3/100
|-unboost|p2a: Terrakion|def|1
|-unboost|p2a: Terrakion|spd|1
|
|-weather|RainDance|[upkeep]
|-heal|p1a: Toxicroak|16/100|[from] ability: Dry Skin
|upkeep
|turn|6
|
|move|p1a: Toxicroak|Sucker Punch|p2a: Terrakion
|-resisted|p2a: Terrakion
|-damage|p2a: Terrakion|0 fnt
|-damage|p1a: Toxicroak|6/100|[from] item: Life Orb
|faint|p2a: Terrakion
|
|-weather|RainDance|[upkeep]
|-heal|p1a: Toxicroak|18/100|[from] ability: Dry Skin
|upkeep
|
|switch|p2a: Garchomp|Garchomp, F|100/100
|-damage|p2a: Garchomp|94/100|[from] Stealth Rock
|turn|7
|
|move|p1a: Toxicroak|Sucker Punch|p2a: Garchomp
|-damage|p2a: Garchomp|60/100
|-damage|p1a: Toxicroak|6/100|[from] ability: Rough Skin|[of] p2a: Garchomp
|-damage|p1a: Toxicroak|0 fnt|[from] item: Life Orb
|faint|p1a: Toxicroak
|move|p2a: Garchomp|Earthquake|p1: Toxicroak|[notarget]
|-fail|p2a: Garchomp
|
|-weather|RainDance|[upkeep]
|upkeep
|
|switch|p1a: Thundurus|Thundurus-Therian, M|100/100
|-damage|p1a: Thundurus|76/100|[from] Stealth Rock
|turn|8
|-message|Diversidad forfeited.
|
|win|Invisible Enemy
|l|☆Diversidad
|raw|Invisible Enemy's rating: 1553 &rarr; <strong>1567</strong><br />(+14 for winning)
|raw|Diversidad's rating: 1434 &rarr; <strong>1420</strong><br />(-14 for losing)
