|j|☆BWR Ashes
|j|☆BWC CANDYLAND
|t:|1719105132
|gametype|singles
|player|p1|BWR Ashes|skier-gen2|1421
|player|p2|BWC CANDYLAND|1|1505
|teamsize|p1|6
|teamsize|p2|6
|gen|5
|tier|[Gen 5] OU
|rated|
|rule|Species Clause: Limit one of each Pokémon
|rule|OHKO Clause: OHKO moves are banned
|rule|Moody Clause: Moody is banned
|rule|Evasion Items Clause: Evasion items are banned
|rule|Evasion Moves Clause: Evasion moves are banned
|rule|Endless Battle Clause: Forcing endless battles is banned
|rule|HP Percentage Mod: HP is shown in percentages
|rule|Evasion Abilities Clause: Evasion abilities are banned
|rule|Sleep Moves Clause: Sleep-inducing moves are banned
|rule|Swagger Clause: Swagger is banned
|rule|Baton Pass Stat Clause: No Baton Passer may have a way to boost its stats
|clearpoke
|poke|p1|Tyranitar, F|item
|poke|p1|Landorus-Therian, M|item
|poke|p1|Ferrothorn, M|item
|poke|p1|Slowking, M|item
|poke|p1|Mienshao, M|item
|poke|p1|Excadrill, F|item
|poke|p2|Politoed, F|item
|poke|p2|Gyarados, F|item
|poke|p2|Excadrill, F|item
|poke|p2|Breloom, M|item
|poke|p2|Scizor, F|item
|poke|p2|Latios, M|item
|teampreview
|
|t:|1719105151
|start
|switch|p1a: work up return|Mienshao, M|100/100
|switch|p2a: Latios|Latios, M|100/100
|turn|1
|
|t:|1719105157
|move|p1a: work up return|Fake Out|p2a: Latios
|-damage|p2a: Latios|76/100
|-damage|p1a: work up return|91/100|[from] item: Life Orb
|cant|p2a: Latios|flinch
|
|-status|p2a: Latios|brn|[from] item: Flame Orb
|upkeep
|turn|2
|
|t:|1719105161
|switch|p1a: x attack x3 eq|Tyranitar, F|100/100
|-weather|Sandstorm|[from] ability: Sand Stream|[of] p1a: x attack x3 eq
|move|p2a: Latios|Trick|p1a: x attack x3 eq
|-activate|p2a: Latios|move: Trick|[of] p1a: x attack x3 eq
|-item|p1a: x attack x3 eq|Flame Orb|[from] move: Trick
|-item|p2a: Latios|Chople Berry|[from] move: Trick
|
|-weather|Sandstorm|[upkeep]
|-damage|p2a: Latios|70/100 brn|[from] Sandstorm
|-damage|p2a: Latios|58/100 brn|[from] brn
|-status|p1a: x attack x3 eq|brn|[from] item: Flame Orb
|upkeep
|turn|3
|
|t:|1719105169
|move|p2a: Latios|Roost|p2a: Latios
|-heal|p2a: Latios|100/100 brn
|-singleturn|p2a: Latios|move: Roost
|move|p1a: x attack x3 eq|Pursuit|p2a: Latios
|-supereffective|p2a: Latios
|-damage|p2a: Latios|73/100 brn
|
|-weather|Sandstorm|[upkeep]
|-damage|p2a: Latios|67/100 brn|[from] Sandstorm
|-damage|p2a: Latios|54/100 brn|[from] brn
|-damage|p1a: x attack x3 eq|88/100 brn|[from] brn
|upkeep
|turn|4
|
|t:|1719105174
|-activate|p2a: Latios|move: Pursuit
|move|p1a: x attack x3 eq|Pursuit|p2a: Latios|[from]Pursuit
|-supereffective|p2a: Latios
|-damage|p2a: Latios|0 fnt
|faint|p2a: Latios
|-hint|A Pokemon can't switch between when it runs out of HP and when it faints
|
|-weather|Sandstorm|[upkeep]
|-damage|p1a: x attack x3 eq|76/100 brn|[from] brn
|upkeep
|
|t:|1719105179
|switch|p2a: Scizor|Scizor, F|100/100
|turn|5
|
|t:|1719105184
|switch|p1a: Landorus|Landorus-Therian, M|100/100
|-ability|p1a: Landorus|Intimidate|boost
|-unboost|p2a: Scizor|atk|1
|move|p2a: Scizor|U-turn|p1a: Landorus
|-resisted|p1a: Landorus
|-damage|p1a: Landorus|90/100
|
|t:|1719105193
|switch|p2a: Politoed|Politoed, F|100/100|[from] U-turn
|-weather|RainDance|[from] ability: Drizzle|[of] p2a: Politoed
|
|-weather|RainDance|[upkeep]
|-heal|p1a: Landorus|96/100|[from] item: Leftovers
|upkeep
|turn|6
|
|t:|1719105198
|switch|p1a: Slowking|Slowking, M|100/100
|move|p2a: Politoed|Scald|p1a: Slowking
|-resisted|p1a: Slowking
|-damage|p1a: Slowking|87/100
|
|-weather|RainDance|[upkeep]
|-heal|p1a: Slowking|93/100|[from] item: Leftovers
|upkeep
|turn|7
|
|t:|1719105203
|move|p2a: Politoed|Toxic|p1a: Slowking
|-status|p1a: Slowking|tox
|move|p1a: Slowking|Scald|p2a: Politoed
|-resisted|p2a: Politoed
|-damage|p2a: Politoed|82/100
|
|-weather|RainDance|[upkeep]
|-heal|p1a: Slowking|99/100 tox|[from] item: Leftovers
|-damage|p1a: Slowking|93/100 tox|[from] psn
|upkeep
|turn|8
|
|t:|1719105206
|move|p2a: Politoed|Scald|p1a: Slowking
|-resisted|p1a: Slowking
|-damage|p1a: Slowking|79/100 tox
|move|p1a: Slowking|Scald|p2a: Politoed
|-resisted|p2a: Politoed
|-damage|p2a: Politoed|62/100
|
|-weather|RainDance|[upkeep]
|-heal|p1a: Slowking|85/100 tox|[from] item: Leftovers
|-damage|p1a: Slowking|73/100 tox|[from] psn
|upkeep
|turn|9
|
|t:|1719105208
|move|p2a: Politoed|Scald|p1a: Slowking
|-resisted|p1a: Slowking
|-damage|p1a: Slowking|60/100 tox
|move|p1a: Slowking|Scald|p2a: Politoed
|-resisted|p2a: Politoed
|-damage|p2a: Politoed|45/100
|
|-weather|RainDance|[upkeep]
|-heal|p1a: Slowking|67/100 tox|[from] item: Leftovers
|-damage|p1a: Slowking|48/100 tox|[from] psn
|upkeep
|turn|10
|
|t:|1719105211
|move|p2a: Politoed|Scald|p1a: Slowking
|-resisted|p1a: Slowking
|-damage|p1a: Slowking|35/100 tox
|move|p1a: Slowking|Slack Off|p1a: Slowking
|-heal|p1a: Slowking|85/100 tox
|
|-weather|RainDance|[upkeep]
|-heal|p1a: Slowking|91/100 tox|[from] item: Leftovers
|-damage|p1a: Slowking|66/100 tox|[from] psn
|upkeep
|turn|11
|
|t:|1719105215
|switch|p1a: plasma skip enc|Ferrothorn, M|100/100
|move|p2a: Politoed|Scald|p1a: plasma skip enc
|-resisted|p1a: plasma skip enc
|-damage|p1a: plasma skip enc|88/100
|
|-weather|RainDance|[upkeep]
|-heal|p1a: plasma skip enc|94/100|[from] item: Leftovers
|upkeep
|turn|12
|
|t:|1719105218
|switch|p1a: Slowking|Slowking, M|99/100 tox
|move|p2a: Politoed|Scald|p1a: Slowking
|-resisted|p1a: Slowking
|-damage|p1a: Slowking|87/100 tox
|
|-weather|RainDance|[upkeep]
|-heal|p1a: Slowking|93/100 tox|[from] item: Leftovers
|-damage|p1a: Slowking|87/100 tox|[from] psn
|upkeep
|turn|13
|
|t:|1719105220
|move|p2a: Politoed|Scald|p1a: Slowking
|-resisted|p1a: Slowking
|-damage|p1a: Slowking|74/100 tox
|move|p1a: Slowking|Scald|p2a: Politoed
|-resisted|p2a: Politoed
|-damage|p2a: Politoed|26/100
|-status|p2a: Politoed|brn
|
|-weather|RainDance|[upkeep]
|-heal|p1a: Slowking|80/100 tox|[from] item: Leftovers
|-damage|p1a: Slowking|68/100 tox|[from] psn
|-damage|p2a: Politoed|14/100 brn|[from] brn
|upkeep
|turn|14
|
|t:|1719105223
|move|p2a: Politoed|Rest|p2a: Politoed
|-status|p2a: Politoed|slp|[from] move: Rest
|-heal|p2a: Politoed|100/100 slp|[silent]
|-enditem|p2a: Politoed|Chesto Berry|[eat]
|-curestatus|p2a: Politoed|slp|[msg]
|move|p1a: Slowking|Slack Off|p1a: Slowking
|-heal|p1a: Slowking|100/100 tox
|
|-weather|RainDance|[upkeep]
|-damage|p1a: Slowking|82/100 tox|[from] psn
|upkeep
|turn|15
|
|t:|1719105228
|switch|p2a: Excadrill|Excadrill, F|100/100
|-ability|p2a: Excadrill|Mold Breaker
|move|p1a: Slowking|Scald|p2a: Excadrill
|-supereffective|p2a: Excadrill
|-damage|p2a: Excadrill|21/100
|
|-weather|RainDance|[upkeep]
|-heal|p2a: Excadrill|27/100|[from] item: Leftovers
|-heal|p1a: Slowking|88/100 tox|[from] item: Leftovers
|-damage|p1a: Slowking|63/100 tox|[from] psn
|upkeep
|turn|16
|
|t:|1719105236
|switch|p1a: plasma skip enc|Ferrothorn, M|94/100
|move|p2a: Excadrill|Stealth Rock|p1a: plasma skip enc
|-sidestart|p1: BWR Ashes|move: Stealth Rock
|
|-weather|RainDance|[upkeep]
|-heal|p2a: Excadrill|33/100|[from] item: Leftovers
|-heal|p1a: plasma skip enc|99/100|[from] item: Leftovers
|upkeep
|turn|17
|
|t:|1719105241
|move|p2a: Excadrill|Earthquake|p1a: plasma skip enc
|-damage|p1a: plasma skip enc|69/100
|move|p1a: plasma skip enc|Power Whip|p2a: Excadrill
|-damage|p2a: Excadrill|0 fnt
|faint|p2a: Excadrill
|
|-weather|RainDance|[upkeep]
|-heal|p1a: plasma skip enc|75/100|[from] item: Leftovers
|upkeep
|
|t:|1719105245
|switch|p2a: Breloom|Breloom, M|100/100
|turn|18
|
|t:|1719105253
|switch|p1a: Landorus|Landorus-Therian, M|96/100
|-damage|p1a: Landorus|83/100|[from] Stealth Rock
|-ability|p1a: Landorus|Intimidate|boost
|-unboost|p2a: Breloom|atk|1
|move|p2a: Breloom|Bullet Seed|p1a: Landorus
|-damage|p1a: Landorus|63/100
|-damage|p1a: Landorus|44/100
|-damage|p1a: Landorus|22/100
|-hitcount|p1a: Landorus|3
|
|-weather|RainDance|[upkeep]
|-heal|p1a: Landorus|28/100|[from] item: Leftovers
|upkeep
|turn|19
|
|t:|1719105258
|move|p1a: Landorus|Stealth Rock|p2a: Breloom
|-sidestart|p2: BWC CANDYLAND|move: Stealth Rock
|move|p2a: Breloom|Bullet Seed|p1a: Landorus
|-damage|p1a: Landorus|7/100
|-damage|p1a: Landorus|0 fnt
|faint|p1a: Landorus
|-hitcount|p1: Landorus|2
|
|-weather|RainDance|[upkeep]
|upkeep
|
|t:|1719105262
|switch|p1a: work up return|Mienshao, M|100/100
|-damage|p1a: work up return|95/100|[from] Stealth Rock
|turn|20
|
|t:|1719105265
|switch|p2a: Scizor|Scizor, F|100/100
|-damage|p2a: Scizor|88/100|[from] Stealth Rock
|move|p1a: work up return|High Jump Kick|p2a: Scizor
|-damage|p2a: Scizor|0 fnt
|faint|p2a: Scizor
|-damage|p1a: work up return|85/100|[from] item: Life Orb
|
|-weather|RainDance|[upkeep]
|upkeep
|
|t:|1719105268
|switch|p2a: Gyarados|Gyarados, F|100/100
|-damage|p2a: Gyarados|76/100|[from] Stealth Rock
|-ability|p2a: Gyarados|Intimidate|boost
|-unboost|p1a: work up return|atk|1
|turn|21
|
|t:|1719105272
|move|p1a: work up return|U-turn|p2a: Gyarados
|-resisted|p2a: Gyarados
|-damage|p2a: Gyarados|63/100
|-damage|p1a: work up return|75/100|[from] item: Life Orb
|
|t:|1719105273
|switch|p1a: plasma skip enc|Ferrothorn, M|75/100|[from] U-turn
|-damage|p1a: plasma skip enc|69/100|[from] Stealth Rock
|move|p2a: Gyarados|Dragon Dance|p2a: Gyarados
|-boost|p2a: Gyarados|atk|1
|-boost|p2a: Gyarados|spe|1
|
|-weather|RainDance|[upkeep]
|-heal|p2a: Gyarados|69/100|[from] item: Leftovers
|-heal|p1a: plasma skip enc|75/100|[from] item: Leftovers
|upkeep
|turn|22
|
|t:|1719105278
|move|p2a: Gyarados|Bounce||[still]
|-prepare|p2a: Gyarados|Bounce
|move|p1a: plasma skip enc|Power Whip|p2a: Gyarados|[miss]
|-miss|p1a: plasma skip enc|p2a: Gyarados
|
|-weather|RainDance|[upkeep]
|-heal|p2a: Gyarados|75/100|[from] item: Leftovers
|-heal|p1a: plasma skip enc|82/100|[from] item: Leftovers
|upkeep
|turn|23
|
|t:|1719105280
|move|p2a: Gyarados|Bounce|p1a: plasma skip enc|[from]lockedmove
|-damage|p1a: plasma skip enc|31/100
|-damage|p2a: Gyarados|63/100|[from] ability: Iron Barbs|[of] p1a: plasma skip enc
|move|p1a: plasma skip enc|Power Whip|p2a: Gyarados
|-damage|p2a: Gyarados|15/100
|
|-weather|RainDance|[upkeep]
|-heal|p2a: Gyarados|21/100|[from] item: Leftovers
|-heal|p1a: plasma skip enc|37/100|[from] item: Leftovers
|upkeep
|turn|24
|
|t:|1719105292
|move|p2a: Gyarados|Waterfall|p1a: plasma skip enc
|-resisted|p1a: plasma skip enc
|-damage|p1a: plasma skip enc|0 fnt
|-damage|p2a: Gyarados|9/100|[from] ability: Iron Barbs|[of] p1a: plasma skip enc
|faint|p1a: plasma skip enc
|
|-weather|RainDance|[upkeep]
|-heal|p2a: Gyarados|15/100|[from] item: Leftovers
|upkeep
|
|t:|1719105307
|switch|p1a: work up return|Mienshao, M|100/100
|-damage|p1a: work up return|95/100|[from] Stealth Rock
|turn|25
|
|t:|1719105310
|move|p1a: work up return|Fake Out|p2a: Gyarados
|-damage|p2a: Gyarados|0 fnt
|faint|p2a: Gyarados
|-damage|p1a: work up return|85/100|[from] item: Life Orb
|
|-weather|RainDance|[upkeep]
|upkeep
|
|t:|1719105312
|switch|p2a: Politoed|Politoed, F|100/100
|-damage|p2a: Politoed|88/100|[from] Stealth Rock
|turn|26
|
|t:|1719105315
|move|p1a: work up return|U-turn|p2a: Politoed
|-damage|p2a: Politoed|64/100
|-damage|p1a: work up return|75/100|[from] item: Life Orb
|
|t:|1719105316
|switch|p1a: Slowking|Slowking, M|96/100 tox|[from] U-turn
|-damage|p1a: Slowking|84/100 tox|[from] Stealth Rock
|move|p2a: Politoed|Scald|p1a: Slowking
|-resisted|p1a: Slowking
|-damage|p1a: Slowking|70/100 tox
|
|-weather|RainDance|[upkeep]
|-heal|p1a: Slowking|76/100 tox|[from] item: Leftovers
|-damage|p1a: Slowking|70/100 tox|[from] psn
|upkeep
|turn|27
|
|t:|1719105319
|move|p2a: Politoed|Scald|p1a: Slowking
|-resisted|p1a: Slowking
|-damage|p1a: Slowking|56/100 tox
|move|p1a: Slowking|Psyshock|p2a: Politoed
|-damage|p2a: Politoed|44/100
|
|-weather|RainDance|[upkeep]
|-heal|p1a: Slowking|63/100 tox|[from] item: Leftovers
|-damage|p1a: Slowking|50/100 tox|[from] psn
|upkeep
|turn|28
|
|t:|1719105328
|switch|p2a: Breloom|Breloom, M|100/100
|-damage|p2a: Breloom|94/100|[from] Stealth Rock
|move|p1a: Slowking|Scald|p2a: Breloom
|-resisted|p2a: Breloom
|-damage|p2a: Breloom|53/100
|
|-weather|RainDance|[upkeep]
|-heal|p1a: Slowking|56/100 tox|[from] item: Leftovers
|-damage|p1a: Slowking|38/100 tox|[from] psn
|upkeep
|turn|29
|
|t:|1719105331
|move|p2a: Breloom|Bullet Seed|p1a: Slowking
|-supereffective|p1a: Slowking
|-damage|p1a: Slowking|0 fnt
|faint|p1a: Slowking
|-hitcount|p1: Slowking|1
|
|-weather|RainDance|[upkeep]
|upkeep
|
|t:|1719105338
|switch|p1a: work up return|Mienshao, M|100/100
|-damage|p1a: work up return|95/100|[from] Stealth Rock
|turn|30
|
|t:|1719105340
|switch|p2a: Politoed|Politoed, F|44/100
|-damage|p2a: Politoed|32/100|[from] Stealth Rock
|move|p1a: work up return|Fake Out|p2a: Politoed
|-damage|p2a: Politoed|17/100
|-damage|p1a: work up return|85/100|[from] item: Life Orb
|
|-weather|RainDance|[upkeep]
|upkeep
|turn|31
|
|t:|1719105344
|move|p1a: work up return|U-turn|p2a: Politoed
|-damage|p2a: Politoed|0 fnt
|faint|p2a: Politoed
|-damage|p1a: work up return|75/100|[from] item: Life Orb
|
|t:|1719105348
|switch|p1a: x attack x3 eq|Tyranitar, F|76/100 brn|[from] U-turn
|-damage|p1a: x attack x3 eq|63/100 brn|[from] Stealth Rock
|-weather|Sandstorm|[from] ability: Sand Stream|[of] p1a: x attack x3 eq
|
|-weather|Sandstorm|[upkeep]
|-damage|p1a: x attack x3 eq|51/100 brn|[from] brn
|upkeep
|-message|BWC CANDYLAND forfeited.
|
|win|BWR Ashes
|raw|BWR Ashes's rating: 1421 &rarr; <strong>1446</strong><br />(+25 for winning)
|raw|BWC CANDYLAND's rating: 1505 &rarr; <strong>1480</strong><br />(-25 for losing)
|l|☆BWC CANDYLAND
|player|p2|
