|j|☆hgfjhds
|j|☆EeveetoTheN00b
|player|p1|hgfjhds|cress|1488
|player|p2|EeveetoTheN00b|acetrainersnow|1402
|teamsize|p1|6
|teamsize|p2|6
|gametype|singles
|gen|5
|tier|[Gen 5] OU
|rated|
|clearpoke
|poke|p1|Politoed, F|item
|poke|p1|Keldeo-Resolute|item
|poke|p1|Starmie|item
|poke|p1|Jirachi|item
|poke|p1|Landorus-Therian, M|item
|poke|p1|Volcarona, M|item
|poke|p2|Froslass, F|item
|poke|p2|Mamoswine, M|item
|poke|p2|Jellicent, M|item
|poke|p2|Jirachi|item
|poke|p2|Scizor, M|item
|poke|p2|Latios, M|item
|rule|Species Clause: Limit one of each Pokémon
|rule|OHKO Clause: OHKO moves are banned
|rule|Moody Clause: Moody is banned
|rule|Evasion Moves Clause: Evasion moves are banned
|rule|Endless Battle Clause: Forcing endless battles is banned
|rule|HP Percentage Mod: HP is shown in percentages
|rule|Evasion Abilities Clause: Evasion abilities are banned
|rule|Baton Pass Clause: Limit one Baton Passer, can't pass Spe and other stats simultaneously
|rule|Sleep Clause: Sleep-inducing moves are banned
|rule|Swagger Clause: Swagger is banned
|teampreview
|inactive|Battle timer is ON: inactive players will automatically lose when time's up. (requested by hgfjhds)
|inactive|hgfjhds has 120 seconds left.
|
|start
|switch|p1a: Politoed|Politoed, F|100/100
|switch|p2a: Frosslasse|Froslass, F|100/100
|-weather|RainDance|[from] ability: Drizzle|[of] p1a: Politoed
|turn|1
|
|move|p2a: Frosslasse|Thunder Wave|p1a: Politoed
|-status|p1a: Politoed|par
|move|p1a: Politoed|Hydro Pump|p2a: Frosslasse
|-enditem|p1a: Politoed|Water Gem|[from] gem
|-enditem|p2a: Frosslasse|Focus Sash
|-damage|p2a: Frosslasse|1/100
|-start|p1a: Politoed|Disable|Hydro Pump|[from] ability: Cursed Body|[of] p2a: Frosslasse
|
|-weather|RainDance|[upkeep]
|upkeep
|turn|2
|
|move|p2a: Frosslasse|Destiny Bond|p2a: Frosslasse
|-singlemove|p2a: Frosslasse|Destiny Bond
|cant|p1a: Politoed|par
|
|-weather|RainDance|[upkeep]
|upkeep
|turn|3
|
|move|p2a: Frosslasse|Spikes|p1a: Politoed
|-sidestart|p1: hgfjhds|Spikes
|cant|p1a: Politoed|par
|
|-weather|RainDance|[upkeep]
|upkeep
|turn|4
|
|switch|p2a: Mamonswine|Mamoswine, M|100/100
|move|p1a: Politoed|Ice Beam|p2a: Mamonswine
|-damage|p2a: Mamonswine|81/100
|
|-weather|RainDance|[upkeep]
|-end|p1a: Politoed|Disable
|upkeep
|turn|5
|
|switch|p2a: Mostachitos|Jellicent, M|100/100
|move|p1a: Politoed|Hydro Pump|p2a: Mostachitos
|-immune|p2a: Mostachitos|[from] ability: Water Absorb
|
|-weather|RainDance|[upkeep]
|upkeep
|turn|6
|
|move|p2a: Mostachitos|Night Shade|p1a: Politoed
|-damage|p1a: Politoed|74/100 par
|move|p1a: Politoed|Thief|p2a: Mostachitos
|-supereffective|p2a: Mostachitos
|-damage|p2a: Mostachitos|91/100
|-enditem|p2a: Mostachitos|Leftovers|[silent]|[from] move: Thief|[of] p1a: Politoed
|-item|p1a: Politoed|Leftovers|[from] move: Thief|[of] p2a: Mostachitos
|
|-weather|RainDance|[upkeep]
|-heal|p1a: Politoed|81/100 par|[from] item: Leftovers
|upkeep
|turn|7
|
|move|p2a: Mostachitos|Will-O-Wisp||[still]
|-fail|p2a: Mostachitos
|move|p1a: Politoed|Hidden Power|p2a: Mostachitos
|-supereffective|p2a: Mostachitos
|-damage|p2a: Mostachitos|60/100
|
|-weather|RainDance|[upkeep]
|-heal|p1a: Politoed|87/100 par|[from] item: Leftovers
|upkeep
|turn|8
|
|move|p2a: Mostachitos|Recover|p2a: Mostachitos
|-heal|p2a: Mostachitos|100/100
|move|p1a: Politoed|Hidden Power|p2a: Mostachitos
|-supereffective|p2a: Mostachitos
|-damage|p2a: Mostachitos|68/100
|
|-weather|RainDance|[upkeep]
|-heal|p1a: Politoed|93/100 par|[from] item: Leftovers
|upkeep
|turn|9
|
|move|p2a: Mostachitos|Night Shade|p1a: Politoed
|-damage|p1a: Politoed|67/100 par
|move|p1a: Politoed|Hidden Power|p2a: Mostachitos
|-supereffective|p2a: Mostachitos
|-damage|p2a: Mostachitos|33/100
|
|-weather|RainDance|[upkeep]
|-heal|p1a: Politoed|73/100 par|[from] item: Leftovers
|upkeep
|turn|10
|
|switch|p1a: Jirachi|Jirachi|100/100
|-damage|p1a: Jirachi|88/100|[from] Spikes
|move|p2a: Mostachitos|Recover|p2a: Mostachitos
|-heal|p2a: Mostachitos|83/100
|
|-weather|RainDance|[upkeep]
|-heal|p1a: Jirachi|94/100|[from] item: Leftovers
|upkeep
|turn|11
|
|switch|p2a: Mamonswine|Mamoswine, M|81/100
|move|p1a: Jirachi|Substitute|p1a: Jirachi
|-start|p1a: Jirachi|Substitute
|-damage|p1a: Jirachi|69/100
|
|-weather|RainDance|[upkeep]
|-heal|p1a: Jirachi|75/100|[from] item: Leftovers
|upkeep
|turn|12
|
|move|p1a: Jirachi|Calm Mind|p1a: Jirachi
|-boost|p1a: Jirachi|spa|1
|-boost|p1a: Jirachi|spd|1
|move|p2a: Mamonswine|Stealth Rock|p1a: Jirachi
|-sidestart|p1: hgfjhds|move: Stealth Rock
|
|-weather|RainDance|[upkeep]
|-heal|p1a: Jirachi|82/100|[from] item: Leftovers
|upkeep
|turn|13
|
|move|p1a: Jirachi|Water Pulse|p2a: Mamonswine
|-supereffective|p2a: Mamonswine
|-damage|p2a: Mamonswine|0 fnt
|faint|p2a: Mamonswine
|
|-weather|RainDance|[upkeep]
|-heal|p1a: Jirachi|88/100|[from] item: Leftovers
|upkeep
|
|switch|p2a: Latiosorio|Latios, M|100/100
|turn|14
|
|move|p2a: Latiosorio|Calm Mind|p2a: Latiosorio
|-boost|p2a: Latiosorio|spa|1
|-boost|p2a: Latiosorio|spd|1
|move|p1a: Jirachi|Thunder|p2a: Latiosorio
|-resisted|p2a: Latiosorio
|-damage|p2a: Latiosorio|85/100
|
|-weather|RainDance|[upkeep]
|-heal|p1a: Jirachi|94/100|[from] item: Leftovers
|upkeep
|turn|15
|
|move|p2a: Latiosorio|Surf|p1a: Jirachi
|-end|p1a: Jirachi|Substitute
|-damage|p2a: Latiosorio|75/100|[from] item: Life Orb
|move|p1a: Jirachi|Thunder|p2a: Latiosorio
|-resisted|p2a: Latiosorio
|-damage|p2a: Latiosorio|61/100
|-status|p2a: Latiosorio|par
|
|-weather|RainDance|[upkeep]
|-heal|p1a: Jirachi|99/100|[from] item: Leftovers
|upkeep
|turn|16
|
|move|p1a: Jirachi|Calm Mind|p1a: Jirachi
|-boost|p1a: Jirachi|spa|1
|-boost|p1a: Jirachi|spd|1
|move|p2a: Latiosorio|Calm Mind|p2a: Latiosorio
|-boost|p2a: Latiosorio|spa|1
|-boost|p2a: Latiosorio|spd|1
|
|-weather|RainDance|[upkeep]
|-heal|p1a: Jirachi|100/100|[from] item: Leftovers
|upkeep
|turn|17
|
|move|p1a: Jirachi|Water Pulse|p2a: Latiosorio
|-resisted|p2a: Latiosorio
|-damage|p2a: Latiosorio|51/100 par
|move|p2a: Latiosorio|Calm Mind|p2a: Latiosorio
|-boost|p2a: Latiosorio|spa|1
|-boost|p2a: Latiosorio|spd|1
|
|-weather|RainDance|[upkeep]
|upkeep
|turn|18
|
|move|p1a: Jirachi|Water Pulse|p2a: Latiosorio
|-resisted|p2a: Latiosorio
|-damage|p2a: Latiosorio|42/100 par
|-start|p2a: Latiosorio|confusion
|-activate|p2a: Latiosorio|confusion
|-damage|p2a: Latiosorio|31/100 par|[from] confusion
|
|-weather|RainDance|[upkeep]
|upkeep
|turn|19
|
|switch|p1a: Landorus|Landorus-Therian, M|100/100
|-damage|p1a: Landorus|88/100|[from] Stealth Rock
|-ability|p1a: Landorus|Intimidate|boost
|-unboost|p2a: Latiosorio|atk|1
|-activate|p2a: Latiosorio|confusion
|move|p2a: Latiosorio|Recover|p2a: Latiosorio
|-heal|p2a: Latiosorio|81/100 par
|
|-weather|RainDance|[upkeep]
|-heal|p1a: Landorus|94/100|[from] item: Leftovers
|upkeep
|turn|20
|
|move|p1a: Landorus|U-turn|p2a: Latiosorio
|-supereffective|p2a: Latiosorio
|-damage|p2a: Latiosorio|20/100 par
|
|switch|p1a: Politoed|Politoed, F|73/100 par|[from]move: U-turn
|-damage|p1a: Politoed|61/100 par|[from] Stealth Rock
|-damage|p1a: Politoed|48/100 par|[from] Spikes
|-activate|p2a: Latiosorio|confusion
|-damage|p2a: Latiosorio|13/100 par|[from] confusion
|
|-weather|RainDance|[upkeep]
|-heal|p1a: Politoed|55/100 par|[from] item: Leftovers
|upkeep
|turn|21
|l|☆EeveetoTheN00b
|inactive|EeveetoTheN00b disconnected and has a minute to reconnect!
|player|p2|
|j|☆EeveetoTheN00b
|inactive|EeveetoTheN00b reconnected and has 125 seconds left.
|player|p2|EeveetoTheN00b|acetrainersnow
|
|switch|p1a: Landorus|Landorus-Therian, M|94/100
|-damage|p1a: Landorus|82/100|[from] Stealth Rock
|-ability|p1a: Landorus|Intimidate|boost
|-unboost|p2a: Latiosorio|atk|1
|-activate|p2a: Latiosorio|confusion
|-damage|p2a: Latiosorio|7/100 par|[from] confusion
|
|-weather|RainDance|[upkeep]
|-heal|p1a: Landorus|88/100|[from] item: Leftovers
|upkeep
|turn|22
|
|switch|p2a: Sr. Recortes|Scizor, M|100/100
|move|p1a: Landorus|U-turn|p2a: Sr. Recortes
|-resisted|p2a: Sr. Recortes
|-damage|p2a: Sr. Recortes|87/100
|
|switch|p1a: Starmie|Starmie|100/100|[from]move: U-turn
|-damage|p1a: Starmie|88/100|[from] Spikes
|-damage|p1a: Starmie|76/100|[from] Stealth Rock
|
|-weather|RainDance|[upkeep]
|upkeep
|turn|23
|
|switch|p2a: Latiosorio|Latios, M|7/100 par
|move|p1a: Starmie|Thunder|p2a: Latiosorio
|-resisted|p2a: Latiosorio
|-damage|p2a: Latiosorio|0 fnt
|-damage|p1a: Starmie|66/100|[from] item: Life Orb
|faint|p2a: Latiosorio
|
|-weather|RainDance|[upkeep]
|upkeep
|
|switch|p2a: Wish Of Hax|Jirachi|100/100
|turn|24
|
|switch|p1a: Landorus|Landorus-Therian, M|88/100
|-damage|p1a: Landorus|75/100|[from] Stealth Rock
|-ability|p1a: Landorus|Intimidate|boost
|-unboost|p2a: Wish Of Hax|atk|1
|move|p2a: Wish Of Hax|U-turn|p1a: Landorus
|-resisted|p1a: Landorus
|-damage|p1a: Landorus|70/100
|
|switch|p2a: Frosslasse|Froslass, F|1/100|[from]move: U-turn
|
|-weather|RainDance|[upkeep]
|-heal|p1a: Landorus|76/100|[from] item: Leftovers
|upkeep
|turn|25
|
|switch|p1a: Politoed|Politoed, F|55/100 par
|-damage|p1a: Politoed|42/100 par|[from] Stealth Rock
|-damage|p1a: Politoed|30/100 par|[from] Spikes
|move|p2a: Frosslasse|Ice Beam|p1a: Politoed
|-resisted|p1a: Politoed
|-damage|p1a: Politoed|14/100 par
|
|-weather|RainDance|[upkeep]
|-heal|p1a: Politoed|20/100 par|[from] item: Leftovers
|upkeep
|turn|26
|
|switch|p2a: Mostachitos|Jellicent, M|83/100
|move|p1a: Politoed|Hidden Power|p2a: Mostachitos
|-supereffective|p2a: Mostachitos
|-damage|p2a: Mostachitos|49/100
|
|-weather|RainDance|[upkeep]
|-heal|p1a: Politoed|27/100 par|[from] item: Leftovers
|upkeep
|turn|27
|
|switch|p1a: Jirachi|Jirachi|100/100
|-damage|p1a: Jirachi|94/100|[from] Stealth Rock
|-damage|p1a: Jirachi|82/100|[from] Spikes
|move|p2a: Mostachitos|Recover|p2a: Mostachitos
|-heal|p2a: Mostachitos|99/100
|
|-weather|RainDance|[upkeep]
|-heal|p1a: Jirachi|88/100|[from] item: Leftovers
|upkeep
|turn|28
|
|move|p1a: Jirachi|Thunder|p2a: Mostachitos
|-supereffective|p2a: Mostachitos
|-damage|p2a: Mostachitos|58/100
|move|p2a: Mostachitos|Taunt|p1a: Jirachi
|-start|p1a: Jirachi|move: Taunt
|
|-weather|RainDance|[upkeep]
|-heal|p1a: Jirachi|94/100|[from] item: Leftovers
|upkeep
|turn|29
|
|switch|p2a: Frosslasse|Froslass, F|1/100
|move|p1a: Jirachi|Thunder|p2a: Frosslasse
|-crit|p2a: Frosslasse
|-damage|p2a: Frosslasse|0 fnt
|faint|p2a: Frosslasse
|
|-weather|RainDance|[upkeep]
|-heal|p1a: Jirachi|100/100|[from] item: Leftovers
|upkeep
|
|switch|p2a: Wish Of Hax|Jirachi|100/100
|turn|30
|
|switch|p1a: Politoed|Politoed, F|27/100 par
|-damage|p1a: Politoed|14/100 par|[from] Stealth Rock
|-damage|p1a: Politoed|2/100 par|[from] Spikes
|move|p2a: Wish Of Hax|Trick|p1a: Politoed
|-activate|p2a: Wish Of Hax|move: Trick|[of] p1a: Politoed
|-item|p1a: Politoed|Choice Scarf|[from] move: Trick
|-item|p2a: Wish Of Hax|Leftovers|[from] move: Trick
|
|-weather|RainDance|[upkeep]
|upkeep
|turn|31
|
|move|p2a: Wish Of Hax|Iron Head|p1a: Politoed
|-resisted|p1a: Politoed
|-crit|p1a: Politoed
|-damage|p1a: Politoed|0 fnt
|faint|p1a: Politoed
|
|-weather|RainDance|[upkeep]
|upkeep
|
|switch|p1a: Starmie|Starmie|66/100
|-damage|p1a: Starmie|54/100|[from] Spikes
|-damage|p1a: Starmie|41/100|[from] Stealth Rock
|turn|32
|
|move|p1a: Starmie|Rapid Spin|p2a: Wish Of Hax
|-resisted|p2a: Wish Of Hax
|-damage|p2a: Wish Of Hax|99/100
|-sideend|p1: hgfjhds|Spikes|[from] move: Rapid Spin|[of] p1a: Starmie
|-sideend|p1: hgfjhds|Stealth Rock|[from] move: Rapid Spin|[of] p1a: Starmie
|-damage|p1a: Starmie|32/100|[from] item: Life Orb
|move|p2a: Wish Of Hax|U-turn|p1a: Starmie
|-supereffective|p1a: Starmie
|-damage|p1a: Starmie|0 fnt
|faint|p1a: Starmie
|
|switch|p2a: Sr. Recortes|Scizor, M|87/100|[from]move: U-turn
|
|-weather|RainDance|[upkeep]
|upkeep
|
|switch|p1a: Volcarona|Volcarona, M|100/100
|turn|33
|
|move|p1a: Volcarona|Fire Blast|p2a: Sr. Recortes
|-supereffective|p2a: Sr. Recortes
|-damage|p2a: Sr. Recortes|0 fnt
|-damage|p1a: Volcarona|91/100|[from] item: Life Orb
|faint|p2a: Sr. Recortes
|
|-weather|RainDance|[upkeep]
|upkeep
|-message|EeveetoTheN00b forfeited.
|
|win|hgfjhds
|l|☆EeveetoTheN00b
|raw|hgfjhds's rating: 1488 &rarr; <strong>1504</strong><br />(+16 for winning)
|raw|EeveetoTheN00b's rating: 1402 &rarr; <strong>1387</strong><br />(-15 for losing)
