|j|☆yoloboy9000
|j|☆pengas&pingas
|player|p1|yoloboy9000|101|1309
|player|p2|pengas&pingas|teammagmagruntf-gen3|1412
|teamsize|p1|6
|teamsize|p2|6
|gametype|singles
|gen|5
|tier|[Gen 5] OU
|rated|
|clearpoke
|poke|p1|Tyranitar, M|item
|poke|p1|Magnezone|item
|poke|p1|Terrakion|item
|poke|p1|Latios, M|item
|poke|p1|Scizor, M|item
|poke|p1|Landorus-Therian, M|item
|poke|p2|Politoed, M|item
|poke|p2|Tentacruel, F|item
|poke|p2|Kyurem|item
|poke|p2|Toxicroak, F|item
|poke|p2|Ludicolo, M|item
|poke|p2|Skarmory, M|item
|rule|Species Clause: Limit one of each Pokémon
|rule|OHKO Clause: OHKO moves are banned
|rule|Moody Clause: Moody is banned
|rule|Evasion Moves Clause: Evasion moves are banned
|rule|Endless Battle Clause: Forcing endless battles is banned
|rule|HP Percentage Mod: HP is shown in percentages
|rule|Evasion Abilities Clause: Evasion abilities are banned
|rule|Baton Pass Clause: Limit one Baton Passer, can't pass Spe and other stats simultaneously
|rule|Sleep Clause: Sleep-inducing moves are banned
|rule|Swagger Clause: Swagger is banned
|teampreview
|inactive|Battle timer is ON: inactive players will automatically lose when time's up. (requested by yoloboy9000)
|c|☆yoloboy9000|hey:)
|
|start
|switch|p1a: Pat Riely|Tyranitar, M|100/100
|switch|p2a: Kyurem|Kyurem|100/100
|-ability|p2a: Kyurem|Pressure
|-weather|Sandstorm|[from] ability: Sand Stream|[of] p1a: Pat Riely
|turn|1
|
|move|p2a: Kyurem|Substitute|p2a: Kyurem
|-start|p2a: Kyurem|Substitute
|-damage|p2a: Kyurem|76/100
|move|p1a: Pat Riely|Roar|p2a: Kyurem
|drag|p2a: Ludicolo|Ludicolo, M|100/100
|
|-weather|Sandstorm|[upkeep]
|-damage|p2a: Ludicolo|94/100|[from] Sandstorm
|-heal|p2a: Ludicolo|100/100|[from] item: Leftovers
|upkeep
|turn|2
|
|move|p2a: Ludicolo|Leech Seed|p1a: Pat Riely
|-start|p1a: Pat Riely|move: Leech Seed
|move|p1a: Pat Riely|Stealth Rock|p2a: Ludicolo
|-sidestart|p2: pengas&pingas|move: Stealth Rock
|
|-weather|Sandstorm|[upkeep]
|-damage|p2a: Ludicolo|94/100|[from] Sandstorm
|-heal|p2a: Ludicolo|100/100|[from] item: Leftovers
|-damage|p1a: Pat Riely|88/100|[from] Leech Seed|[of] p2a: Ludicolo
|upkeep
|turn|3
|
|-activate|p2a: Ludicolo|move: Pursuit
|move|p1a: Pat Riely|Pursuit|p2a: Ludicolo|[from]Pursuit
|-damage|p2a: Ludicolo|65/100
|switch|p2a: Politoed|Politoed, M|100/100
|-damage|p2a: Politoed|88/100|[from] Stealth Rock
|-weather|RainDance|[from] ability: Drizzle|[of] p2a: Politoed
|
|-weather|RainDance|[upkeep]
|-heal|p2a: Politoed|94/100|[from] item: Leftovers
|-heal|p1a: Pat Riely|94/100|[from] item: Leftovers
|-damage|p1a: Pat Riely|82/100|[from] Leech Seed|[of] p2a: Politoed
|-heal|p2a: Politoed|100/100|[silent]
|upkeep
|turn|4
|
|switch|p1a: Bosh|Latios, M, shiny|100/100
|move|p2a: Politoed|Scald|p1a: Bosh
|-resisted|p1a: Bosh
|-damage|p1a: Bosh|79/100
|
|-weather|RainDance|[upkeep]
|upkeep
|turn|5
|
|switch|p1a: Pat Riely|Tyranitar, M|82/100
|-weather|Sandstorm|[from] ability: Sand Stream|[of] p1a: Pat Riely
|switch|p2a: Skarmory|Skarmory, M|100/100
|-damage|p2a: Skarmory|88/100|[from] Stealth Rock
|
|-weather|Sandstorm|[upkeep]
|-heal|p1a: Pat Riely|88/100|[from] item: Leftovers
|upkeep
|turn|6
|
|switch|p1a: Bron Bron|Landorus-Therian, M|100/100
|-ability|p1a: Bron Bron|Intimidate|boost
|-unboost|p2a: Skarmory|atk|1
|move|p2a: Skarmory|Stealth Rock|p1a: Bron Bron
|-sidestart|p1: yoloboy9000|move: Stealth Rock
|
|-weather|Sandstorm|[upkeep]
|upkeep
|turn|7
|
|move|p1a: Bron Bron|U-turn|p2a: Skarmory
|-resisted|p2a: Skarmory
|-damage|p2a: Skarmory|83/100
|
|switch|p1a: Ray Allen|Magnezone|100/100|[from]move: U-turn
|-damage|p1a: Ray Allen|94/100|[from] Stealth Rock
|move|p2a: Skarmory|Roost|p2a: Skarmory
|-heal|p2a: Skarmory|100/100
|-singleturn|p2a: Skarmory|move: Roost
|
|-weather|Sandstorm|[upkeep]
|-heal|p1a: Ray Allen|100/100|[from] item: Leftovers
|upkeep
|turn|8
|
|switch|p2a: Toxicroak|Toxicroak, F|100/100
|-damage|p2a: Toxicroak|94/100|[from] Stealth Rock
|move|p1a: Ray Allen|Charge Beam|p2a: Toxicroak
|-damage|p2a: Toxicroak|62/100
|-boost|p1a: Ray Allen|spa|1
|
|-weather|Sandstorm|[upkeep]
|-damage|p2a: Toxicroak|55/100|[from] Sandstorm
|-heal|p2a: Toxicroak|62/100|[from] item: Black Sludge
|upkeep
|turn|9
|
|move|p1a: Ray Allen|Hidden Power|p2a: Toxicroak
|-damage|p2a: Toxicroak|0 fnt
|faint|p2a: Toxicroak
|
|-weather|Sandstorm|[upkeep]
|upkeep
|
|switch|p2a: Kyurem|Kyurem|76/100
|-damage|p2a: Kyurem|51/100|[from] Stealth Rock
|-ability|p2a: Kyurem|Pressure
|turn|10
|
|switch|p1a: D.Wade|Terrakion|100/100
|-damage|p1a: D.Wade|94/100|[from] Stealth Rock
|move|p2a: Kyurem|Roost|p2a: Kyurem
|-heal|p2a: Kyurem|100/100
|-singleturn|p2a: Kyurem|move: Roost
|
|-weather|Sandstorm|[upkeep]
|-damage|p2a: Kyurem|94/100|[from] Sandstorm
|-heal|p2a: Kyurem|100/100|[from] item: Leftovers
|upkeep
|turn|11
|
|switch|p2a: Tentacruel|Tentacruel, F|100/100
|-damage|p2a: Tentacruel|88/100|[from] Stealth Rock
|move|p1a: D.Wade|Close Combat|p2a: Tentacruel
|-resisted|p2a: Tentacruel
|-damage|p2a: Tentacruel|55/100
|-unboost|p1a: D.Wade|def|1
|-unboost|p1a: D.Wade|spd|1
|
|-weather|Sandstorm|[upkeep]
|-damage|p2a: Tentacruel|49/100|[from] Sandstorm
|-heal|p2a: Tentacruel|55/100|[from] item: Black Sludge
|upkeep
|turn|12
|
|switch|p1a: Bosh|Latios, M, shiny|79/100
|-damage|p1a: Bosh|67/100|[from] Stealth Rock
|move|p2a: Tentacruel|Rapid Spin|p1a: Bosh
|-damage|p1a: Bosh|63/100
|-sideend|p2: pengas&pingas|Stealth Rock|[from] move: Rapid Spin|[of] p2a: Tentacruel
|
|-weather|Sandstorm|[upkeep]
|-damage|p1a: Bosh|57/100|[from] Sandstorm
|-damage|p2a: Tentacruel|49/100|[from] Sandstorm
|-heal|p2a: Tentacruel|55/100|[from] item: Black Sludge
|upkeep
|turn|13
|
|switch|p2a: Skarmory|Skarmory, M|100/100
|move|p1a: Bosh|Psyshock|p2a: Skarmory
|-resisted|p2a: Skarmory
|-crit|p2a: Skarmory
|-damage|p2a: Skarmory|71/100
|
|-weather|Sandstorm|[upkeep]
|-damage|p1a: Bosh|51/100|[from] Sandstorm
|upkeep
|turn|14
|
|move|p1a: Bosh|Draco Meteor|p2a: Skarmory
|-resisted|p2a: Skarmory
|-damage|p2a: Skarmory|37/100
|-unboost|p1a: Bosh|spa|2
|move|p2a: Skarmory|Roost|p2a: Skarmory
|-heal|p2a: Skarmory|87/100
|-singleturn|p2a: Skarmory|move: Roost
|
|-weather|Sandstorm|[upkeep]
|-damage|p1a: Bosh|45/100|[from] Sandstorm
|upkeep
|turn|15
|
|switch|p1a: Ray Allen|Magnezone|100/100
|-damage|p1a: Ray Allen|94/100|[from] Stealth Rock
|move|p2a: Skarmory|Whirlwind|p1a: Ray Allen
|drag|p1a: D.Wade|Terrakion|94/100
|-damage|p1a: D.Wade|88/100|[from] Stealth Rock
|
|-weather|Sandstorm|[upkeep]
|upkeep
|turn|16
|
|switch|p1a: Ray Allen|Magnezone|94/100
|-damage|p1a: Ray Allen|88/100|[from] Stealth Rock
|move|p2a: Skarmory|Protect||[still]
|-fail|p2a: Skarmory
|
|-weather|Sandstorm|[upkeep]
|-heal|p1a: Ray Allen|94/100|[from] item: Leftovers
|upkeep
|turn|17
|
|switch|p2a: Kyurem|Kyurem|100/100
|-ability|p2a: Kyurem|Pressure
|move|p1a: Ray Allen|Charge Beam|p2a: Kyurem
|-resisted|p2a: Kyurem
|-damage|p2a: Kyurem|88/100
|
|-weather|Sandstorm|[upkeep]
|-damage|p2a: Kyurem|82/100|[from] Sandstorm
|-heal|p2a: Kyurem|88/100|[from] item: Leftovers
|-heal|p1a: Ray Allen|100/100|[from] item: Leftovers
|upkeep
|turn|18
|
|move|p2a: Kyurem|Substitute|p2a: Kyurem
|-start|p2a: Kyurem|Substitute
|-damage|p2a: Kyurem|63/100
|move|p1a: Ray Allen|Flash Cannon|p2a: Kyurem
|-supereffective|p2a: Kyurem
|-end|p2a: Kyurem|Substitute
|
|-weather|Sandstorm|[upkeep]
|-damage|p2a: Kyurem|57/100|[from] Sandstorm
|-heal|p2a: Kyurem|63/100|[from] item: Leftovers
|upkeep
|turn|19
|
|switch|p1a: D.Wade|Terrakion|88/100
|-damage|p1a: D.Wade|82/100|[from] Stealth Rock
|move|p2a: Kyurem|Earth Power|p1a: D.Wade
|-supereffective|p1a: D.Wade
|-damage|p1a: D.Wade|33/100
|
|-weather|Sandstorm|[upkeep]
|-damage|p2a: Kyurem|57/100|[from] Sandstorm
|-heal|p2a: Kyurem|63/100|[from] item: Leftovers
|upkeep
|turn|20
|
|switch|p2a: Skarmory|Skarmory, M|87/100
|move|p1a: D.Wade|Close Combat|p2a: Skarmory
|-damage|p2a: Skarmory|47/100
|-unboost|p1a: D.Wade|def|1
|-unboost|p1a: D.Wade|spd|1
|
|-weather|Sandstorm|[upkeep]
|upkeep
|turn|21
|
|move|p1a: D.Wade|Close Combat|p2a: Skarmory
|-crit|p2a: Skarmory
|-damage|p2a: Skarmory|0 fnt
|-unboost|p1a: D.Wade|def|1
|-unboost|p1a: D.Wade|spd|1
|faint|p2a: Skarmory
|
|-weather|Sandstorm|[upkeep]
|upkeep
|
|switch|p2a: Tentacruel|Tentacruel, F|55/100
|turn|22
|
|move|p1a: D.Wade|Close Combat|p2a: Tentacruel
|-resisted|p2a: Tentacruel
|-damage|p2a: Tentacruel|21/100
|-unboost|p1a: D.Wade|def|1
|-unboost|p1a: D.Wade|spd|1
|move|p2a: Tentacruel|Scald|p1a: D.Wade
|-supereffective|p1a: D.Wade
|-damage|p1a: D.Wade|0 fnt
|faint|p1a: D.Wade
|
|-weather|Sandstorm|[upkeep]
|-damage|p2a: Tentacruel|15/100|[from] Sandstorm
|-heal|p2a: Tentacruel|21/100|[from] item: Black Sludge
|upkeep
|
|switch|p1a: Bosh|Latios, M, shiny|45/100
|-damage|p1a: Bosh|32/100|[from] Stealth Rock
|turn|23
|c|☆pengas&pingas|gg
|c|☆yoloboy9000|gg
|-message|pengas&pingas forfeited.
|
|win|yoloboy9000
|l|☆pengas&pingas
|raw|yoloboy9000's rating: 1309 &rarr; <strong>1335</strong><br />(+26 for winning)
|raw|pengas&amp;pingas's rating: 1412 &rarr; <strong>1386</strong><br />(-26 for losing)
