|join|Sir Ryan House
|join|Mikkelinski
|player|p1|Sir Ryan House|52
|player|p2|Mikkelinski|273
|gametype|singles
|gen|5
|tier|[Gen 5] OU
|rated
|rule|Evasion Abilities Clause: Evasion abilities are banned
|clearpoke
|poke|p1|Hydreigon, M
|poke|p1|Celebi, shiny
|poke|p1|Heatran, M
|poke|p1|Alakazam, M
|poke|p1|Scizor, M
|poke|p1|Vaporeon, F
|poke|p2|Garchomp, M
|poke|p2|Haxorus, F
|poke|p2|Latios, M
|poke|p2|Scizor, M
|poke|p2|Magnezone
|poke|p2|Swampert, M
|rule|Sleep Clause Mod: Limit one foe put to sleep
|rule|Species Clause: Limit one of each Pokemon
|rule|OHKO Clause: OHKO moves are banned
|rule|Moody Clause: Moody is banned
|rule|Evasion Moves Clause: Evasion moves are banned
|rule|Endless Battle Clause: Forcing endless battles is banned.
|rule|HP Percentage Mod: HP is reported as percentages
|teampreview
|
|start
|switch|p1a: Knightmare|Scizor, M|282/282
|switch|p2a: Swampert|Swampert, M|404/404
|turn|1
|
|move|p1a: Knightmare|U-turn|p2a: Swampert
|-damage|p2a: Swampert|208/404
|
|switch|p1a: Hydreigon|Hydreigon, M|336/336
|move|p2a: Swampert|Stealth Rock|p1a: Hydreigon
|-sidestart|p1: Sir Ryan House|move: Stealth Rock
|
|-heal|p2a: Swampert|233/404|[from] item: Leftovers
|turn|2
|
|move|p1a: Hydreigon|Draco Meteor|p2a: Swampert
|-damage|p2a: Swampert|0 fnt
|-unboost|p1a: Hydreigon|spa|2
|faint|p2a: Swampert
|
|
|switch|p2a: Garchomp|Garchomp, M|358/358
|turn|3
|
|switch|p1a: Celebi|Celebi, shiny|404/404
|-damage|p1a: Celebi|354/404|[from] Stealth Rock
|move|p2a: Garchomp|Swords Dance|p2a: Garchomp
|-boost|p2a: Garchomp|atk|2
|
|turn|4
|
|move|p1a: Celebi|Psychic|p2a: Garchomp
|-damage|p2a: Garchomp|244/358
|move|p2a: Garchomp|Fire Fang|p1a: Celebi
|-crit|p1a: Celebi
|-supereffective|p1a: Celebi
|-damage|p1a: Celebi|0 fnt
|faint|p1a: Celebi
|
|
|switch|p1a: Alakazam|Alakazam, M|252/252
|turn|5
|
|move|p1a: Alakazam|Hidden Power|p2a: Garchomp
|-crit|p2a: Garchomp
|-supereffective|p2a: Garchomp
|-damage|p2a: Garchomp|0 fnt
|faint|p2a: Garchomp
|
|
|switch|p2a: Scizor|Scizor, M|344/344
|turn|6
|
|move|p2a: Scizor|Pursuit|p1a: Alakazam|[from]Pursuit
|-supereffective|p1a: Alakazam
|-enditem|p1a: Alakazam|Focus Sash
|-damage|p1a: Alakazam|1/252
|switch|p1a: Heatran|Heatran, M|386/386
|-damage|p1a: Heatran|338/386|[from] Stealth Rock
|
|-heal|p1a: Heatran|362/386|[from] item: Leftovers
|turn|7
|
|switch|p2a: Haxorus|Haxorus, F|294/294
|-ability|p2a: Haxorus|Mold Breaker
|move|p1a: Heatran|Lava Plume|p2a: Haxorus
|-resisted|p2a: Haxorus
|-damage|p2a: Haxorus|221/294
|
|-heal|p1a: Heatran|386/386|[from] item: Leftovers
|turn|8
|
|move|p2a: Haxorus|Superpower|p1a: Heatran
|-supereffective|p1a: Heatran
|-damage|p1a: Heatran|0 fnt
|-unboost|p2a: Haxorus|atk|1
|-unboost|p2a: Haxorus|def|1
|faint|p1a: Heatran
|
|
|switch|p1a: Hydreigon|Hydreigon, M|336/336
|-damage|p1a: Hydreigon|294/336|[from] Stealth Rock
|turn|9
|
|switch|p2a: Magnezone|Magnezone|282/282
|move|p1a: Hydreigon|Draco Meteor|p2a: Magnezone
|-resisted|p2a: Magnezone
|-damage|p2a: Magnezone|152/282
|-unboost|p1a: Hydreigon|spa|2
|
|-heal|p1a: Hydreigon|315/336|[from] item: Leftovers
|-heal|p2a: Magnezone|169/282|[from] item: Leftovers
|turn|10
|
|move|p1a: Hydreigon|Flamethrower|p2a: Magnezone
|-supereffective|p2a: Magnezone
|-damage|p2a: Magnezone|57/282
|move|p2a: Magnezone|Thunderbolt|p1a: Hydreigon
|-resisted|p1a: Hydreigon
|-damage|p1a: Hydreigon|225/336
|
|-heal|p1a: Hydreigon|246/336|[from] item: Leftovers
|-heal|p2a: Magnezone|74/282|[from] item: Leftovers
|turn|11
|chat|Mikkelinski|ah dark, not flying lol
|
|switch|p2a: Latios|Latios, M|302/302
|move|p1a: Hydreigon|Flamethrower|p2a: Latios
|-resisted|p2a: Latios
|-damage|p2a: Latios|279/302
|
|-heal|p1a: Hydreigon|267/336|[from] item: Leftovers
|turn|12
|
|switch|p1a: Vaporeon|Vaporeon, F|463/463
|-damage|p1a: Vaporeon|406/463|[from] Stealth Rock
|move|p2a: Latios|Calm Mind|p2a: Latios
|-boost|p2a: Latios|spa|1
|-boost|p2a: Latios|spd|1
|
|-heal|p1a: Vaporeon|434/463|[from] item: Leftovers
|turn|13
|
|move|p2a: Latios|Dragon Pulse|p1a: Vaporeon
|-damage|p1a: Vaporeon|82/463
|-damage|p2a: Latios|249/302|[from] item: Life Orb
|move|p1a: Vaporeon|Toxic|p2a: Latios
|-status|p2a: Latios|tox
|
|-heal|p1a: Vaporeon|110/463|[from] item: Leftovers
|-damage|p2a: Latios|231/302 tox|[from] psn
|turn|14
|
|move|p1a: Vaporeon|Protect|p1a: Vaporeon
|-singleturn|p1a: Vaporeon|Protect
|move|p2a: Latios|Dragon Pulse|p1a: Vaporeon
|-activate|p1a: Vaporeon|Protect
|
|-heal|p1a: Vaporeon|138/463|[from] item: Leftovers
|-damage|p2a: Latios|195/302 tox|[from] psn
|turn|15
|
|switch|p1a: Knightmare|Scizor, M|282/282
|-damage|p1a: Knightmare|247/282|[from] Stealth Rock
|move|p2a: Latios|Dragon Pulse|p1a: Knightmare
|-resisted|p1a: Knightmare
|-damage|p1a: Knightmare|72/282
|-damage|p2a: Latios|165/302 tox|[from] item: Life Orb
|
|-damage|p2a: Latios|111/302 tox|[from] psn
|turn|16
|
|move|p2a: Latios|Roost|p2a: Latios
|-heal|p2a: Latios|262/302 tox
|move|p1a: Knightmare|U-turn|p2a: Latios
|-supereffective|p2a: Latios
|-damage|p2a: Latios|0 fnt
|faint|p2a: Latios
|
|switch|p1a: Hydreigon|Hydreigon, M|267/336
|-damage|p1a: Hydreigon|225/336|[from] Stealth Rock
|
|-heal|p1a: Hydreigon|246/336|[from] item: Leftovers
|
|switch|p2a: Magnezone|Magnezone|74/282
|turn|17
|
|move|p1a: Hydreigon|Flamethrower|p2a: Magnezone
|-supereffective|p2a: Magnezone
|-damage|p2a: Magnezone|0 fnt
|faint|p2a: Magnezone
|
|-heal|p1a: Hydreigon|267/336|[from] item: Leftovers
|
|switch|p2a: Scizor|Scizor, M|344/344
|turn|18
|
|move|p2a: Scizor|Bullet Punch|p1a: Hydreigon
|-damage|p1a: Hydreigon|78/336
|move|p1a: Hydreigon|Flamethrower|p2a: Scizor
|-supereffective|p2a: Scizor
|-damage|p2a: Scizor|0 fnt
|faint|p2a: Scizor
|
|-heal|p1a: Hydreigon|99/336|[from] item: Leftovers
|chat|Sir Ryan House|gg
|chat|Mikkelinski|gg
|
|switch|p2a: Haxorus|Haxorus, F|221/294
|-ability|p2a: Haxorus|Mold Breaker
|turn|19
|
|move|p1a: Hydreigon|Draco Meteor|p2a: Haxorus
|-supereffective|p2a: Haxorus
|-damage|p2a: Haxorus|0 fnt
|-unboost|p1a: Hydreigon|spa|2
|faint|p2a: Haxorus
|
|win|Sir Ryan House
|raw|Ladder updating...
|raw|Sir Ryan House's rating: 1321 &rarr; <strong>1343</strong><br />(+22 for winning)
|raw|Mikkelinski's rating: 1353 &rarr; <strong>1331</strong><br />(-22 for losing)