|j|☆Sawk123
|j|☆Papkens
|t:|1729600505
|gametype|singles
|player|p1|Sawk123|169|1271
|player|p2|Papkens|burglar|1391
|teamsize|p1|6
|teamsize|p2|6
|gen|5
|tier|[Gen 5] OU
|rated|
|rule|Species Clause: Limit one of each Pokémon
|rule|OHKO Clause: OHKO moves are banned
|rule|Moody Clause: Moody is banned
|rule|Evasion Items Clause: Evasion items are banned
|rule|Evasion Moves Clause: Evasion moves are banned
|rule|Endless Battle Clause: Forcing endless battles is banned
|rule|HP Percentage Mod: HP is shown in percentages
|rule|Evasion Abilities Clause: Evasion abilities are banned
|rule|Sleep Moves Clause: Sleep-inducing moves are banned
|rule|Swagger Clause: Swagger is banned
|rule|Baton Pass Stat Clause: No Baton Passer may have a way to boost its stats
|clearpoke
|poke|p1|Keldeo|item
|poke|p1|Terrakion|item
|poke|p1|Excadrill, F|item
|poke|p1|Ferrothorn, F|item
|poke|p1|Jellicent, F|item
|poke|p1|Latios, M|item
|poke|p2|Skarmory, F|item
|poke|p2|Zoroark, F|item
|poke|p2|Starmie|item
|poke|p2|Dragonite, M|item
|poke|p2|Clefable, M|item
|poke|p2|Gengar, F|item
|teampreview
|inactive|Battle timer is ON: inactive players will automatically lose when time's up. (requested by Sawk123)
|
|t:|1729600516
|start
|switch|p1a: Latios|Latios, M|100/100
|switch|p2a: Gengar|Gengar, F|100/100
|turn|1
|
|t:|1729600531
|switch|p1a: Ferrothorn|Ferrothorn, F|100/100
|switch|p2a: Clefable|Clefable, M|100/100
|
|upkeep
|turn|2
|
|t:|1729600539
|move|p2a: Clefable|Thunder Wave|p1a: Ferrothorn
|-status|p1a: Ferrothorn|par
|move|p1a: Ferrothorn|Spikes|p2a: Clefable
|-sidestart|p2: Papkens|Spikes
|
|upkeep
|turn|3
|
|t:|1729600554
|move|p2a: Clefable|Wish|p2a: Clefable
|move|p1a: Ferrothorn|Spikes|p2a: Clefable
|-sidestart|p2: Papkens|Spikes
|
|upkeep
|turn|4
|
|t:|1729600561
|switch|p2a: Gengar|Gengar, F|100/100
|-damage|p2a: Gengar|84/100|[from] Spikes
|switch|p1a: Latios|Latios, M|100/100
|
|-heal|p2a: Gengar|100/100|[from] move: Wish|[wisher] Clefable
|upkeep
|turn|5
|
|t:|1729600573
|move|p1a: Latios|Calm Mind|p1a: Latios
|-boost|p1a: Latios|spa|1
|-boost|p1a: Latios|spd|1
|move|p2a: Gengar|Substitute|p2a: Gengar
|-start|p2a: Gengar|Substitute
|-damage|p2a: Gengar|76/100
|
|-heal|p2a: Gengar|82/100|[from] item: Leftovers
|upkeep
|turn|6
|
|t:|1729600583
|move|p1a: Latios|Hidden Power|p2a: Gengar
|-end|p2a: Gengar|Substitute
|-damage|p1a: Latios|91/100|[from] item: Life Orb
|move|p2a: Gengar|Nasty Plot|p2a: Gengar
|-boost|p2a: Gengar|spa|2
|
|-heal|p2a: Gengar|88/100|[from] item: Leftovers
|upkeep
|turn|7
|
|t:|1729600595
|move|p1a: Latios|Draco Meteor|p2a: Gengar
|-damage|p2a: Gengar|0 fnt
|-unboost|p1a: Latios|spa|2
|replace|p2a: Zoroark|Zoroark, F
|-end|p2a: Zoroark|Illusion
|faint|p2a: Zoroark
|-damage|p1a: Latios|81/100|[from] item: Life Orb
|
|upkeep
|
|t:|1729600606
|switch|p2a: Starmie|Starmie|100/100
|-damage|p2a: Starmie|84/100|[from] Spikes
|turn|8
|
|t:|1729600612
|switch|p1a: Ferrothorn|Ferrothorn, F|100/100 par
|move|p2a: Starmie|Rapid Spin|p1a: Ferrothorn
|-resisted|p1a: Ferrothorn
|-damage|p1a: Ferrothorn|99/100 par
|-damage|p2a: Starmie|72/100|[from] ability: Iron Barbs|[of] p1a: Ferrothorn
|-sideend|p2: Papkens|Spikes|[from] move: Rapid Spin|[of] p2a: Starmie
|
|-heal|p1a: Ferrothorn|100/100 par|[from] item: Leftovers
|upkeep
|turn|9
|
|t:|1729600631
|switch|p2a: Skarmory|Skarmory, F|100/100
|move|p1a: Ferrothorn|Thunder Wave|p2a: Skarmory
|-status|p2a: Skarmory|par
|
|upkeep
|turn|10
|
|t:|1729600639
|move|p2a: Skarmory|Stealth Rock|p1a: Ferrothorn
|-sidestart|p1: Sawk123|move: Stealth Rock
|move|p1a: Ferrothorn|Leech Seed|p2a: Skarmory
|-start|p2a: Skarmory|move: Leech Seed
|
|-damage|p2a: Skarmory|88/100 par|[from] Leech Seed|[of] p1a: Ferrothorn
|upkeep
|turn|11
|
|t:|1729600646
|switch|p1a: Latios|Latios, M|81/100
|-damage|p1a: Latios|68/100|[from] Stealth Rock
|move|p2a: Skarmory|Spikes|p1a: Latios
|-sidestart|p1: Sawk123|Spikes
|
|-heal|p2a: Skarmory|94/100 par|[from] item: Leftovers
|-damage|p2a: Skarmory|82/100 par|[from] Leech Seed|[of] p1a: Latios
|-heal|p1a: Latios|82/100|[silent]
|upkeep
|turn|12
|
|t:|1729600657
|move|p1a: Latios|Thunder|p2a: Skarmory|[miss]
|-miss|p1a: Latios|p2a: Skarmory
|move|p2a: Skarmory|Roar|p1a: Latios
|drag|p1a: Jellicent|Jellicent, F|100/100
|-damage|p1a: Jellicent|88/100|[from] Stealth Rock
|-damage|p1a: Jellicent|76/100|[from] Spikes
|
|-heal|p1a: Jellicent|82/100|[from] item: Leftovers
|-heal|p2a: Skarmory|88/100 par|[from] item: Leftovers
|-damage|p2a: Skarmory|76/100 par|[from] Leech Seed|[of] p1a: Jellicent
|-heal|p1a: Jellicent|92/100|[silent]
|upkeep
|turn|13
|
|t:|1729600671
|switch|p2a: Clefable|Clefable, M|100/100
|move|p1a: Jellicent|Taunt|p2a: Clefable
|-start|p2a: Clefable|move: Taunt
|
|-heal|p1a: Jellicent|98/100|[from] item: Leftovers
|upkeep
|turn|14
|
|t:|1729600686
|switch|p1a: Excadrill|Excadrill, F|100/100
|-damage|p1a: Excadrill|97/100|[from] Stealth Rock
|-ability|p1a: Excadrill|Mold Breaker
|-item|p1a: Excadrill|Air Balloon
|switch|p2a: Gengar|Gengar, F|100/100
|
|upkeep
|turn|15
|
|t:|1729600696
|move|p2a: Gengar|Focus Blast|p1a: Excadrill|[miss]
|-miss|p2a: Gengar|p1a: Excadrill
|move|p1a: Excadrill|Earthquake|p2a: Gengar
|-supereffective|p2a: Gengar
|-damage|p2a: Gengar|0 fnt
|faint|p2a: Gengar
|
|upkeep
|
|t:|1729600718
|switch|p2a: Starmie|Starmie|72/100
|turn|16
|
|t:|1729600726
|switch|p1a: Ferrothorn|Ferrothorn, F|100/100 par
|-damage|p1a: Ferrothorn|94/100 par|[from] Stealth Rock
|-damage|p1a: Ferrothorn|82/100 par|[from] Spikes
|move|p2a: Starmie|Scald|p1a: Ferrothorn
|-resisted|p1a: Ferrothorn
|-damage|p1a: Ferrothorn|70/100 par
|
|-heal|p1a: Ferrothorn|76/100 par|[from] item: Leftovers
|upkeep
|turn|17
|
|t:|1729600745
|switch|p2a: Skarmory|Skarmory, F|76/100 par
|move|p1a: Ferrothorn|Leech Seed|p2a: Skarmory
|-start|p2a: Skarmory|move: Leech Seed
|
|-heal|p2a: Skarmory|82/100 par|[from] item: Leftovers
|-heal|p1a: Ferrothorn|83/100 par|[from] item: Leftovers
|-damage|p2a: Skarmory|69/100 par|[from] Leech Seed|[of] p1a: Ferrothorn
|-heal|p1a: Ferrothorn|94/100 par|[silent]
|upkeep
|turn|18
|
|t:|1729600758
|move|p2a: Skarmory|Spikes|p1a: Ferrothorn
|-sidestart|p1: Sawk123|Spikes
|move|p1a: Ferrothorn|Spikes|p2a: Skarmory
|-sidestart|p2: Papkens|Spikes
|
|-heal|p2a: Skarmory|75/100 par|[from] item: Leftovers
|-heal|p1a: Ferrothorn|100/100 par|[from] item: Leftovers
|-damage|p2a: Skarmory|63/100 par|[from] Leech Seed|[of] p1a: Ferrothorn
|upkeep
|turn|19
|
|t:|1729600767
|switch|p1a: Excadrill|Excadrill, F|97/100
|-damage|p1a: Excadrill|94/100|[from] Stealth Rock
|-ability|p1a: Excadrill|Mold Breaker
|-item|p1a: Excadrill|Air Balloon
|move|p2a: Skarmory|Roost|p2a: Skarmory
|-heal|p2a: Skarmory|100/100 par
|-singleturn|p2a: Skarmory|move: Roost
|
|-damage|p2a: Skarmory|88/100 par|[from] Leech Seed|[of] p1a: Excadrill
|-heal|p1a: Excadrill|100/100|[silent]
|upkeep
|turn|20
|
|t:|1729600782
|move|p1a: Excadrill|Rapid Spin|p2a: Skarmory
|-resisted|p2a: Skarmory
|-damage|p2a: Skarmory|86/100 par
|-sideend|p1: Sawk123|Spikes|[from] move: Rapid Spin|[of] p1a: Excadrill
|-sideend|p1: Sawk123|Stealth Rock|[from] move: Rapid Spin|[of] p1a: Excadrill
|cant|p2a: Skarmory|par
|
|-heal|p2a: Skarmory|92/100 par|[from] item: Leftovers
|-damage|p2a: Skarmory|80/100 par|[from] Leech Seed|[of] p1a: Excadrill
|upkeep
|turn|21
|
|t:|1729600802
|move|p1a: Excadrill|Iron Head|p2a: Skarmory
|-resisted|p2a: Skarmory
|-damage|p2a: Skarmory|67/100 par
|move|p2a: Skarmory|Spikes|p1a: Excadrill
|-sidestart|p1: Sawk123|Spikes
|
|-heal|p2a: Skarmory|73/100 par|[from] item: Leftovers
|-damage|p2a: Skarmory|61/100 par|[from] Leech Seed|[of] p1a: Excadrill
|upkeep
|turn|22
|
|t:|1729600820
|switch|p2a: Dragonite|Dragonite, M|100/100
|move|p1a: Excadrill|Rapid Spin|p2a: Dragonite
|-damage|p2a: Dragonite|93/100
|-sideend|p1: Sawk123|Spikes|[from] move: Rapid Spin|[of] p1a: Excadrill
|
|upkeep
|turn|23
|
|t:|1729600830
|move|p1a: Excadrill|Iron Head|p2a: Dragonite
|-damage|p2a: Dragonite|43/100
|move|p2a: Dragonite|Dragon Claw|p1a: Excadrill
|-resisted|p1a: Excadrill
|-damage|p1a: Excadrill|68/100
|-enditem|p1a: Excadrill|Air Balloon
|
|upkeep
|turn|24
|
|t:|1729600839
|switch|p2a: Skarmory|Skarmory, F|61/100 par
|move|p1a: Excadrill|Iron Head|p2a: Skarmory
|-resisted|p2a: Skarmory
|-damage|p2a: Skarmory|48/100 par
|
|-heal|p2a: Skarmory|53/100 par|[from] item: Leftovers
|upkeep
|turn|25
|
|t:|1729600848
|switch|p1a: Terrakion|Terrakion|100/100
|move|p2a: Skarmory|Roost|p2a: Skarmory
|-heal|p2a: Skarmory|100/100 par
|-singleturn|p2a: Skarmory|move: Roost
|
|upkeep
|turn|26
|
|t:|1729600858
|move|p1a: Terrakion|Swords Dance|p1a: Terrakion
|-boost|p1a: Terrakion|atk|2
|cant|p2a: Skarmory|par
|
|upkeep
|turn|27
|
|t:|1729600865
|move|p1a: Terrakion|Stone Edge|p2a: Skarmory
|-damage|p2a: Skarmory|34/100 par
|move|p2a: Skarmory|Roar|p1a: Terrakion
|drag|p1a: Keldeo|Keldeo|100/100
|
|-heal|p2a: Skarmory|40/100 par|[from] item: Leftovers
|upkeep
|turn|28
|
|t:|1729600878
|switch|p2a: Starmie|Starmie|72/100
|-damage|p2a: Starmie|60/100|[from] Spikes
|move|p1a: Keldeo|Surf|p2a: Starmie
|-resisted|p2a: Starmie
|-damage|p2a: Starmie|5/100
|
|upkeep
|turn|29
|
|t:|1729600892
|switch|p1a: Ferrothorn|Ferrothorn, F|100/100 par
|move|p2a: Starmie|Psyshock|p1a: Ferrothorn
|-resisted|p1a: Ferrothorn
|-damage|p1a: Ferrothorn|86/100 par
|
|-heal|p1a: Ferrothorn|92/100 par|[from] item: Leftovers
|upkeep
|turn|30
|
|t:|1729600901
|switch|p2a: Clefable|Clefable, M|100/100
|move|p1a: Ferrothorn|Gyro Ball|p2a: Clefable
|-damage|p2a: Clefable|43/100
|
|-heal|p2a: Clefable|49/100|[from] item: Leftovers
|-heal|p1a: Ferrothorn|98/100 par|[from] item: Leftovers
|upkeep
|turn|31
|
|t:|1729600912
|move|p2a: Clefable|Protect|p2a: Clefable
|-singleturn|p2a: Clefable|Protect
|cant|p1a: Ferrothorn|par
|
|-heal|p2a: Clefable|55/100|[from] item: Leftovers
|-heal|p1a: Ferrothorn|100/100 par|[from] item: Leftovers
|upkeep
|turn|32
|
|t:|1729600922
|move|p2a: Clefable|Wish|p2a: Clefable
|cant|p1a: Ferrothorn|par
|
|-heal|p2a: Clefable|61/100|[from] item: Leftovers
|upkeep
|turn|33
|
|t:|1729600937
|switch|p2a: Dragonite|Dragonite, M|43/100
|switch|p1a: Latios|Latios, M|82/100
|
|-heal|p2a: Dragonite|100/100|[from] move: Wish|[wisher] Clefable
|upkeep
|turn|34
|
|t:|1729600946
|switch|p1a: Ferrothorn|Ferrothorn, F|100/100 par
|move|p2a: Dragonite|Dragon Dance|p2a: Dragonite
|-boost|p2a: Dragonite|atk|1
|-boost|p2a: Dragonite|spe|1
|
|upkeep
|turn|35
|
|t:|1729600953
|move|p2a: Dragonite|Dragon Dance|p2a: Dragonite
|-boost|p2a: Dragonite|atk|1
|-boost|p2a: Dragonite|spe|1
|move|p1a: Ferrothorn|Thunder Wave|p2a: Dragonite
|-status|p2a: Dragonite|par
|-enditem|p2a: Dragonite|Lum Berry|[eat]
|-curestatus|p2a: Dragonite|par|[msg]
|
|upkeep
|turn|36
|
|t:|1729600968
|move|p2a: Dragonite|Earthquake|p1a: Ferrothorn
|-damage|p1a: Ferrothorn|47/100 par
|move|p1a: Ferrothorn|Thunder Wave|p2a: Dragonite
|-status|p2a: Dragonite|par
|
|-heal|p1a: Ferrothorn|53/100 par|[from] item: Leftovers
|upkeep
|turn|37
|
|t:|1729600976
|move|p2a: Dragonite|Earthquake|p1a: Ferrothorn
|-damage|p1a: Ferrothorn|4/100 par
|move|p1a: Ferrothorn|Gyro Ball|p2a: Dragonite
|-damage|p2a: Dragonite|73/100 par
|
|-heal|p1a: Ferrothorn|10/100 par|[from] item: Leftovers
|upkeep
|turn|38
|
|t:|1729600986
|cant|p2a: Dragonite|par
|move|p1a: Ferrothorn|Gyro Ball|p2a: Dragonite
|-damage|p2a: Dragonite|21/100 par
|
|-heal|p1a: Ferrothorn|16/100 par|[from] item: Leftovers
|upkeep
|turn|39
|
|t:|1729600994
|move|p2a: Dragonite|Roost|p2a: Dragonite
|-heal|p2a: Dragonite|71/100 par
|-singleturn|p2a: Dragonite|move: Roost
|move|p1a: Ferrothorn|Gyro Ball|p2a: Dragonite
|-damage|p2a: Dragonite|18/100 par
|
|-heal|p1a: Ferrothorn|23/100 par|[from] item: Leftovers
|upkeep
|turn|40
|
|t:|1729601003
|move|p2a: Dragonite|Earthquake|p1a: Ferrothorn
|-damage|p1a: Ferrothorn|0 fnt
|faint|p1a: Ferrothorn
|
|upkeep
|
|t:|1729601023
|switch|p1a: Keldeo|Keldeo|100/100
|turn|41
|
|t:|1729601030
|move|p1a: Keldeo|Surf|p2a: Dragonite
|-resisted|p2a: Dragonite
|-damage|p2a: Dragonite|0 fnt
|faint|p2a: Dragonite
|
|upkeep
|
|t:|1729601038
|switch|p2a: Starmie|Starmie|5/100
|-damage|p2a: Starmie|0 fnt|[from] Spikes
|faint|p2a: Starmie
|
|t:|1729601044
|switch|p2a: Clefable|Clefable, M|61/100
|turn|42
|
|t:|1729601053
|switch|p1a: Excadrill|Excadrill, F|68/100
|-ability|p1a: Excadrill|Mold Breaker
|move|p2a: Clefable|Toxic|p1a: Excadrill
|-immune|p1a: Excadrill
|
|-heal|p2a: Clefable|68/100|[from] item: Leftovers
|upkeep
|turn|43
|-message|Papkens forfeited.
|
|win|Sawk123
|raw|Sawk123's rating: 1271 &rarr; <strong>1304</strong><br />(+33 for winning)
|raw|Papkens's rating: 1391 &rarr; <strong>1364</strong><br />(-27 for losing)
|l|☆Papkens
|player|p2|
