|j|☆NOSLEEPTILLBKLYN
|j|☆Sinead's Hairline
|player|p1|NOSLEEPTILLBKLYN|ethan-gen2|1617
|player|p2|Sinead's Hairline|guitarist|1335
|teamsize|p1|6
|teamsize|p2|6
|gametype|singles
|gen|5
|tier|[Gen 5] OU
|rated|
|clearpoke
|poke|p1|Jirachi|item
|poke|p1|Reuniclus, F|item
|poke|p1|Abomasnow, F|item
|poke|p1|Donphan, F|item
|poke|p1|Ninetales, M|item
|poke|p1|Gyarados, M|item
|poke|p2|Alakazam, F|item
|poke|p2|Garchomp, M|item
|poke|p2|Ferrothorn, M|item
|poke|p2|Landorus-Therian, M|item
|poke|p2|Jellicent, M|item
|poke|p2|Tyranitar, M|item
|rule|Species Clause: Limit one of each Pokémon
|rule|OHKO Clause: OHKO moves are banned
|rule|Moody Clause: Moody is banned
|rule|Evasion Moves Clause: Evasion moves are banned
|rule|Endless Battle Clause: Forcing endless battles is banned
|rule|HP Percentage Mod: HP is shown in percentages
|rule|Evasion Abilities Clause: Evasion abilities are banned
|rule|Baton Pass Clause: Limit one Baton Passer, can't pass Spe and other stats simultaneously
|rule|Sleep Clause: Sleep-inducing moves are banned
|rule|Swagger Clause: Swagger is banned
|teampreview
|inactive|Battle timer is ON: inactive players will automatically lose when time's up. (requested by NOSLEEPTILLBKLYN)
|
|start
|switch|p1a: Ninetales|Ninetales, M|100/100
|switch|p2a: Jellicent|Jellicent, M, shiny|100/100
|-weather|SunnyDay|[from] ability: Drought|[of] p1a: Ninetales
|turn|1
|
|move|p1a: Ninetales|Will-O-Wisp|p2a: Jellicent|[miss]
|-miss|p1a: Ninetales|p2a: Jellicent
|move|p2a: Jellicent|Scald|p1a: Ninetales
|-supereffective|p1a: Ninetales
|-damage|p1a: Ninetales|79/100
|
|-weather|SunnyDay|[upkeep]
|-heal|p1a: Ninetales|85/100|[from] item: Leftovers
|upkeep
|turn|2
|
|switch|p2a: Alakazam|Alakazam, F|100/100
|move|p1a: Ninetales|Will-O-Wisp|p2a: Alakazam
|-status|p2a: Alakazam|brn
|
|-weather|SunnyDay|[upkeep]
|-heal|p1a: Ninetales|91/100|[from] item: Leftovers
|upkeep
|turn|3
|
|move|p2a: Alakazam|Encore|p1a: Ninetales
|-start|p1a: Ninetales|Encore
|move|p1a: Ninetales|Will-O-Wisp|p2a: Alakazam
|-fail|p2a: Alakazam|brn
|
|-weather|SunnyDay|[upkeep]
|-heal|p1a: Ninetales|97/100|[from] item: Leftovers
|upkeep
|turn|4
|j| Alaincito
|
|switch|p1a: Jirachi|Jirachi|100/100
|move|p2a: Alakazam|Psychic|p1a: Jirachi
|-resisted|p1a: Jirachi
|-damage|p1a: Jirachi|92/100
|
|-weather|SunnyDay|[upkeep]
|-heal|p1a: Jirachi|99/100|[from] item: Leftovers
|upkeep
|turn|5
|
|switch|p2a: Ferrothorn|Ferrothorn, M|100/100
|switch|p1a: Ninetales|Ninetales, M|97/100
|
|-weather|SunnyDay|[upkeep]
|-heal|p1a: Ninetales|100/100|[from] item: Leftovers
|upkeep
|turn|6
|
|switch|p2a: Alakazam|Alakazam, F|100/100 brn
|move|p1a: Ninetales|Will-O-Wisp|p2a: Alakazam|[miss]
|-miss|p1a: Ninetales|p2a: Alakazam
|
|-weather|SunnyDay|[upkeep]
|upkeep
|turn|7
|
|move|p2a: Alakazam|Focus Blast|p1a: Ninetales
|-damage|p1a: Ninetales|59/100
|-unboost|p1a: Ninetales|spd|1
|move|p1a: Ninetales|Flamethrower|p2a: Alakazam
|-damage|p2a: Alakazam|36/100 brn
|
|-weather|SunnyDay|[upkeep]
|-heal|p1a: Ninetales|65/100|[from] item: Leftovers
|upkeep
|turn|8
|
|switch|p1a: Jirachi|Jirachi|99/100
|move|p2a: Alakazam|Focus Blast|p1a: Jirachi|[miss]
|-miss|p2a: Alakazam|p1a: Jirachi
|
|-weather|SunnyDay|[upkeep]
|-heal|p1a: Jirachi|100/100|[from] item: Leftovers
|upkeep
|turn|9
|
|move|p2a: Alakazam|Focus Blast|p1a: Jirachi
|-damage|p1a: Jirachi|75/100
|move|p1a: Jirachi|Wish|p1a: Jirachi
|
|-weather|SunnyDay|[upkeep]
|-heal|p1a: Jirachi|81/100|[from] item: Leftovers
|upkeep
|turn|10
|
|switch|p1a: Ninetales|Ninetales, M|65/100
|move|p2a: Alakazam|Psychic|p1a: Ninetales
|-damage|p1a: Ninetales|17/100
|
|-weather|SunnyDay|[upkeep]
|-heal|p1a: Ninetales|75/100|[from] move: Wish|[wisher] Jirachi
|-heal|p1a: Ninetales|81/100|[from] item: Leftovers
|upkeep
|turn|11
|
|switch|p1a: Jirachi|Jirachi|81/100
|move|p2a: Alakazam|Psychic|p1a: Jirachi
|-resisted|p1a: Jirachi
|-damage|p1a: Jirachi|74/100
|
|-weather|SunnyDay|[upkeep]
|-heal|p1a: Jirachi|80/100|[from] item: Leftovers
|upkeep
|turn|12
|
|switch|p2a: Tyranitar|Tyranitar, M|100/100
|-weather|Sandstorm|[from] ability: Sand Stream|[of] p2a: Tyranitar
|move|p1a: Jirachi|Wish|p1a: Jirachi
|
|-weather|Sandstorm|[upkeep]
|-heal|p1a: Jirachi|86/100|[from] item: Leftovers
|upkeep
|turn|13
|
|move|p1a: Jirachi|Iron Head|p2a: Tyranitar
|-supereffective|p2a: Tyranitar
|-crit|p2a: Tyranitar
|-damage|p2a: Tyranitar|0 fnt
|faint|p2a: Tyranitar
|
|-weather|Sandstorm|[upkeep]
|-heal|p1a: Jirachi|100/100|[from] move: Wish|[wisher] Jirachi
|upkeep
|-message|Sinead's Hairline forfeited.
|
|win|NOSLEEPTILLBKLYN
|l|☆Sinead's Hairline
|raw|NOSLEEPTILLBKLYN's rating: 1617 &rarr; <strong>1624</strong><br />(+7 for winning)
|raw|Sinead&apos;s Hairline's rating: 1335 &rarr; <strong>1329</strong><br />(-6 for losing)
