|j|☆bwr spyro190
|j|☆killapokeman
|t:|1723900223
|gametype|singles
|player|p1|bwr spyro190|bugcatcher-gen4dp|1352
|player|p2|killapokeman|hoopster|1334
|teamsize|p1|6
|teamsize|p2|6
|gen|5
|tier|[Gen 5] OU
|rated|
|rule|Species Clause: Limit one of each Pokémon
|rule|OHKO Clause: OHKO moves are banned
|rule|Moody Clause: Moody is banned
|rule|Evasion Items Clause: Evasion items are banned
|rule|Evasion Moves Clause: Evasion moves are banned
|rule|Endless Battle Clause: Forcing endless battles is banned
|rule|HP Percentage Mod: HP is shown in percentages
|rule|Evasion Abilities Clause: Evasion abilities are banned
|rule|Sleep Moves Clause: Sleep-inducing moves are banned
|rule|Swagger Clause: Swagger is banned
|rule|Baton Pass Stat Clause: No Baton Passer may have a way to boost its stats
|clearpoke
|poke|p1|Volcarona, F|item
|poke|p1|Garchomp, F|item
|poke|p1|Starmie|item
|poke|p1|Scizor, F|item
|poke|p1|Dragonite, F|item
|poke|p1|Breloom, F|item
|poke|p2|Tyranitar, M|item
|poke|p2|Gyarados, F|item
|poke|p2|Mew|item
|poke|p2|Tentacruel, M|item
|poke|p2|Politoed, M|item
|poke|p2|Reuniclus, M|item
|teampreview
|inactive|Battle timer is ON: inactive players will automatically lose when time's up. (requested by killapokeman)
|inactive|killapokeman has 120 seconds left.
|
|t:|1723900258
|start
|switch|p1a: Berry Lum|Breloom, F|100/100
|switch|p2a: the god of gods.|Politoed, M, shiny|100/100
|-weather|RainDance|[from] ability: Drizzle|[of] p2a: the god of gods.
|turn|1
|
|t:|1723900270
|switch|p2a: the specialist|Tentacruel, M, shiny|100/100
|move|p1a: Berry Lum|Low Sweep|p2a: the specialist
|-resisted|p2a: the specialist
|-damage|p2a: the specialist|77/100
|-unboost|p2a: the specialist|spe|1
|
|-weather|RainDance|[upkeep]
|-heal|p2a: the specialist|83/100|[from] ability: Rain Dish
|-heal|p2a: the specialist|89/100|[from] item: Black Sludge
|upkeep
|turn|2
|
|t:|1723900279
|move|p1a: Berry Lum|Swords Dance|p1a: Berry Lum
|-boost|p1a: Berry Lum|atk|2
|move|p2a: the specialist|Acid Spray|p1a: Berry Lum
|-supereffective|p1a: Berry Lum
|-damage|p1a: Berry Lum|52/100
|-unboost|p1a: Berry Lum|spd|2
|
|-weather|RainDance|[upkeep]
|-heal|p2a: the specialist|95/100|[from] ability: Rain Dish
|-heal|p2a: the specialist|100/100|[from] item: Black Sludge
|upkeep
|turn|3
|
|t:|1723900286
|move|p1a: Berry Lum|Bullet Seed|p2a: the specialist
|-damage|p2a: the specialist|64/100
|-damage|p2a: the specialist|28/100
|-damage|p2a: the specialist|0 fnt
|faint|p2a: the specialist
|-hitcount|p2: the specialist|3
|
|-weather|RainDance|[upkeep]
|upkeep
|
|t:|1723900294
|switch|p2a: Mew|Mew|100/100
|turn|4
|
|t:|1723900300
|move|p2a: Mew|Vacuum Wave|p1a: Berry Lum
|-damage|p1a: Berry Lum|7/100
|move|p1a: Berry Lum|Low Sweep|p2a: Mew
|-resisted|p2a: Mew
|-damage|p2a: Mew|40/100
|-unboost|p2a: Mew|spe|1
|
|-weather|RainDance|[upkeep]
|upkeep
|turn|5
|
|t:|1723900307
|move|p1a: Berry Lum|Mach Punch|p2a: Mew
|-resisted|p2a: Mew
|-damage|p2a: Mew|5/100
|move|p2a: Mew|Giga Drain|p1a: Berry Lum
|-resisted|p1a: Berry Lum
|-damage|p1a: Berry Lum|0 fnt
|-heal|p2a: Mew|7/100|[from] drain|[of] p1a: Berry Lum
|faint|p1a: Berry Lum
|
|-weather|RainDance|[upkeep]
|upkeep
|
|t:|1723900320
|switch|p1a: Millennium|Volcarona, F|100/100
|turn|6
|
|t:|1723900324
|switch|p2a: the god of gods.|Politoed, M, shiny|100/100
|move|p1a: Millennium|Quiver Dance|p1a: Millennium
|-boost|p1a: Millennium|spa|1
|-boost|p1a: Millennium|spd|1
|-boost|p1a: Millennium|spe|1
|
|-weather|RainDance|[upkeep]
|upkeep
|turn|7
|
|t:|1723900327
|move|p1a: Millennium|Bug Buzz|p2a: the god of gods.
|-crit|p2a: the god of gods.
|-damage|p2a: the god of gods.|0 fnt
|faint|p2a: the god of gods.
|
|-weather|RainDance|[upkeep]
|upkeep
|
|t:|1723900332
|switch|p2a: Gyarados|Gyarados, F|100/100
|turn|8
|
|t:|1723900352
|move|p1a: Millennium|Bug Buzz|p2a: Gyarados
|-resisted|p2a: Gyarados
|-damage|p2a: Gyarados|59/100
|move|p2a: Gyarados|Waterfall|p1a: Millennium
|-supereffective|p1a: Millennium
|-damage|p1a: Millennium|0 fnt
|faint|p1a: Millennium
|-ability|p2a: Gyarados|Moxie|boost
|-boost|p2a: Gyarados|atk|1
|
|-weather|RainDance|[upkeep]
|upkeep
|inactive|bwr spyro190 has 120 seconds left.
|
|t:|1723900374
|switch|p1a: Margot Robbie|Starmie|100/100
|-item|p1a: Margot Robbie|Air Balloon
|turn|9
|
|t:|1723900379
|switch|p2a: the commander|Tyranitar, M, shiny|100/100
|-weather|Sandstorm|[from] ability: Sand Stream|[of] p2a: the commander
|move|p1a: Margot Robbie|Thunderbolt|p2a: the commander
|-crit|p2a: the commander
|-damage|p2a: the commander|63/100
|
|-weather|Sandstorm|[upkeep]
|-damage|p1a: Margot Robbie|94/100|[from] Sandstorm
|upkeep
|turn|10
|
|t:|1723900383
|move|p1a: Margot Robbie|Hydro Pump|p2a: the commander
|-supereffective|p2a: the commander
|-damage|p2a: the commander|9/100
|move|p2a: the commander|Stealth Rock|p1a: Margot Robbie
|-sidestart|p1: bwr spyro190|move: Stealth Rock
|
|-weather|Sandstorm|[upkeep]
|-damage|p1a: Margot Robbie|88/100|[from] Sandstorm
|upkeep
|turn|11
|
|t:|1723900390
|move|p1a: Margot Robbie|Rapid Spin|p2a: the commander
|-resisted|p2a: the commander
|-damage|p2a: the commander|8/100
|-sideend|p1: bwr spyro190|Stealth Rock|[from] move: Rapid Spin|[of] p1a: Margot Robbie
|move|p2a: the commander|Dark Pulse|p1a: Margot Robbie
|-supereffective|p1a: Margot Robbie
|-damage|p1a: Margot Robbie|0 fnt
|-enditem|p1a: Margot Robbie|Air Balloon
|faint|p1a: Margot Robbie
|
|-weather|Sandstorm|[upkeep]
|upkeep
|
|t:|1723900402
|switch|p1a: Señora García|Garchomp, F|100/100
|turn|12
|
|t:|1723900410
|move|p1a: Señora García|Earthquake|p2a: the commander
|-supereffective|p2a: the commander
|-damage|p2a: the commander|0 fnt
|faint|p2a: the commander
|
|-weather|Sandstorm|[upkeep]
|upkeep
|
|t:|1723900414
|switch|p2a: the tormentor|Reuniclus, M, shiny|100/100
|turn|13
|
|t:|1723900417
|move|p1a: Señora García|Swords Dance|p1a: Señora García
|-boost|p1a: Señora García|atk|2
|move|p2a: the tormentor|Trick Room|p2a: the tormentor
|-fieldstart|move: Trick Room|[of] p2a: the tormentor
|
|-weather|Sandstorm|[upkeep]
|upkeep
|turn|14
|
|t:|1723900425
|switch|p2a: Mew|Mew|7/100
|move|p1a: Señora García|Outrage|p2a: Mew
|-damage|p2a: Mew|0 fnt
|faint|p2a: Mew
|
|-weather|Sandstorm|[upkeep]
|upkeep
|
|t:|1723900433
|switch|p2a: Gyarados|Gyarados, F|59/100
|turn|15
|
|t:|1723900441
|move|p2a: Gyarados|Substitute|p2a: Gyarados
|-start|p2a: Gyarados|Substitute
|-damage|p2a: Gyarados|34/100
|move|p1a: Señora García|Outrage|p2a: Gyarados|[from]lockedmove
|-end|p2a: Gyarados|Substitute
|-start|p1a: Señora García|confusion|[fatigue]
|
|-weather|Sandstorm|[upkeep]
|-damage|p2a: Gyarados|28/100|[from] Sandstorm
|upkeep
|turn|16
|
|t:|1723900447
|move|p2a: Gyarados|Substitute|p2a: Gyarados
|-start|p2a: Gyarados|Substitute
|-damage|p2a: Gyarados|3/100
|-enditem|p2a: Gyarados|Salac Berry|[eat]
|-boost|p2a: Gyarados|spe|1|[from] item: Salac Berry
|-activate|p1a: Señora García|confusion
|move|p1a: Señora García|Outrage|p2a: Gyarados
|-end|p2a: Gyarados|Substitute
|
|-weather|Sandstorm|[upkeep]
|-damage|p2a: Gyarados|0 fnt|[from] Sandstorm
|faint|p2a: Gyarados
|upkeep
|
|t:|1723900457
|switch|p2a: the tormentor|Reuniclus, M, shiny|100/100
|turn|17
|
|t:|1723900460
|move|p2a: the tormentor|Psyshock|p1a: Señora García
|-damage|p1a: Señora García|46/100
|-activate|p1a: Señora García|confusion
|move|p1a: Señora García|Outrage|p2a: the tormentor|[from]lockedmove
|-damage|p2a: the tormentor|0 fnt
|faint|p2a: the tormentor
|
|win|bwr spyro190
|raw|bwr spyro190's rating: 1352 &rarr; <strong>1371</strong><br />(+19 for winning)
|raw|killapokeman's rating: 1334 &rarr; <strong>1315</strong><br />(-19 for losing)
|l|☆killapokeman
|player|p2|
