|j|☆PumpedAaron
|j|☆basewave
|player|p1|PumpedAaron|chuck|1353
|player|p2|basewave|psychic-gen3|1499
|teamsize|p1|6
|teamsize|p2|6
|gametype|singles
|gen|5
|tier|[Gen 5] OU
|rated|
|clearpoke
|poke|p1|Skarmory, F|item
|poke|p1|Tyranitar, M|item
|poke|p1|Heatran, M|item
|poke|p1|Machamp, M|item
|poke|p1|Keldeo-Resolute|item
|poke|p1|Jellicent, M|item
|poke|p2|Politoed, M|item
|poke|p2|Garchomp, F|item
|poke|p2|Ferrothorn, M|item
|poke|p2|Tentacruel, M|item
|poke|p2|Latios, M|item
|poke|p2|Tornadus, M|item
|rule|Species Clause: Limit one of each Pokémon
|rule|OHKO Clause: OHKO moves are banned
|rule|Moody Clause: Moody is banned
|rule|Evasion Moves Clause: Evasion moves are banned
|rule|Endless Battle Clause: Forcing endless battles is banned
|rule|HP Percentage Mod: HP is shown in percentages
|rule|Evasion Abilities Clause: Evasion abilities are banned
|rule|Baton Pass Clause: Limit one Baton Passer, can't pass Spe and other stats simultaneously
|rule|Sleep Clause: Sleep-inducing moves are banned
|rule|Swagger Clause: Swagger is banned
|teampreview
|c|☆basewave|hf man
|c|☆PumpedAaron|yea thanks
|
|start
|switch|p1a: Jellicent|Jellicent, M|100/100
|switch|p2a: Politoed|Politoed, M|100/100
|-weather|RainDance|[from] ability: Drizzle|[of] p2a: Politoed
|turn|1
|
|move|p2a: Politoed|Protect|p2a: Politoed
|-singleturn|p2a: Politoed|Protect
|move|p1a: Jellicent|Scald|p2a: Politoed
|-activate|p2a: Politoed|move: Protect
|
|-weather|RainDance|[upkeep]
|upkeep
|turn|2
|
|move|p2a: Politoed|Toxic|p1a: Jellicent
|-status|p1a: Jellicent|tox
|move|p1a: Jellicent|Scald|p2a: Politoed
|-resisted|p2a: Politoed
|-damage|p2a: Politoed|83/100
|-status|p2a: Politoed|brn
|
|-weather|RainDance|[upkeep]
|-heal|p2a: Politoed|89/100 brn|[from] item: Leftovers
|-damage|p2a: Politoed|77/100 brn|[from] brn
|-damage|p1a: Jellicent|94/100 tox|[from] psn
|upkeep
|turn|3
|
|switch|p2a: Ferrothorn|Ferrothorn, M|100/100
|switch|p1a: Tyranitar|Tyranitar, M|100/100
|-weather|Sandstorm|[from] ability: Sand Stream|[of] p1a: Tyranitar
|
|-weather|Sandstorm|[upkeep]
|upkeep
|turn|4
|
|move|p1a: Tyranitar|Stealth Rock|p2a: Ferrothorn
|-sidestart|p2: basewave|move: Stealth Rock
|move|p2a: Ferrothorn|Power Whip|p1a: Tyranitar|[miss]
|-miss|p2a: Ferrothorn|p1a: Tyranitar
|
|-weather|Sandstorm|[upkeep]
|upkeep
|turn|5
|
|switch|p1a: Heatran|Heatran, M|100/100
|move|p2a: Ferrothorn|Knock Off|p1a: Heatran
|-resisted|p1a: Heatran
|-crit|p1a: Heatran
|-damage|p1a: Heatran|96/100
|-enditem|p1a: Heatran|Choice Scarf|[from] move: Knock Off|[of] p2a: Ferrothorn
|
|-weather|Sandstorm|[upkeep]
|upkeep
|turn|6
|
|switch|p1a: Keldeo|Keldeo-Resolute|100/100
|switch|p2a: Politoed|Politoed, M|77/100 brn
|-damage|p2a: Politoed|64/100 brn|[from] Stealth Rock
|-weather|RainDance|[from] ability: Drizzle|[of] p2a: Politoed
|
|-weather|RainDance|[upkeep]
|-heal|p2a: Politoed|70/100 brn|[from] item: Leftovers
|-damage|p2a: Politoed|58/100 brn|[from] brn
|upkeep
|turn|7
|
|switch|p2a: Latios|Latios, M|100/100
|-damage|p2a: Latios|88/100|[from] Stealth Rock
|move|p1a: Keldeo|Hydro Pump|p2a: Latios
|-resisted|p2a: Latios
|-damage|p2a: Latios|18/100
|
|-weather|RainDance|[upkeep]
|upkeep
|turn|8
|
|switch|p1a: Tyranitar|Tyranitar, M|100/100
|-weather|Sandstorm|[from] ability: Sand Stream|[of] p1a: Tyranitar
|move|p2a: Latios|Surf|p1a: Tyranitar
|-supereffective|p1a: Tyranitar
|-damage|p1a: Tyranitar|69/100
|
|-weather|Sandstorm|[upkeep]
|-damage|p2a: Latios|12/100|[from] Sandstorm
|upkeep
|turn|9
|
|move|p2a: Latios|Surf|p1a: Tyranitar
|-supereffective|p1a: Tyranitar
|-damage|p1a: Tyranitar|38/100
|move|p1a: Tyranitar|Stone Edge|p2a: Latios
|-damage|p2a: Latios|0 fnt
|faint|p2a: Latios
|
|-weather|Sandstorm|[upkeep]
|upkeep
|
|switch|p2a: Garchomp|Garchomp, F|100/100
|-damage|p2a: Garchomp|94/100|[from] Stealth Rock
|turn|10
|
|switch|p1a: Skarmory|Skarmory, F|100/100
|move|p2a: Garchomp|Stealth Rock|p1a: Skarmory
|-sidestart|p1: PumpedAaron|move: Stealth Rock
|
|-weather|Sandstorm|[upkeep]
|upkeep
|turn|11
|
|switch|p2a: Ferrothorn|Ferrothorn, M|100/100
|-damage|p2a: Ferrothorn|94/100|[from] Stealth Rock
|switch|p1a: Jellicent|Jellicent, M|94/100 tox
|-damage|p1a: Jellicent|82/100 tox|[from] Stealth Rock
|
|-weather|Sandstorm|[upkeep]
|-damage|p1a: Jellicent|76/100 tox|[from] Sandstorm
|-heal|p1a: Jellicent|82/100 tox|[from] item: Leftovers
|-heal|p2a: Ferrothorn|100/100|[from] item: Leftovers
|-damage|p1a: Jellicent|76/100 tox|[from] psn
|upkeep
|turn|12
|
|switch|p1a: Skarmory|Skarmory, F|100/100
|-damage|p1a: Skarmory|88/100|[from] Stealth Rock
|move|p2a: Ferrothorn|Spikes|p1a: Skarmory
|-sidestart|p1: PumpedAaron|Spikes
|
|-weather|Sandstorm|[upkeep]
|upkeep
|turn|13
|
|move|p2a: Ferrothorn|Knock Off|p1a: Skarmory
|-resisted|p1a: Skarmory
|-damage|p1a: Skarmory|87/100
|-damage|p2a: Ferrothorn|84/100|[from] item: Rocky Helmet|[of] p1a: Skarmory
|-enditem|p1a: Skarmory|Rocky Helmet|[from] move: Knock Off|[of] p2a: Ferrothorn
|move|p1a: Skarmory|Whirlwind|p2a: Ferrothorn
|drag|p2a: Garchomp|Garchomp, F|94/100
|-damage|p2a: Garchomp|88/100|[from] Stealth Rock
|
|-weather|Sandstorm|[upkeep]
|upkeep
|turn|14
|
|switch|p2a: Politoed|Politoed, M|58/100 brn
|-damage|p2a: Politoed|46/100 brn|[from] Stealth Rock
|-weather|RainDance|[from] ability: Drizzle|[of] p2a: Politoed
|move|p1a: Skarmory|Spikes|p2a: Politoed
|-sidestart|p2: basewave|Spikes
|
|-weather|RainDance|[upkeep]
|-heal|p2a: Politoed|52/100 brn|[from] item: Leftovers
|-damage|p2a: Politoed|40/100 brn|[from] brn
|upkeep
|turn|15
|
|switch|p1a: Jellicent|Jellicent, M|76/100 tox
|-damage|p1a: Jellicent|63/100 tox|[from] Stealth Rock
|-damage|p1a: Jellicent|51/100 tox|[from] Spikes
|switch|p2a: Ferrothorn|Ferrothorn, M|84/100
|-damage|p2a: Ferrothorn|72/100|[from] Spikes
|-damage|p2a: Ferrothorn|65/100|[from] Stealth Rock
|
|-weather|RainDance|[upkeep]
|-heal|p1a: Jellicent|57/100 tox|[from] item: Leftovers
|-heal|p2a: Ferrothorn|72/100|[from] item: Leftovers
|-damage|p1a: Jellicent|51/100 tox|[from] psn
|upkeep
|turn|16
|
|switch|p2a: Tentacruel|Tentacruel, M|100/100
|-damage|p2a: Tentacruel|88/100|[from] Spikes
|-damage|p2a: Tentacruel|76/100|[from] Stealth Rock
|move|p1a: Jellicent|Taunt|p2a: Tentacruel
|-start|p2a: Tentacruel|move: Taunt
|
|-weather|RainDance|[upkeep]
|-heal|p2a: Tentacruel|82/100|[from] ability: Rain Dish
|-heal|p2a: Tentacruel|88/100|[from] item: Black Sludge
|-heal|p1a: Jellicent|57/100 tox|[from] item: Leftovers
|-damage|p1a: Jellicent|45/100 tox|[from] psn
|upkeep
|turn|17
|
|switch|p2a: Ferrothorn|Ferrothorn, M|72/100
|-damage|p2a: Ferrothorn|65/100|[from] Stealth Rock
|-damage|p2a: Ferrothorn|53/100|[from] Spikes
|move|p1a: Jellicent|Recover|p1a: Jellicent
|-heal|p1a: Jellicent|95/100 tox
|
|-weather|RainDance|[upkeep]
|-heal|p1a: Jellicent|100/100 tox|[from] item: Leftovers
|-heal|p2a: Ferrothorn|59/100|[from] item: Leftovers
|-damage|p1a: Jellicent|82/100 tox|[from] psn
|upkeep
|turn|18
|
|switch|p1a: Keldeo|Keldeo-Resolute|100/100
|-damage|p1a: Keldeo|94/100|[from] Stealth Rock
|-damage|p1a: Keldeo|82/100|[from] Spikes
|move|p2a: Ferrothorn|Spikes|p1a: Keldeo
|-sidestart|p1: PumpedAaron|Spikes
|
|-weather|RainDance|[upkeep]
|-heal|p2a: Ferrothorn|65/100|[from] item: Leftovers
|upkeep
|turn|19
|
|switch|p2a: Politoed|Politoed, M|40/100 brn
|-damage|p2a: Politoed|27/100 brn|[from] Spikes
|-damage|p2a: Politoed|15/100 brn|[from] Stealth Rock
|move|p1a: Keldeo|Secret Sword|p2a: Politoed
|-damage|p2a: Politoed|0 fnt
|faint|p2a: Politoed
|
|-weather|RainDance|[upkeep]
|upkeep
|
|switch|p2a: Tornadus|Tornadus, M|100/100
|-damage|p2a: Tornadus|76/100|[from] Stealth Rock
|turn|20
|
|switch|p1a: Tyranitar|Tyranitar, M|38/100
|-damage|p1a: Tyranitar|26/100|[from] Stealth Rock
|-damage|p1a: Tyranitar|9/100|[from] Spikes
|-weather|Sandstorm|[from] ability: Sand Stream|[of] p1a: Tyranitar
|move|p2a: Tornadus|Hurricane|p1a: Tyranitar
|-resisted|p1a: Tyranitar
|-damage|p1a: Tyranitar|0 fnt
|faint|p1a: Tyranitar
|
|-weather|Sandstorm|[upkeep]
|-damage|p2a: Tornadus|70/100|[from] Sandstorm
|-heal|p2a: Tornadus|76/100|[from] item: Leftovers
|upkeep
|
|switch|p1a: Skarmory|Skarmory, F|87/100
|-damage|p1a: Skarmory|74/100|[from] Stealth Rock
|turn|21
|
|move|p2a: Tornadus|Focus Blast|p1a: Skarmory|[miss]
|-miss|p2a: Tornadus|p1a: Skarmory
|move|p1a: Skarmory|Roost|p1a: Skarmory
|-heal|p1a: Skarmory|100/100
|-singleturn|p1a: Skarmory|move: Roost
|
|-weather|Sandstorm|[upkeep]
|-damage|p2a: Tornadus|70/100|[from] Sandstorm
|-heal|p2a: Tornadus|76/100|[from] item: Leftovers
|upkeep
|turn|22
|
|switch|p1a: Jellicent|Jellicent, M|82/100 tox
|-damage|p1a: Jellicent|65/100 tox|[from] Spikes
|-damage|p1a: Jellicent|53/100 tox|[from] Stealth Rock
|move|p2a: Tornadus|Focus Blast|p1a: Jellicent
|-immune|p1a: Jellicent
|
|-weather|Sandstorm|[upkeep]
|-damage|p2a: Tornadus|70/100|[from] Sandstorm
|-damage|p1a: Jellicent|47/100 tox|[from] Sandstorm
|-heal|p2a: Tornadus|76/100|[from] item: Leftovers
|-heal|p1a: Jellicent|53/100 tox|[from] item: Leftovers
|-damage|p1a: Jellicent|47/100 tox|[from] psn
|upkeep
|turn|23
|
|move|p2a: Tornadus|Hurricane|p1a: Jellicent
|-damage|p1a: Jellicent|0 fnt
|faint|p1a: Jellicent
|
|-weather|Sandstorm|[upkeep]
|-damage|p2a: Tornadus|70/100|[from] Sandstorm
|-heal|p2a: Tornadus|76/100|[from] item: Leftovers
|upkeep
|
|switch|p1a: Skarmory|Skarmory, F|100/100
|-damage|p1a: Skarmory|88/100|[from] Stealth Rock
|turn|24
|
|switch|p2a: Ferrothorn|Ferrothorn, M|65/100
|-damage|p2a: Ferrothorn|53/100|[from] Spikes
|-damage|p2a: Ferrothorn|47/100|[from] Stealth Rock
|move|p1a: Skarmory|Brave Bird|p2a: Ferrothorn
|-damage|p2a: Ferrothorn|22/100
|-damage|p1a: Skarmory|76/100|[from] ability: Iron Barbs|[of] p2a: Ferrothorn
|-damage|p1a: Skarmory|67/100|[from] Recoil
|
|-weather|Sandstorm|[upkeep]
|-heal|p2a: Ferrothorn|29/100|[from] item: Leftovers
|upkeep
|turn|25
|
|switch|p2a: Tentacruel|Tentacruel, M|88/100
|-damage|p2a: Tentacruel|75/100|[from] Stealth Rock
|-damage|p2a: Tentacruel|63/100|[from] Spikes
|move|p1a: Skarmory|Spikes|p2a: Tentacruel
|-sidestart|p2: basewave|Spikes
|
|-weather|Sandstorm|[upkeep]
|-damage|p2a: Tentacruel|57/100|[from] Sandstorm
|-heal|p2a: Tentacruel|63/100|[from] item: Black Sludge
|upkeep
|turn|26
|
|move|p2a: Tentacruel|Rapid Spin|p1a: Skarmory
|-resisted|p1a: Skarmory
|-damage|p1a: Skarmory|67/100
|-sideend|p2: basewave|Spikes|[from] move: Rapid Spin|[of] p2a: Tentacruel
|-sideend|p2: basewave|Stealth Rock|[from] move: Rapid Spin|[of] p2a: Tentacruel
|move|p1a: Skarmory|Brave Bird|p2a: Tentacruel
|-damage|p2a: Tentacruel|17/100
|-damage|p1a: Skarmory|50/100|[from] Recoil
|
|-weather|Sandstorm|[upkeep]
|-damage|p2a: Tentacruel|11/100|[from] Sandstorm
|-heal|p2a: Tentacruel|17/100|[from] item: Black Sludge
|upkeep
|turn|27
|
|move|p2a: Tentacruel|Scald|p1a: Skarmory
|-damage|p1a: Skarmory|22/100
|move|p1a: Skarmory|Spikes|p2a: Tentacruel
|-sidestart|p2: basewave|Spikes
|
|-weather|Sandstorm|[upkeep]
|-damage|p2a: Tentacruel|11/100|[from] Sandstorm
|-heal|p2a: Tentacruel|17/100|[from] item: Black Sludge
|upkeep
|turn|28
|
|move|p2a: Tentacruel|Scald|p1a: Skarmory
|-damage|p1a: Skarmory|0 fnt
|faint|p1a: Skarmory
|
|-weather|Sandstorm|[upkeep]
|-damage|p2a: Tentacruel|11/100|[from] Sandstorm
|-heal|p2a: Tentacruel|17/100|[from] item: Black Sludge
|upkeep
|
|switch|p1a: Keldeo|Keldeo-Resolute|82/100
|-damage|p1a: Keldeo|66/100|[from] Spikes
|-damage|p1a: Keldeo|59/100|[from] Stealth Rock
|turn|29
|
|move|p2a: Tentacruel|Protect|p2a: Tentacruel
|-singleturn|p2a: Tentacruel|Protect
|move|p1a: Keldeo|Hydro Pump|p2a: Tentacruel
|-activate|p2a: Tentacruel|move: Protect
|
|-weather|Sandstorm|[upkeep]
|-damage|p1a: Keldeo|53/100|[from] Sandstorm
|-damage|p2a: Tentacruel|11/100|[from] Sandstorm
|-heal|p2a: Tentacruel|17/100|[from] item: Black Sludge
|upkeep
|turn|30
|
|move|p1a: Keldeo|Hydro Pump|p2a: Tentacruel|[miss]
|-miss|p1a: Keldeo|p2a: Tentacruel
|move|p2a: Tentacruel|Toxic|p1a: Keldeo
|-status|p1a: Keldeo|tox
|
|-weather|Sandstorm|[upkeep]
|-damage|p1a: Keldeo|47/100 tox|[from] Sandstorm
|-damage|p2a: Tentacruel|11/100|[from] Sandstorm
|-heal|p2a: Tentacruel|17/100|[from] item: Black Sludge
|-damage|p1a: Keldeo|41/100 tox|[from] psn
|upkeep
|turn|31
|
|switch|p1a: Heatran|Heatran, M|96/100
|-damage|p1a: Heatran|79/100|[from] Spikes
|-damage|p1a: Heatran|67/100|[from] Stealth Rock
|move|p2a: Tentacruel|Protect||[still]
|-fail|p2a: Tentacruel
|
|-weather|Sandstorm|[upkeep]
|-damage|p2a: Tentacruel|11/100|[from] Sandstorm
|-heal|p2a: Tentacruel|17/100|[from] item: Black Sludge
|upkeep
|turn|32
|
|move|p2a: Tentacruel|Rapid Spin|p1a: Heatran
|-resisted|p1a: Heatran
|-damage|p1a: Heatran|66/100
|-sideend|p2: basewave|Spikes|[from] move: Rapid Spin|[of] p2a: Tentacruel
|move|p1a: Heatran|Earth Power|p2a: Tentacruel
|-supereffective|p2a: Tentacruel
|-damage|p2a: Tentacruel|0 fnt
|faint|p2a: Tentacruel
|
|-weather|Sandstorm|[upkeep]
|upkeep
|
|switch|p2a: Garchomp|Garchomp, F|88/100
|turn|33
|
|move|p2a: Garchomp|Earthquake|p1a: Heatran
|-supereffective|p1a: Heatran
|-damage|p1a: Heatran|0 fnt
|-damage|p2a: Garchomp|78/100|[from] item: Life Orb
|faint|p1a: Heatran
|
|-weather|Sandstorm|[upkeep]
|upkeep
|
|switch|p1a: Machamp|Machamp, M|100/100
|-damage|p1a: Machamp|94/100|[from] Stealth Rock
|-damage|p1a: Machamp|78/100|[from] Spikes
|turn|34
|
|switch|p2a: Ferrothorn|Ferrothorn, M|29/100
|move|p1a: Machamp|Dynamic Punch|p2a: Ferrothorn
|-supereffective|p2a: Ferrothorn
|-damage|p2a: Ferrothorn|0 fnt
|-damage|p1a: Machamp|66/100|[from] ability: Iron Barbs|[of] p2a: Ferrothorn
|faint|p2a: Ferrothorn
|
|-weather|Sandstorm|[upkeep]
|-damage|p1a: Machamp|60/100|[from] Sandstorm
|upkeep
|
|switch|p2a: Garchomp|Garchomp, F|78/100
|turn|35
|
|move|p2a: Garchomp|Draco Meteor|p1a: Machamp
|-damage|p1a: Machamp|0 fnt
|-unboost|p2a: Garchomp|spa|2
|-damage|p2a: Garchomp|69/100|[from] item: Life Orb
|faint|p1a: Machamp
|
|-weather|Sandstorm|[upkeep]
|upkeep
|
|switch|p1a: Keldeo|Keldeo-Resolute|41/100 tox
|-damage|p1a: Keldeo|24/100 tox|[from] Spikes
|-damage|p1a: Keldeo|18/100 tox|[from] Stealth Rock
|turn|36
|
|move|p1a: Keldeo|Icy Wind|p2a: Garchomp
|-supereffective|p2a: Garchomp
|-damage|p2a: Garchomp|0 fnt
|faint|p2a: Garchomp
|
|-weather|Sandstorm|[upkeep]
|-damage|p1a: Keldeo|12/100 tox|[from] Sandstorm
|-damage|p1a: Keldeo|6/100 tox|[from] psn
|upkeep
|
|switch|p2a: Tornadus|Tornadus, M|76/100
|turn|37
|
|move|p2a: Tornadus|Protect|p2a: Tornadus
|-singleturn|p2a: Tornadus|Protect
|move|p1a: Keldeo|Icy Wind|p2a: Tornadus
|-activate|p2a: Tornadus|move: Protect
|
|-weather|Sandstorm|[upkeep]
|-damage|p2a: Tornadus|70/100|[from] Sandstorm
|-damage|p1a: Keldeo|0 fnt|[from] Sandstorm
|faint|p1a: Keldeo
|
|win|basewave
|upkeep
|c|☆basewave|gg man, fun game
|c|☆PumpedAaron|gg
|raw|PumpedAaron's rating: 1353 &rarr; <strong>1341</strong><br />(-12 for losing)
|raw|basewave's rating: 1500 &rarr; <strong>1512</strong><br />(+12 for winning)
|l|☆PumpedAaron
