|j|☆Spritzalcianuro96
|j|☆Dragonicos
|t:|1597042990
|player|p1|Spritzalcianuro96|colress|1620
|player|p2|Dragonicos|zinnia|1279
|teamsize|p1|6
|teamsize|p2|6
|gametype|singles
|gen|5
|tier|[Gen 5] OU
|rated|
|clearpoke
|poke|p1|Skarmory, M|item
|poke|p1|Garchomp, M|item
|poke|p1|Scizor, F|item
|poke|p1|Jellicent, M|item
|poke|p1|Alakazam, M|item
|poke|p1|Salamence, M|item
|poke|p2|Tyranitar, M|item
|poke|p2|Excadrill, F|item
|poke|p2|Ferrothorn, M|item
|poke|p2|Alakazam, M|item
|poke|p2|Gliscor, F|item
|poke|p2|Latios, M|item
|rule|Species Clause: Limit one of each Pokémon
|rule|OHKO Clause: OHKO moves are banned
|rule|Moody Clause: Moody is banned
|rule|Evasion Moves Clause: Evasion moves are banned
|rule|Endless Battle Clause: Forcing endless battles is banned
|rule|HP Percentage Mod: HP is shown in percentages
|rule|Evasion Abilities Clause: Evasion abilities are banned
|rule|Baton Pass Clause: Limit one Baton Passer, can't pass Spe and other stats simultaneously
|rule|Sleep Clause: Sleep-inducing moves are banned
|rule|Swagger Clause: Swagger is banned
|teampreview
|
|t:|1597043009
|start
|switch|p1a: Skarmory|Skarmory, M|100/100
|switch|p2a: Latios|Latios, M|100/100
|turn|1
|inactive|Battle timer is ON: inactive players will automatically lose when time's up. (requested by Spritzalcianuro96)
|j| IIIFlareIII
|
|t:|1597043018
|move|p2a: Latios|Hidden Power|p1a: Skarmory
|-supereffective|p1a: Skarmory
|-damage|p1a: Skarmory|13/100
|move|p1a: Skarmory|Stealth Rock|p2a: Latios
|-sidestart|p2: Dragonicos|move: Stealth Rock
|
|upkeep
|turn|2
|-enditem|p1a: Skarmory|Custap Berry|[eat]
|-activate|p1a: Skarmory|item: Custap Berry|[consumed]
|
|t:|1597043028
|move|p1a: Skarmory|Brave Bird|p2a: Latios
|-damage|p2a: Latios|36/100
|-damage|p1a: Skarmory|0 fnt|[from] Recoil
|faint|p1a: Skarmory
|move|p2a: Latios|Hidden Power|p1: Skarmory|[notarget]
|-fail|p2a: Latios
|
|upkeep
|l| IIIFlareIII
|
|t:|1597043040
|switch|p1a: Garchomp|Garchomp, M|100/100
|turn|3
|
|t:|1597043048
|switch|p2a: Ferrothorn|Ferrothorn, M|100/100
|-damage|p2a: Ferrothorn|95/100|[from] Stealth Rock
|move|p1a: Garchomp|Substitute|p1a: Garchomp
|-start|p1a: Garchomp|Substitute
|-damage|p1a: Garchomp|76/100
|
|upkeep
|turn|4
|
|t:|1597043053
|move|p1a: Garchomp|Swords Dance|p1a: Garchomp
|-boost|p1a: Garchomp|atk|2
|move|p2a: Ferrothorn|Gyro Ball|p1a: Garchomp
|-end|p1a: Garchomp|Substitute
|
|upkeep
|turn|5
|inactive|Spritzalcianuro96 has 120 seconds left.
|
|t:|1597043087
|move|p2a: Ferrothorn|Protect|p2a: Ferrothorn
|-singleturn|p2a: Ferrothorn|Protect
|move|p1a: Garchomp|Earthquake|p2a: Ferrothorn
|-activate|p2a: Ferrothorn|move: Protect
|
|upkeep
|turn|6
|
|t:|1597043097
|move|p1a: Garchomp|Substitute|p1a: Garchomp
|-start|p1a: Garchomp|Substitute
|-damage|p1a: Garchomp|51/100
|move|p2a: Ferrothorn|Spikes|p1a: Garchomp
|-sidestart|p1: Spritzalcianuro96|Spikes
|
|upkeep
|turn|7
|
|t:|1597043100
|move|p1a: Garchomp|Earthquake|p2a: Ferrothorn
|-damage|p2a: Ferrothorn|24/100
|move|p2a: Ferrothorn|Gyro Ball|p1a: Garchomp
|-end|p1a: Garchomp|Substitute
|
|upkeep
|turn|8
|
|t:|1597043108
|move|p1a: Garchomp|Earthquake|p2a: Ferrothorn
|-damage|p2a: Ferrothorn|0 fnt
|faint|p2a: Ferrothorn
|
|upkeep
|
|t:|1597043113
|switch|p2a: Alakazam|Alakazam, M|100/100
|turn|9
|
|t:|1597043138
|switch|p1a: Jellicent|Jellicent, M|100/100
|-damage|p1a: Jellicent|88/100|[from] Spikes
|move|p2a: Alakazam|Hidden Power|p1a: Jellicent
|-resisted|p1a: Jellicent
|-damage|p1a: Jellicent|77/100
|
|-heal|p1a: Jellicent|83/100|[from] item: Leftovers
|upkeep
|turn|10
|
|t:|1597043144
|switch|p2a: Tyranitar|Tyranitar, M|100/100
|-damage|p2a: Tyranitar|88/100|[from] Stealth Rock
|-weather|Sandstorm|[from] ability: Sand Stream|[of] p2a: Tyranitar
|move|p1a: Jellicent|Scald|p2a: Tyranitar
|-supereffective|p2a: Tyranitar
|-damage|p2a: Tyranitar|62/100
|
|-weather|Sandstorm|[upkeep]
|-damage|p1a: Jellicent|77/100|[from] Sandstorm
|-heal|p1a: Jellicent|83/100|[from] item: Leftovers
|upkeep
|turn|11
|
|t:|1597043153
|move|p1a: Jellicent|Will-O-Wisp|p2a: Tyranitar
|-status|p2a: Tyranitar|brn
|move|p2a: Tyranitar|Pursuit|p1a: Jellicent
|-supereffective|p1a: Jellicent
|-damage|p1a: Jellicent|54/100
|
|-weather|Sandstorm|[upkeep]
|-damage|p1a: Jellicent|48/100|[from] Sandstorm
|-heal|p1a: Jellicent|54/100|[from] item: Leftovers
|-damage|p2a: Tyranitar|50/100 brn|[from] brn
|upkeep
|turn|12
|j| IIIFlareIII
|
|t:|1597043159
|move|p1a: Jellicent|Taunt|p2a: Tyranitar
|-start|p2a: Tyranitar|move: Taunt
|move|p2a: Tyranitar|Pursuit|p1a: Jellicent
|-supereffective|p1a: Jellicent
|-damage|p1a: Jellicent|24/100
|
|-weather|Sandstorm|[upkeep]
|-damage|p1a: Jellicent|18/100|[from] Sandstorm
|-heal|p1a: Jellicent|24/100|[from] item: Leftovers
|-damage|p2a: Tyranitar|38/100 brn|[from] brn
|upkeep
|turn|13
|
|t:|1597043164
|move|p1a: Jellicent|Recover|p1a: Jellicent
|-heal|p1a: Jellicent|74/100
|move|p2a: Tyranitar|Pursuit|p1a: Jellicent
|-supereffective|p1a: Jellicent
|-damage|p1a: Jellicent|43/100
|
|-weather|Sandstorm|[upkeep]
|-damage|p1a: Jellicent|37/100|[from] Sandstorm
|-heal|p1a: Jellicent|43/100|[from] item: Leftovers
|-damage|p2a: Tyranitar|25/100 brn|[from] brn
|upkeep
|turn|14
|
|t:|1597043169
|move|p1a: Jellicent|Recover|p1a: Jellicent
|-heal|p1a: Jellicent|93/100
|move|p2a: Tyranitar|Pursuit|p1a: Jellicent
|-supereffective|p1a: Jellicent
|-damage|p1a: Jellicent|63/100
|
|-weather|Sandstorm|[upkeep]
|-damage|p1a: Jellicent|57/100|[from] Sandstorm
|-heal|p1a: Jellicent|63/100|[from] item: Leftovers
|-damage|p2a: Tyranitar|13/100 brn|[from] brn
|-end|p2a: Tyranitar|move: Taunt
|upkeep
|turn|15
|
|t:|1597043176
|move|p1a: Jellicent|Scald|p2a: Tyranitar
|-supereffective|p2a: Tyranitar
|-damage|p2a: Tyranitar|0 fnt
|faint|p2a: Tyranitar
|
|-weather|Sandstorm|[upkeep]
|-damage|p1a: Jellicent|57/100|[from] Sandstorm
|-heal|p1a: Jellicent|63/100|[from] item: Leftovers
|upkeep
|
|t:|1597043186
|switch|p2a: Excadrill|Excadrill, F|100/100
|-damage|p2a: Excadrill|97/100|[from] Stealth Rock
|turn|16
|
|t:|1597043196
|move|p2a: Excadrill|Earthquake|p1a: Jellicent
|-damage|p1a: Jellicent|0 fnt
|faint|p1a: Jellicent
|
|-weather|Sandstorm|[upkeep]
|upkeep
|
|t:|1597043207
|switch|p1a: Garchomp|Garchomp, M|51/100
|-damage|p1a: Garchomp|38/100|[from] Spikes
|turn|17
|
|t:|1597043219
|switch|p2a: Gliscor|Gliscor, F|100/100
|-damage|p2a: Gliscor|88/100|[from] Stealth Rock
|move|p1a: Garchomp|Earthquake|p2a: Gliscor
|-immune|p2a: Gliscor
|
|-weather|Sandstorm|[upkeep]
|-status|p2a: Gliscor|tox|[from] item: Toxic Orb
|upkeep
|turn|18
|
|t:|1597043229
|move|p1a: Garchomp|Swords Dance|p1a: Garchomp
|-boost|p1a: Garchomp|atk|2
|move|p2a: Gliscor|U-turn|p1a: Garchomp
|-damage|p1a: Garchomp|17/100
|-damage|p2a: Gliscor|76/100 tox|[from] ability: Rough Skin|[of] p1a: Garchomp
|
|t:|1597043237
|switch|p2a: Alakazam|Alakazam, M|100/100|[from]move: U-turn
|
|-weather|Sandstorm|[upkeep]
|upkeep
|turn|19
|
|t:|1597043244
|move|p2a: Alakazam|Psychic|p1a: Garchomp
|-damage|p1a: Garchomp|0 fnt
|faint|p1a: Garchomp
|
|-weather|Sandstorm|[upkeep]
|upkeep
|
|t:|1597043266
|switch|p1a: Alakazam|Alakazam, M|100/100
|turn|20
|
|t:|1597043283
|move|p2a: Alakazam|Shadow Ball|p1a: Alakazam
|-supereffective|p1a: Alakazam
|-crit|p1a: Alakazam
|-enditem|p1a: Alakazam|Focus Sash
|-damage|p1a: Alakazam|1/100
|-unboost|p1a: Alakazam|spd|1
|move|p1a: Alakazam|Shadow Ball|p2a: Alakazam
|-supereffective|p2a: Alakazam
|-damage|p2a: Alakazam|13/100
|
|-weather|Sandstorm|[upkeep]
|upkeep
|turn|21
|
|t:|1597043294
|move|p1a: Alakazam|Psychic|p2a: Alakazam
|-resisted|p2a: Alakazam
|-damage|p2a: Alakazam|0 fnt
|faint|p2a: Alakazam
|
|-weather|Sandstorm|[upkeep]
|upkeep
|
|t:|1597043302
|switch|p2a: Latios|Latios, M|36/100
|-damage|p2a: Latios|23/100|[from] Stealth Rock
|turn|22
|
|t:|1597043323
|move|p2a: Latios|Hidden Power|p1a: Alakazam
|-damage|p1a: Alakazam|0 fnt
|faint|p1a: Alakazam
|
|-weather|Sandstorm|[upkeep]
|-damage|p2a: Latios|17/100|[from] Sandstorm
|upkeep
|
|t:|1597043331
|switch|p1a: Salamence|Salamence, M|100/100
|turn|23
|inactive|Spritzalcianuro96 has 120 seconds left.
|
|t:|1597043352
|switch|p2a: Excadrill|Excadrill, F|97/100
|-damage|p2a: Excadrill|94/100|[from] Stealth Rock
|move|p1a: Salamence|Outrage|p2a: Excadrill
|-resisted|p2a: Excadrill
|-damage|p2a: Excadrill|47/100
|
|-weather|Sandstorm|[upkeep]
|-damage|p1a: Salamence|94/100|[from] Sandstorm
|upkeep
|turn|24
|
|t:|1597043362
|move|p1a: Salamence|Outrage|p2a: Excadrill|[from]lockedmove
|-resisted|p2a: Excadrill
|-damage|p2a: Excadrill|2/100
|-start|p1a: Salamence|confusion|[fatigue]
|move|p2a: Excadrill|Rock Slide|p1a: Salamence
|-supereffective|p1a: Salamence
|-crit|p1a: Salamence
|-damage|p1a: Salamence|0 fnt
|faint|p1a: Salamence
|
|-weather|Sandstorm|[upkeep]
|upkeep
|
|t:|1597043368
|switch|p1a: Scizor|Scizor, F|100/100
|-damage|p1a: Scizor|88/100|[from] Spikes
|turn|25
|
|t:|1597043376
|move|p1a: Scizor|Bullet Punch|p2a: Excadrill
|-resisted|p2a: Excadrill
|-damage|p2a: Excadrill|0 fnt
|-damage|p1a: Scizor|78/100|[from] item: Life Orb
|faint|p2a: Excadrill
|
|-weather|Sandstorm|[upkeep]
|upkeep
|
|t:|1597043379
|switch|p2a: Gliscor|Gliscor, F|76/100 tox
|-damage|p2a: Gliscor|63/100 tox|[from] Stealth Rock
|turn|26
|
|t:|1597043384
|move|p2a: Gliscor|Roost|p2a: Gliscor
|-heal|p2a: Gliscor|100/100 tox
|-singleturn|p2a: Gliscor|move: Roost
|move|p1a: Scizor|Swords Dance|p1a: Scizor
|-boost|p1a: Scizor|atk|2
|
|-weather|Sandstorm|[upkeep]
|upkeep
|turn|27
|
|t:|1597043390
|move|p2a: Gliscor|Earthquake|p1a: Scizor
|-crit|p1a: Scizor
|-damage|p1a: Scizor|0 fnt
|faint|p1a: Scizor
|
|win|Dragonicos
|l|☆Spritzalcianuro96
|raw|Spritzalcianuro96's rating: 1620 &rarr; <strong>1585</strong><br />(-35 for losing)
|raw|Dragonicos's rating: 1279 &rarr; <strong>1323</strong><br />(+44 for winning)
|l|☆Dragonicos
