|j|☆HALOCENE
|j|☆Morale1
|player|p1|HALOCENE|birdkeeper-gen4dp|1599
|player|p2|Morale1|cheren-gen5bw2|1490
|teamsize|p1|6
|teamsize|p2|6
|gametype|singles
|gen|5
|tier|[Gen 5] OU
|rated|
|clearpoke
|poke|p1|Tyranitar, M|item
|poke|p1|Landorus-Therian, M|item
|poke|p1|Terrakion|item
|poke|p1|Excadrill, F|item
|poke|p1|Celebi|item
|poke|p1|Rotom-Wash|item
|poke|p2|Slowbro, F|item
|poke|p2|Tyranitar, F|item
|poke|p2|Breloom, M|item
|poke|p2|Amoonguss, F|item
|poke|p2|Hydreigon, M|item
|poke|p2|Landorus-Therian, M|item
|rule|Species Clause: Limit one of each Pokémon
|rule|OHKO Clause: OHKO moves are banned
|rule|Moody Clause: Moody is banned
|rule|Evasion Moves Clause: Evasion moves are banned
|rule|Endless Battle Clause: Forcing endless battles is banned
|rule|HP Percentage Mod: HP is shown in percentages
|rule|Evasion Abilities Clause: Evasion abilities are banned
|rule|Baton Pass Clause: Limit one Baton Passer, can't pass Spe and other stats simultaneously
|rule|Sleep Clause: Sleep-inducing moves are banned
|rule|Swagger Clause: Swagger is banned
|teampreview
|inactive|Battle timer is ON: inactive players will automatically lose when time's up. (requested by Morale1)
|inactive|HALOCENE has 120 seconds left.
|
|start
|switch|p1a: Landorus|Landorus-Therian, M|100/100
|switch|p2a: Landorus|Landorus-Therian, M|100/100
|-ability|p2a: Landorus|Intimidate|boost
|-unboost|p1a: Landorus|atk|1
|-ability|p1a: Landorus|Intimidate|boost
|-unboost|p2a: Landorus|atk|1
|turn|1
|
|move|p2a: Landorus|U-turn|p1a: Landorus
|-resisted|p1a: Landorus
|-damage|p1a: Landorus|92/100
|-damage|p2a: Landorus|84/100|[from] item: Rocky Helmet|[of] p1a: Landorus
|
|switch|p2a: Slowbro|Slowbro, F|100/100|[from]move: U-turn
|move|p1a: Landorus|Stealth Rock|p2a: Slowbro
|-sidestart|p2: Morale1|move: Stealth Rock
|
|upkeep
|turn|2
|
|move|p1a: Landorus|U-turn|p2a: Slowbro
|-supereffective|p2a: Slowbro
|-damage|p2a: Slowbro|80/100
|
|switch|p1a: Celebi|Celebi|100/100|[from]move: U-turn
|move|p2a: Slowbro|Ice Beam|p1a: Celebi
|-supereffective|p1a: Celebi
|-damage|p1a: Celebi|70/100
|
|-heal|p1a: Celebi|76/100|[from] item: Leftovers
|-heal|p2a: Slowbro|86/100|[from] item: Leftovers
|upkeep
|turn|3
|
|switch|p1a: Terrakion|Terrakion|100/100
|switch|p2a: Landorus|Landorus-Therian, M|84/100
|-damage|p2a: Landorus|71/100|[from] Stealth Rock
|-ability|p2a: Landorus|Intimidate|boost
|-unboost|p1a: Terrakion|atk|1
|
|upkeep
|turn|4
|
|switch|p1a: Landorus|Landorus-Therian, M|92/100
|-ability|p1a: Landorus|Intimidate|boost
|-unboost|p2a: Landorus|atk|1
|move|p2a: Landorus|U-turn|p1a: Landorus
|-resisted|p1a: Landorus
|-crit|p1a: Landorus
|-damage|p1a: Landorus|63/100
|-damage|p2a: Landorus|55/100|[from] item: Rocky Helmet|[of] p1a: Landorus
|
|switch|p2a: Hydreigon|Hydreigon, M|100/100|[from]move: U-turn
|-damage|p2a: Hydreigon|88/100|[from] Stealth Rock
|
|upkeep
|turn|5
|
|switch|p1a: Tyranitar|Tyranitar, M|100/100
|-weather|Sandstorm|[from] ability: Sand Stream|[of] p1a: Tyranitar
|move|p2a: Hydreigon|Draco Meteor|p1a: Tyranitar
|-damage|p1a: Tyranitar|45/100
|-unboost|p2a: Hydreigon|spa|2
|
|-weather|Sandstorm|[upkeep]
|-damage|p2a: Hydreigon|82/100|[from] Sandstorm
|upkeep
|turn|6
|
|-activate|p2a: Hydreigon|move: Pursuit
|move|p1a: Tyranitar|Pursuit|p2a: Hydreigon|[from]Pursuit
|-resisted|p2a: Hydreigon
|-damage|p2a: Hydreigon|58/100
|switch|p2a: Breloom|Breloom, M|100/100
|-damage|p2a: Breloom|95/100|[from] Stealth Rock
|
|-weather|Sandstorm|[upkeep]
|-damage|p2a: Breloom|89/100|[from] Sandstorm
|-status|p2a: Breloom|tox|[from] item: Toxic Orb
|upkeep
|turn|7
|
|switch|p1a: Celebi|Celebi|76/100
|move|p2a: Breloom|Substitute|p2a: Breloom
|-start|p2a: Breloom|Substitute
|-damage|p2a: Breloom|64/100 tox
|
|-weather|Sandstorm|[upkeep]
|-damage|p1a: Celebi|70/100|[from] Sandstorm
|-damage|p2a: Breloom|58/100 tox|[from] Sandstorm
|-heal|p1a: Celebi|76/100|[from] item: Leftovers
|-heal|p2a: Breloom|70/100 tox|[from] ability: Poison Heal
|upkeep
|turn|8
|
|move|p2a: Breloom|Protect|p2a: Breloom
|-singleturn|p2a: Breloom|Protect
|move|p1a: Celebi|Hidden Power|p2a: Breloom
|-activate|p2a: Breloom|move: Protect
|
|-weather|Sandstorm|[upkeep]
|-damage|p1a: Celebi|70/100|[from] Sandstorm
|-damage|p2a: Breloom|64/100 tox|[from] Sandstorm
|-heal|p1a: Celebi|76/100|[from] item: Leftovers
|-heal|p2a: Breloom|76/100 tox|[from] ability: Poison Heal
|upkeep
|turn|9
|
|-singleturn|p2a: Breloom|move: Focus Punch
|move|p1a: Celebi|Hidden Power|p2a: Breloom
|-supereffective|p2a: Breloom
|-end|p2a: Breloom|Substitute
|move|p2a: Breloom|Focus Punch|p1a: Celebi
|-resisted|p1a: Celebi
|-crit|p1a: Celebi
|-damage|p1a: Celebi|0 fnt
|faint|p1a: Celebi
|
|-weather|Sandstorm|[upkeep]
|-damage|p2a: Breloom|70/100 tox|[from] Sandstorm
|-heal|p2a: Breloom|83/100 tox|[from] ability: Poison Heal
|upkeep
|c|☆Morale1|mbad
|
|switch|p1a: Terrakion|Terrakion|100/100
|turn|10
|
|switch|p2a: Slowbro|Slowbro, F|100/100
|-damage|p2a: Slowbro|88/100|[from] Stealth Rock
|move|p1a: Terrakion|Close Combat|p2a: Slowbro
|-resisted|p2a: Slowbro
|-crit|p2a: Slowbro
|-damage|p2a: Slowbro|31/100
|-unboost|p1a: Terrakion|def|1
|-unboost|p1a: Terrakion|spd|1
|
|-weather|Sandstorm|[upkeep]
|-damage|p2a: Slowbro|25/100|[from] Sandstorm
|-heal|p2a: Slowbro|31/100|[from] item: Leftovers
|upkeep
|turn|11
|j| lelaleslelales
|
|switch|p2a: Landorus|Landorus-Therian, M|55/100
|-damage|p2a: Landorus|42/100|[from] Stealth Rock
|-ability|p2a: Landorus|Intimidate|boost
|-unboost|p1a: Terrakion|atk|1
|move|p1a: Terrakion|Close Combat|p2a: Landorus
|-resisted|p2a: Landorus
|-damage|p2a: Landorus|8/100
|-unboost|p1a: Terrakion|def|1
|-unboost|p1a: Terrakion|spd|1
|
|-weather|Sandstorm|[upkeep]
|upkeep
|turn|12
|
|switch|p1a: Rotom|Rotom-Wash|100/100
|move|p2a: Landorus|U-turn|p1a: Rotom
|-damage|p1a: Rotom|74/100
|
|switch|p2a: Breloom|Breloom, M|83/100 tox|[from]move: U-turn
|-damage|p2a: Breloom|77/100 tox|[from] Stealth Rock
|
|-weather|Sandstorm|[upkeep]
|-damage|p1a: Rotom|68/100|[from] Sandstorm
|-damage|p2a: Breloom|71/100 tox|[from] Sandstorm
|-heal|p1a: Rotom|74/100|[from] item: Leftovers
|-heal|p2a: Breloom|83/100 tox|[from] ability: Poison Heal
|upkeep
|turn|13
|
|move|p1a: Rotom|Hidden Power|p2a: Breloom
|-supereffective|p2a: Breloom
|-damage|p2a: Breloom|34/100 tox
|move|p2a: Breloom|Substitute|p2a: Breloom
|-start|p2a: Breloom|Substitute
|-damage|p2a: Breloom|9/100 tox
|
|-weather|Sandstorm|[upkeep]
|-damage|p1a: Rotom|68/100|[from] Sandstorm
|-damage|p2a: Breloom|3/100 tox|[from] Sandstorm
|-heal|p1a: Rotom|74/100|[from] item: Leftovers
|-heal|p2a: Breloom|15/100 tox|[from] ability: Poison Heal
|upkeep
|turn|14
|
|switch|p1a: Landorus|Landorus-Therian, M|63/100
|-ability|p1a: Landorus|Intimidate|boost
|-immune|p2a: Breloom
|move|p2a: Breloom|Protect||[still]
|-fail|p2a: Breloom
|
|-weather|Sandstorm|[upkeep]
|-damage|p2a: Breloom|9/100 tox|[from] Sandstorm
|-heal|p2a: Breloom|21/100 tox|[from] ability: Poison Heal
|upkeep
|turn|15
|
|move|p1a: Landorus|Earthquake|p2a: Breloom
|-resisted|p2a: Breloom
|-end|p2a: Breloom|Substitute
|move|p2a: Breloom|Seed Bomb|p1a: Landorus
|-damage|p1a: Landorus|16/100
|
|-weather|Sandstorm|[upkeep]
|-damage|p2a: Breloom|15/100 tox|[from] Sandstorm
|-heal|p2a: Breloom|28/100 tox|[from] ability: Poison Heal
|upkeep
|turn|16
|
|move|p2a: Breloom|Protect|p2a: Breloom
|-singleturn|p2a: Breloom|Protect
|move|p1a: Landorus|U-turn|p2a: Breloom
|-activate|p2a: Breloom|move: Protect
|
|-weather|Sandstorm|[upkeep]
|-damage|p2a: Breloom|22/100 tox|[from] Sandstorm
|-heal|p2a: Breloom|34/100 tox|[from] ability: Poison Heal
|upkeep
|turn|17
|
|switch|p1a: Terrakion|Terrakion|100/100
|switch|p2a: Landorus|Landorus-Therian, M|8/100
|-damage|p2a: Landorus|0 fnt|[from] Stealth Rock
|faint|p2a: Landorus
|
|-weather|Sandstorm|[upkeep]
|upkeep
|
|switch|p2a: Slowbro|Slowbro, F|64/100
|-damage|p2a: Slowbro|52/100|[from] Stealth Rock
|turn|18
|
|move|p1a: Terrakion|Stone Edge|p2a: Slowbro
|-damage|p2a: Slowbro|9/100
|move|p2a: Slowbro|Slack Off|p2a: Slowbro
|-heal|p2a: Slowbro|59/100
|
|-weather|Sandstorm|[upkeep]
|-damage|p2a: Slowbro|53/100|[from] Sandstorm
|-heal|p2a: Slowbro|59/100|[from] item: Leftovers
|upkeep
|turn|19
|
|move|p1a: Terrakion|Stone Edge|p2a: Slowbro
|-damage|p2a: Slowbro|13/100
|move|p2a: Slowbro|Slack Off|p2a: Slowbro
|-heal|p2a: Slowbro|63/100
|
|-weather|Sandstorm|[upkeep]
|-damage|p2a: Slowbro|57/100|[from] Sandstorm
|-heal|p2a: Slowbro|63/100|[from] item: Leftovers
|upkeep
|turn|20
|
|move|p1a: Terrakion|Stone Edge|p2a: Slowbro
|-damage|p2a: Slowbro|15/100
|move|p2a: Slowbro|Slack Off|p2a: Slowbro
|-heal|p2a: Slowbro|65/100
|
|-weather|Sandstorm|[upkeep]
|-damage|p2a: Slowbro|59/100|[from] Sandstorm
|-heal|p2a: Slowbro|65/100|[from] item: Leftovers
|upkeep
|turn|21
|
|move|p1a: Terrakion|Stone Edge|p2a: Slowbro
|-damage|p2a: Slowbro|19/100
|move|p2a: Slowbro|Slack Off|p2a: Slowbro
|-heal|p2a: Slowbro|69/100
|
|-weather|Sandstorm|[upkeep]
|-damage|p2a: Slowbro|63/100|[from] Sandstorm
|-heal|p2a: Slowbro|69/100|[from] item: Leftovers
|upkeep
|turn|22
|
|move|p1a: Terrakion|Stone Edge|p2a: Slowbro
|-damage|p2a: Slowbro|22/100
|move|p2a: Slowbro|Slack Off|p2a: Slowbro
|-heal|p2a: Slowbro|72/100
|
|-weather|Sandstorm|[upkeep]
|-damage|p2a: Slowbro|66/100|[from] Sandstorm
|-heal|p2a: Slowbro|72/100|[from] item: Leftovers
|upkeep
|turn|23
|
|move|p1a: Terrakion|Stone Edge|p2a: Slowbro
|-crit|p2a: Slowbro
|-damage|p2a: Slowbro|0 fnt
|faint|p2a: Slowbro
|
|-weather|Sandstorm|[upkeep]
|upkeep
|
|switch|p2a: Breloom|Breloom, M|34/100 tox
|-damage|p2a: Breloom|28/100 tox|[from] Stealth Rock
|turn|24
|
|move|p2a: Breloom|Protect|p2a: Breloom
|-singleturn|p2a: Breloom|Protect
|move|p1a: Terrakion|Stone Edge|p2a: Breloom
|-activate|p2a: Breloom|move: Protect
|
|-weather|Sandstorm|[upkeep]
|-damage|p2a: Breloom|22/100 tox|[from] Sandstorm
|-heal|p2a: Breloom|34/100 tox|[from] ability: Poison Heal
|upkeep
|turn|25
|
|move|p1a: Terrakion|Stone Edge|p2a: Breloom
|-resisted|p2a: Breloom
|-crit|p2a: Breloom
|-damage|p2a: Breloom|0 fnt
|faint|p2a: Breloom
|
|-weather|Sandstorm|[upkeep]
|upkeep
|
|switch|p2a: Tyranitar|Tyranitar, F|100/100
|-damage|p2a: Tyranitar|88/100|[from] Stealth Rock
|turn|26
|
|switch|p1a: Landorus|Landorus-Therian, M|16/100
|-ability|p1a: Landorus|Intimidate|boost
|-unboost|p2a: Tyranitar|atk|1
|move|p2a: Tyranitar|Crunch|p1a: Landorus
|-damage|p1a: Landorus|0 fnt
|-damage|p2a: Tyranitar|72/100|[from] item: Rocky Helmet|[of] p1a: Landorus
|faint|p1a: Landorus
|
|-weather|Sandstorm|[upkeep]
|upkeep
|
|switch|p1a: Excadrill|Excadrill, F|100/100
|turn|27
|
|switch|p2a: Amoonguss|Amoonguss, F|100/100
|-damage|p2a: Amoonguss|88/100|[from] Stealth Rock
|move|p1a: Excadrill|Iron Head|p2a: Amoonguss
|-damage|p2a: Amoonguss|25/100
|
|-weather|Sandstorm|[upkeep]
|-damage|p2a: Amoonguss|19/100|[from] Sandstorm
|-heal|p2a: Amoonguss|25/100|[from] item: Black Sludge
|upkeep
|turn|28
|
|move|p1a: Excadrill|Iron Head|p2a: Amoonguss
|-damage|p2a: Amoonguss|0 fnt
|faint|p2a: Amoonguss
|
|-weather|Sandstorm|[upkeep]
|upkeep
|
|switch|p2a: Tyranitar|Tyranitar, F|72/100
|-damage|p2a: Tyranitar|59/100|[from] Stealth Rock
|turn|29
|
|move|p1a: Excadrill|Iron Head|p2a: Tyranitar
|-supereffective|p2a: Tyranitar
|-damage|p2a: Tyranitar|0 fnt
|faint|p2a: Tyranitar
|
|-weather|Sandstorm|[upkeep]
|upkeep
|-message|Morale1 forfeited.
|
|win|HALOCENE
|l|☆Morale1
|l| lelaleslelales
|raw|HALOCENE's rating: 1599 &rarr; <strong>1613</strong><br />(+14 for winning)
|raw|Morale1's rating: 1491 &rarr; <strong>1477</strong><br />(-14 for losing)
