|j|☆yoloboy9000
|j|☆vincentdo
|player|p1|yoloboy9000|2
|player|p2|vincentdo|283
|teamsize|p1|6
|teamsize|p2|6
|gametype|singles
|gen|5
|tier|[Gen 5] OU
|rated|
|rule|Sleep Clause Mod: Limit one foe put to sleep
|rule|Species Clause: Limit one of each Pokémon
|rule|OHKO Clause: OHKO moves are banned
|rule|Moody Clause: Moody is banned
|rule|Evasion Moves Clause: Evasion moves are banned
|rule|Endless Battle Clause: Forcing endless battles is banned
|rule|HP Percentage Mod: HP is shown in percentages
|rule|Evasion Abilities Clause: Evasion abilities are banned
|rule|Baton Pass Clause: Limit one Baton Passer, can't pass Spe and other stats simultaneously
|rule|Swagger Clause: Swagger is banned
|clearpoke
|poke|p1|Tyranitar, M|item
|poke|p1|Magnezone|item
|poke|p1|Terrakion|item
|poke|p1|Latios, M|item
|poke|p1|Scizor, F|item
|poke|p1|Landorus-Therian, M|item
|poke|p2|Hippowdon, M|item
|poke|p2|Tyranitar, M|item
|poke|p2|Forretress, M|item
|poke|p2|Jellicent, M|item
|poke|p2|Celebi|item
|poke|p2|Heatran, M|item
|teampreview
|
|start
|switch|p1a: Pat Riely|Tyranitar, M|100/100
|switch|p2a: Hippowdon|Hippowdon, M|100/100
|-weather|Sandstorm|[from] ability: Sand Stream|[of] p1a: Pat Riely
|turn|1
|
|move|p1a: Pat Riely|Stealth Rock|p2a: Hippowdon
|-sidestart|p2: vincentdo|move: Stealth Rock
|move|p2a: Hippowdon|Stealth Rock|p1a: Pat Riely
|-sidestart|p1: yoloboy9000|move: Stealth Rock
|
|-weather|Sandstorm|[upkeep]
|upkeep
|turn|2
|
|move|p1a: Pat Riely|Ice Beam|p2a: Hippowdon
|-supereffective|p2a: Hippowdon
|-damage|p2a: Hippowdon|55/100
|move|p2a: Hippowdon|Whirlwind|p1a: Pat Riely
|drag|p1a: Bron Bron|Landorus-Therian, M|100/100
|-damage|p1a: Bron Bron|88/100|[from] Stealth Rock
|-ability|p1a: Bron Bron|Intimidate|boost
|-unboost|p2a: Hippowdon|atk|1
|
|-weather|Sandstorm|[upkeep]
|-heal|p2a: Hippowdon|61/100|[from] item: Leftovers
|upkeep
|turn|3
|
|move|p1a: Bron Bron|Toxic|p2a: Hippowdon
|-status|p2a: Hippowdon|tox
|move|p2a: Hippowdon|Slack Off|p2a: Hippowdon
|-heal|p2a: Hippowdon|100/100 tox
|
|-weather|Sandstorm|[upkeep]
|-damage|p2a: Hippowdon|94/100 tox|[from] psn
|upkeep
|turn|4
|
|switch|p2a: Tyranitar|Tyranitar, M|100/100
|-damage|p2a: Tyranitar|88/100|[from] Stealth Rock
|move|p1a: Bron Bron|Earthquake|p2a: Tyranitar
|-supereffective|p2a: Tyranitar
|-damage|p2a: Tyranitar|0 fnt
|faint|p2a: Tyranitar
|
|-weather|Sandstorm|[upkeep]
|upkeep
|
|switch|p2a: Forretress|Forretress, M|100/100
|-damage|p2a: Forretress|88/100|[from] Stealth Rock
|turn|5
|
|move|p1a: Bron Bron|U-turn|p2a: Forretress
|-resisted|p2a: Forretress
|-damage|p2a: Forretress|80/100
|
|switch|p1a: Ray Allen|Magnezone|100/100
|-damage|p1a: Ray Allen|94/100|[from] Stealth Rock
|move|p2a: Forretress|Toxic Spikes|p1a: Ray Allen
|-sidestart|p1: yoloboy9000|move: Toxic Spikes
|
|-weather|Sandstorm|[upkeep]
|-heal|p1a: Ray Allen|100/100|[from] item: Leftovers
|-heal|p2a: Forretress|86/100|[from] item: Leftovers
|upkeep
|turn|6
|
|move|p1a: Ray Allen|Hidden Power|p2a: Forretress
|-supereffective|p2a: Forretress
|-damage|p2a: Forretress|0 fnt
|faint|p2a: Forretress
|
|-weather|Sandstorm|[upkeep]
|upkeep
|
|switch|p2a: Heatran|Heatran, M|100/100
|-damage|p2a: Heatran|88/100|[from] Stealth Rock
|turn|7
|
|switch|p1a: Bosh|Latios, M, shiny|100/100
|-damage|p1a: Bosh|88/100|[from] Stealth Rock
|move|p2a: Heatran|Dragon Pulse|p1a: Bosh
|-supereffective|p1a: Bosh
|-damage|p1a: Bosh|16/100
|
|-weather|Sandstorm|[upkeep]
|-damage|p1a: Bosh|10/100|[from] Sandstorm
|upkeep
|turn|8
|
|move|p2a: Heatran|Dragon Pulse|p1a: Bosh
|-supereffective|p1a: Bosh
|-damage|p1a: Bosh|0 fnt
|faint|p1a: Bosh
|
|-weather|Sandstorm|[upkeep]
|upkeep
|
|switch|p1a: D.Wade|Terrakion|100/100
|-damage|p1a: D.Wade|94/100|[from] Stealth Rock
|-status|p1a: D.Wade|psn
|turn|9
|
|switch|p2a: Hippowdon|Hippowdon, M|94/100 tox
|-damage|p2a: Hippowdon|88/100 tox|[from] Stealth Rock
|move|p1a: D.Wade|X-Scissor|p2a: Hippowdon
|-damage|p2a: Hippowdon|73/100 tox
|
|-weather|Sandstorm|[upkeep]
|-heal|p2a: Hippowdon|79/100 tox|[from] item: Leftovers
|-damage|p1a: D.Wade|82/100 psn|[from] psn
|-damage|p2a: Hippowdon|73/100 tox|[from] psn
|upkeep
|turn|10
|
|switch|p1a: Bron Bron|Landorus-Therian, M|88/100
|-damage|p1a: Bron Bron|76/100|[from] Stealth Rock
|-ability|p1a: Bron Bron|Intimidate|boost
|-unboost|p2a: Hippowdon|atk|1
|switch|p2a: Heatran|Heatran, M|88/100
|-damage|p2a: Heatran|76/100|[from] Stealth Rock
|
|-weather|Sandstorm|[upkeep]
|upkeep
|turn|11
|
|switch|p1a: Miller|Scizor, F, shiny|100/100
|-damage|p1a: Miller|88/100|[from] Stealth Rock
|move|p2a: Heatran|Hidden Power|p1a: Miller
|-resisted|p1a: Miller
|-damage|p1a: Miller|72/100
|
|-weather|Sandstorm|[upkeep]
|upkeep
|turn|12
|
|switch|p2a: Jellicent|Jellicent, M|100/100
|-damage|p2a: Jellicent|88/100|[from] Stealth Rock
|move|p1a: Miller|U-turn|p2a: Jellicent
|-resisted|p2a: Jellicent
|-damage|p2a: Jellicent|67/100
|
|switch|p1a: Ray Allen|Magnezone|100/100
|-damage|p1a: Ray Allen|94/100|[from] Stealth Rock
|
|-weather|Sandstorm|[upkeep]
|-damage|p2a: Jellicent|61/100|[from] Sandstorm
|-heal|p1a: Ray Allen|100/100|[from] item: Leftovers
|-heal|p2a: Jellicent|67/100|[from] item: Leftovers
|upkeep
|turn|13
|inactive|Battle timer is ON: inactive players will automatically lose when time's up. (requested by vincentdo)
|
|switch|p2a: Celebi|Celebi|100/100
|-damage|p2a: Celebi|88/100|[from] Stealth Rock
|move|p1a: Ray Allen|Charge Beam|p2a: Celebi
|-resisted|p2a: Celebi
|-crit|p2a: Celebi
|-damage|p2a: Celebi|71/100
|-boost|p1a: Ray Allen|spa|1
|
|-weather|Sandstorm|[upkeep]
|-damage|p2a: Celebi|65/100|[from] Sandstorm
|-heal|p2a: Celebi|71/100|[from] item: Leftovers
|upkeep
|turn|14
|
|switch|p2a: Heatran|Heatran, M|76/100
|-damage|p2a: Heatran|64/100|[from] Stealth Rock
|move|p1a: Ray Allen|Hidden Power|p2a: Heatran
|-start|p2a: Heatran|ability: Flash Fire
|
|-weather|Sandstorm|[upkeep]
|upkeep
|turn|15
|
|switch|p1a: Pat Riely|Tyranitar, M|100/100
|-damage|p1a: Pat Riely|88/100|[from] Stealth Rock
|-status|p1a: Pat Riely|psn
|move|p2a: Heatran|Fire Blast|p1a: Pat Riely
|-resisted|p1a: Pat Riely
|-damage|p1a: Pat Riely|65/100 psn
|
|-weather|Sandstorm|[upkeep]
|-heal|p1a: Pat Riely|71/100 psn|[from] item: Leftovers
|-damage|p1a: Pat Riely|59/100 psn|[from] psn
|upkeep
|turn|16
|
|-activate|p2a: Heatran|move: Pursuit
|move|p1a: Pat Riely|Pursuit|p2a: Heatran|[from]Pursuit
|-resisted|p2a: Heatran
|-damage|p2a: Heatran|46/100
|-end|p2a: Heatran|ability: Flash Fire|[silent]
|switch|p2a: Hippowdon|Hippowdon, M|73/100 tox
|-damage|p2a: Hippowdon|67/100 tox|[from] Stealth Rock
|
|-weather|Sandstorm|[upkeep]
|-heal|p1a: Pat Riely|65/100 psn|[from] item: Leftovers
|-heal|p2a: Hippowdon|73/100 tox|[from] item: Leftovers
|-damage|p1a: Pat Riely|53/100 psn|[from] psn
|-damage|p2a: Hippowdon|67/100 tox|[from] psn
|upkeep
|turn|17
|
|move|p1a: Pat Riely|Ice Beam|p2a: Hippowdon
|-supereffective|p2a: Hippowdon
|-damage|p2a: Hippowdon|19/100 tox
|move|p2a: Hippowdon|Slack Off|p2a: Hippowdon
|-heal|p2a: Hippowdon|69/100 tox
|
|-weather|Sandstorm|[upkeep]
|-heal|p1a: Pat Riely|59/100 psn|[from] item: Leftovers
|-heal|p2a: Hippowdon|75/100 tox|[from] item: Leftovers
|-damage|p1a: Pat Riely|46/100 psn|[from] psn
|-damage|p2a: Hippowdon|63/100 tox|[from] psn
|upkeep
|turn|18
|
|move|p1a: Pat Riely|Ice Beam|p2a: Hippowdon
|-supereffective|p2a: Hippowdon
|-damage|p2a: Hippowdon|13/100 tox
|move|p2a: Hippowdon|Slack Off|p2a: Hippowdon
|-heal|p2a: Hippowdon|64/100 tox
|
|-weather|Sandstorm|[upkeep]
|-heal|p1a: Pat Riely|53/100 psn|[from] item: Leftovers
|-heal|p2a: Hippowdon|70/100 tox|[from] item: Leftovers
|-damage|p1a: Pat Riely|40/100 psn|[from] psn
|-damage|p2a: Hippowdon|51/100 tox|[from] psn
|upkeep
|turn|19
|
|-activate|p2a: Hippowdon|move: Pursuit
|move|p1a: Pat Riely|Pursuit|p2a: Hippowdon|[from]Pursuit
|-damage|p2a: Hippowdon|32/100 tox
|switch|p2a: Celebi|Celebi|71/100
|-damage|p2a: Celebi|59/100|[from] Stealth Rock
|
|-weather|Sandstorm|[upkeep]
|-damage|p2a: Celebi|52/100|[from] Sandstorm
|-heal|p2a: Celebi|59/100|[from] item: Leftovers
|-heal|p1a: Pat Riely|46/100 psn|[from] item: Leftovers
|-damage|p1a: Pat Riely|34/100 psn|[from] psn
|upkeep
|turn|20
|
|move|p2a: Celebi|Recover|p2a: Celebi
|-heal|p2a: Celebi|100/100
|move|p1a: Pat Riely|Pursuit|p2a: Celebi
|-supereffective|p2a: Celebi
|-damage|p2a: Celebi|69/100
|
|-weather|Sandstorm|[upkeep]
|-damage|p2a: Celebi|63/100|[from] Sandstorm
|-heal|p2a: Celebi|69/100|[from] item: Leftovers
|-heal|p1a: Pat Riely|40/100 psn|[from] item: Leftovers
|-damage|p1a: Pat Riely|28/100 psn|[from] psn
|upkeep
|turn|21
|
|switch|p1a: Bron Bron|Landorus-Therian, M|76/100
|-damage|p1a: Bron Bron|64/100|[from] Stealth Rock
|-ability|p1a: Bron Bron|Intimidate|boost
|-unboost|p2a: Celebi|atk|1
|move|p2a: Celebi|Recover|p2a: Celebi
|-heal|p2a: Celebi|100/100
|
|-weather|Sandstorm|[upkeep]
|-damage|p2a: Celebi|94/100|[from] Sandstorm
|-heal|p2a: Celebi|100/100|[from] item: Leftovers
|upkeep
|turn|22
|
|switch|p2a: Jellicent|Jellicent, M|67/100
|-damage|p2a: Jellicent|55/100|[from] Stealth Rock
|move|p1a: Bron Bron|U-turn|p2a: Jellicent
|-resisted|p2a: Jellicent
|-damage|p2a: Jellicent|43/100
|
|switch|p1a: D.Wade|Terrakion|82/100 psn
|-damage|p1a: D.Wade|76/100 psn|[from] Stealth Rock
|
|-weather|Sandstorm|[upkeep]
|-damage|p2a: Jellicent|37/100|[from] Sandstorm
|-heal|p2a: Jellicent|43/100|[from] item: Leftovers
|-damage|p1a: D.Wade|63/100 psn|[from] psn
|upkeep
|turn|23
|
|switch|p2a: Hippowdon|Hippowdon, M|32/100 tox
|-damage|p2a: Hippowdon|26/100 tox|[from] Stealth Rock
|move|p1a: D.Wade|Stone Edge|p2a: Hippowdon
|-resisted|p2a: Hippowdon
|-damage|p2a: Hippowdon|11/100 tox
|
|-weather|Sandstorm|[upkeep]
|-heal|p2a: Hippowdon|17/100 tox|[from] item: Leftovers
|-damage|p1a: D.Wade|51/100 psn|[from] psn
|-damage|p2a: Hippowdon|11/100 tox|[from] psn
|upkeep
|turn|24
|
|move|p1a: D.Wade|Stone Edge|p2a: Hippowdon
|-resisted|p2a: Hippowdon
|-damage|p2a: Hippowdon|0 fnt
|faint|p2a: Hippowdon
|
|-weather|Sandstorm|[upkeep]
|-damage|p1a: D.Wade|39/100 psn|[from] psn
|upkeep
|
|switch|p2a: Celebi|Celebi|100/100
|-damage|p2a: Celebi|88/100|[from] Stealth Rock
|turn|25
|
|switch|p1a: Bron Bron|Landorus-Therian, M|64/100
|-damage|p1a: Bron Bron|51/100|[from] Stealth Rock
|-ability|p1a: Bron Bron|Intimidate|boost
|-unboost|p2a: Celebi|atk|1
|move|p2a: Celebi|Psychic|p1a: Bron Bron
|-damage|p1a: Bron Bron|12/100
|
|-weather|Sandstorm|[upkeep]
|-damage|p2a: Celebi|82/100|[from] Sandstorm
|-heal|p2a: Celebi|88/100|[from] item: Leftovers
|upkeep
|turn|26
|
|move|p2a: Celebi|Psychic|p1a: Bron Bron
|-damage|p1a: Bron Bron|0 fnt
|faint|p1a: Bron Bron
|
|-weather|Sandstorm|[upkeep]
|-damage|p2a: Celebi|82/100|[from] Sandstorm
|-heal|p2a: Celebi|88/100|[from] item: Leftovers
|upkeep
|
|switch|p1a: Miller|Scizor, F, shiny|72/100
|-damage|p1a: Miller|59/100|[from] Stealth Rock
|turn|27
|
|move|p2a: Celebi|Baton Pass|p2a: Celebi
|
|switch|p2a: Jellicent|Jellicent, M|43/100
|-damage|p2a: Jellicent|31/100|[from] Stealth Rock
|move|p1a: Miller|U-turn|p2a: Jellicent
|-resisted|p2a: Jellicent
|-damage|p2a: Jellicent|8/100
|
|switch|p1a: Ray Allen|Magnezone|100/100
|-damage|p1a: Ray Allen|94/100|[from] Stealth Rock
|
|-weather|Sandstorm|[upkeep]
|-damage|p2a: Jellicent|2/100|[from] Sandstorm
|-heal|p1a: Ray Allen|100/100|[from] item: Leftovers
|-heal|p2a: Jellicent|8/100|[from] item: Leftovers
|upkeep
|turn|28
|
|switch|p2a: Celebi|Celebi|88/100
|-damage|p2a: Celebi|76/100|[from] Stealth Rock
|move|p1a: Ray Allen|Charge Beam|p2a: Celebi
|-resisted|p2a: Celebi
|-damage|p2a: Celebi|67/100
|-boost|p1a: Ray Allen|spa|1
|
|-weather|Sandstorm|[upkeep]
|-damage|p2a: Celebi|61/100|[from] Sandstorm
|-heal|p2a: Celebi|67/100|[from] item: Leftovers
|upkeep
|turn|29
|
|move|p1a: Ray Allen|Charge Beam|p2a: Celebi
|-resisted|p2a: Celebi
|-damage|p2a: Celebi|55/100
|-boost|p1a: Ray Allen|spa|1
|move|p2a: Celebi|Perish Song|p2a: Celebi
|-start|p1a: Ray Allen|perish3|[silent]
|-start|p2a: Celebi|perish3|[silent]
|-fieldactivate|move: Perish Song
|
|-weather|Sandstorm|[upkeep]
|-damage|p2a: Celebi|48/100|[from] Sandstorm
|-heal|p2a: Celebi|55/100|[from] item: Leftovers
|-start|p1a: Ray Allen|perish3
|-start|p2a: Celebi|perish3
|upkeep
|turn|30
|
|switch|p2a: Heatran|Heatran, M|46/100
|-damage|p2a: Heatran|34/100|[from] Stealth Rock
|move|p1a: Ray Allen|Flash Cannon|p2a: Heatran
|-resisted|p2a: Heatran
|-damage|p2a: Heatran|15/100
|
|-weather|Sandstorm|[upkeep]
|-start|p1a: Ray Allen|perish2
|upkeep
|turn|31
|
|move|p2a: Heatran|Fire Blast|p1a: Ray Allen
|-supereffective|p1a: Ray Allen
|-damage|p1a: Ray Allen|0 fnt
|faint|p1a: Ray Allen
|
|-weather|Sandstorm|[upkeep]
|upkeep
|
|switch|p1a: Pat Riely|Tyranitar, M|28/100 psn
|-damage|p1a: Pat Riely|15/100 psn|[from] Stealth Rock
|turn|32
|
|move|p2a: Heatran|Fire Blast|p1a: Pat Riely
|-resisted|p1a: Pat Riely
|-damage|p1a: Pat Riely|0 fnt
|faint|p1a: Pat Riely
|
|-weather|Sandstorm|[upkeep]
|upkeep
|
|switch|p1a: D.Wade|Terrakion|39/100 psn
|-damage|p1a: D.Wade|32/100 psn|[from] Stealth Rock
|turn|33
|inactive|vincentdo has 120 seconds left.
|
|switch|p2a: Jellicent|Jellicent, M|8/100
|-damage|p2a: Jellicent|0 fnt|[from] Stealth Rock
|faint|p2a: Jellicent
|move|p1a: D.Wade|Stone Edge|p2: Jellicent|[notarget]
|-fail|p1a: D.Wade
|
|-weather|Sandstorm|[upkeep]
|-damage|p1a: D.Wade|20/100 psn|[from] psn
|upkeep
|
|switch|p2a: Celebi|Celebi|55/100
|-damage|p2a: Celebi|42/100|[from] Stealth Rock
|turn|34
|
|switch|p1a: Miller|Scizor, F, shiny|59/100
|-damage|p1a: Miller|47/100|[from] Stealth Rock
|move|p2a: Celebi|Recover|p2a: Celebi
|-heal|p2a: Celebi|92/100
|
|-weather|Sandstorm|[upkeep]
|-damage|p2a: Celebi|86/100|[from] Sandstorm
|-heal|p2a: Celebi|92/100|[from] item: Leftovers
|upkeep
|turn|35
|
|move|p2a: Celebi|Baton Pass|p2a: Celebi
|
|switch|p2a: Heatran|Heatran, M|15/100
|-damage|p2a: Heatran|3/100|[from] Stealth Rock
|move|p1a: Miller|U-turn|p2a: Heatran
|-resisted|p2a: Heatran
|-damage|p2a: Heatran|0 fnt
|faint|p2a: Heatran
|
|switch|p1a: D.Wade|Terrakion|20/100 psn
|-damage|p1a: D.Wade|14/100 psn|[from] Stealth Rock
|
|-weather|Sandstorm|[upkeep]
|-damage|p1a: D.Wade|1/100 psn|[from] psn
|upkeep
|
|switch|p2a: Celebi|Celebi|92/100
|-damage|p2a: Celebi|80/100|[from] Stealth Rock
|turn|36
|
|move|p1a: D.Wade|X-Scissor|p2a: Celebi
|-supereffective|p2a: Celebi
|-damage|p2a: Celebi|0 fnt
|faint|p2a: Celebi
|
|win|yoloboy9000
|l|☆vincentdo
|raw|yoloboy9000's rating: 1408 &rarr; <strong>1434</strong><br />(+26 for winning)
|raw|vincentdo's rating: 1518 &rarr; <strong>1492</strong><br />(-26 for losing)
