|j|☆Tv33
|j|☆the pirate97
|player|p1|Tv33|83
|player|p2|the pirate97|1
|teamsize|p1|6
|teamsize|p2|6
|gametype|singles
|gen|5
|tier|[Gen 5] OU
|rated|
|rule|Sleep Clause Mod: Limit one foe put to sleep
|rule|Species Clause: Limit one of each Pokémon
|rule|OHKO Clause: OHKO moves are banned
|rule|Moody Clause: Moody is banned
|rule|Evasion Moves Clause: Evasion moves are banned
|rule|Endless Battle Clause: Forcing endless battles is banned
|rule|HP Percentage Mod: HP is shown in percentages
|rule|Evasion Abilities Clause: Evasion abilities are banned
|rule|Baton Pass Clause: Limit one Baton Passer, can't pass Spe and other stats simultaneously
|rule|Swagger Clause: Swagger is banned
|clearpoke
|poke|p1|Moltres|item
|poke|p1|Politoed, F|item
|poke|p1|Ferrothorn, F|item
|poke|p1|Latias, F|item
|poke|p1|Excadrill, F|item
|poke|p1|Azumarill, F|item
|poke|p2|Politoed, M|item
|poke|p2|Gliscor, M|item
|poke|p2|Ferrothorn, M|item
|poke|p2|Tentacruel, M|item
|poke|p2|Jirachi|item
|poke|p2|Keldeo-Resolute|item
|teampreview
|c|☆the pirate97|you again
|
|start
|switch|p1a: Azumarill|Azumarill, F|100/100
|switch|p2a: Voidgazer|Ferrothorn, M|100/100
|turn|1
|
|switch|p2a: Manifesto|Tentacruel, M|100/100
|move|p1a: Azumarill|Superpower|p2a: Manifesto
|-resisted|p2a: Manifesto
|-damage|p2a: Manifesto|50/100
|-unboost|p1a: Azumarill|atk|1
|-unboost|p1a: Azumarill|def|1
|
|-heal|p2a: Manifesto|56/100|[from] item: Black Sludge
|upkeep
|turn|2
|
|switch|p1a: Ferrothorn|Ferrothorn, F|100/100
|move|p2a: Manifesto|Scald|p1a: Ferrothorn
|-resisted|p1a: Ferrothorn
|-damage|p1a: Ferrothorn|93/100
|-status|p1a: Ferrothorn|brn
|
|-heal|p2a: Manifesto|62/100|[from] item: Black Sludge
|-heal|p1a: Ferrothorn|99/100 brn|[from] item: Leftovers
|-damage|p1a: Ferrothorn|87/100 brn|[from] brn
|upkeep
|turn|3
|
|switch|p2a: Voidgazer|Ferrothorn, M|100/100
|move|p1a: Ferrothorn|Stealth Rock|p2a: Voidgazer
|-sidestart|p2: the pirate97|move: Stealth Rock
|
|-heal|p1a: Ferrothorn|93/100 brn|[from] item: Leftovers
|-damage|p1a: Ferrothorn|80/100 brn|[from] brn
|upkeep
|turn|4
|
|switch|p1a: Moltres|Moltres|100/100
|-ability|p1a: Moltres|Pressure
|move|p2a: Voidgazer|Spikes|p1a: Moltres
|-sidestart|p1: Tv33|Spikes
|
|upkeep
|turn|5
|
|switch|p2a: Stillborn|Politoed, M|100/100
|-damage|p2a: Stillborn|88/100|[from] Stealth Rock
|-weather|RainDance|[from] ability: Drizzle|[of] p2a: Stillborn
|move|p1a: Moltres|Hurricane|p2a: Stillborn
|-damage|p2a: Stillborn|0 fnt
|faint|p2a: Stillborn
|
|-weather|RainDance|[upkeep]
|upkeep
|
|switch|p2a: Fire Walk With Me|Jirachi|100/100
|-damage|p2a: Fire Walk With Me|94/100|[from] Stealth Rock
|turn|6
|
|switch|p1a: Ferrothorn|Ferrothorn, F|80/100 brn
|-damage|p1a: Ferrothorn|68/100 brn|[from] Spikes
|move|p2a: Fire Walk With Me|Body Slam|p1a: Ferrothorn
|-resisted|p1a: Ferrothorn
|-damage|p1a: Ferrothorn|60/100 brn
|-damage|p2a: Fire Walk With Me|82/100|[from] ability: Iron Barbs|[of] p1a: Ferrothorn
|
|-weather|RainDance|[upkeep]
|-heal|p2a: Fire Walk With Me|88/100|[from] item: Leftovers
|-heal|p1a: Ferrothorn|66/100 brn|[from] item: Leftovers
|-damage|p1a: Ferrothorn|54/100 brn|[from] brn
|upkeep
|turn|7
|
|move|p2a: Fire Walk With Me|Stealth Rock|p1a: Ferrothorn
|-sidestart|p1: Tv33|move: Stealth Rock
|move|p1a: Ferrothorn|Spikes|p2a: Fire Walk With Me
|-sidestart|p2: the pirate97|Spikes
|
|-weather|RainDance|[upkeep]
|-heal|p2a: Fire Walk With Me|94/100|[from] item: Leftovers
|-heal|p1a: Ferrothorn|60/100 brn|[from] item: Leftovers
|-damage|p1a: Ferrothorn|48/100 brn|[from] brn
|upkeep
|turn|8
|
|move|p2a: Fire Walk With Me|U-turn|p1a: Ferrothorn
|-damage|p1a: Ferrothorn|35/100 brn
|-damage|p2a: Fire Walk With Me|82/100|[from] ability: Iron Barbs|[of] p1a: Ferrothorn
|
|switch|p2a: Manifesto|Tentacruel, M|62/100
|-damage|p2a: Manifesto|49/100|[from] Stealth Rock
|-damage|p2a: Manifesto|37/100|[from] Spikes
|move|p1a: Ferrothorn|Spikes|p2a: Manifesto
|-sidestart|p2: the pirate97|Spikes
|
|-weather|RainDance|[upkeep]
|-heal|p2a: Manifesto|43/100|[from] ability: Rain Dish
|-heal|p2a: Manifesto|49/100|[from] item: Black Sludge
|-heal|p1a: Ferrothorn|42/100 brn|[from] item: Leftovers
|-damage|p1a: Ferrothorn|29/100 brn|[from] brn
|upkeep
|turn|9
|
|switch|p1a: Excadrill|Excadrill, F|100/100
|-damage|p1a: Excadrill|97/100|[from] Stealth Rock
|-item|p1a: Excadrill|Air Balloon
|move|p2a: Manifesto|Substitute|p2a: Manifesto
|-start|p2a: Manifesto|Substitute
|-damage|p2a: Manifesto|24/100
|
|-weather|RainDance|[upkeep]
|-heal|p2a: Manifesto|30/100|[from] ability: Rain Dish
|-heal|p2a: Manifesto|36/100|[from] item: Black Sludge
|upkeep
|turn|10
|
|move|p2a: Manifesto|Scald|p1a: Excadrill
|-supereffective|p1a: Excadrill
|-damage|p1a: Excadrill|13/100
|-enditem|p1a: Excadrill|Air Balloon
|-status|p1a: Excadrill|brn
|move|p1a: Excadrill|Earthquake|p2a: Manifesto
|-supereffective|p2a: Manifesto
|-end|p2a: Manifesto|Substitute
|
|-weather|RainDance|[upkeep]
|-heal|p2a: Manifesto|42/100|[from] ability: Rain Dish
|-heal|p2a: Manifesto|48/100|[from] item: Black Sludge
|-damage|p1a: Excadrill|0 fnt|[from] brn
|upkeep
|faint|p1a: Excadrill
|
|switch|p1a: Latias|Latias, F|100/100
|-damage|p1a: Latias|88/100|[from] Stealth Rock
|turn|11
|
|move|p1a: Latias|Calm Mind|p1a: Latias
|-boost|p1a: Latias|spa|1
|-boost|p1a: Latias|spd|1
|move|p2a: Manifesto|Rapid Spin|p1a: Latias
|-damage|p1a: Latias|85/100
|-sideend|p2: the pirate97|Spikes|[from] move: Rapid Spin|[of] p2a: Manifesto
|-sideend|p2: the pirate97|Stealth Rock|[from] move: Rapid Spin|[of] p2a: Manifesto
|
|-weather|RainDance|[upkeep]
|-heal|p2a: Manifesto|54/100|[from] ability: Rain Dish
|-heal|p1a: Latias|91/100|[from] item: Leftovers
|-heal|p2a: Manifesto|61/100|[from] item: Black Sludge
|upkeep
|turn|12
|
|switch|p2a: Fire Walk With Me|Jirachi|82/100
|move|p1a: Latias|Dragon Pulse|p2a: Fire Walk With Me
|-resisted|p2a: Fire Walk With Me
|-damage|p2a: Fire Walk With Me|66/100
|
|-weather|RainDance|[upkeep]
|-heal|p1a: Latias|97/100|[from] item: Leftovers
|-heal|p2a: Fire Walk With Me|72/100|[from] item: Leftovers
|upkeep
|turn|13
|
|move|p1a: Latias|Substitute|p1a: Latias
|-start|p1a: Latias|Substitute
|-damage|p1a: Latias|73/100
|move|p2a: Fire Walk With Me|U-turn|p1a: Latias
|-supereffective|p1a: Latias
|-end|p1a: Latias|Substitute
|
|switch|p2a: Voidgazer|Ferrothorn, M|100/100
|
|-weather|RainDance|[upkeep]
|-heal|p1a: Latias|79/100|[from] item: Leftovers
|upkeep
|turn|14
|
|move|p1a: Latias|Substitute|p1a: Latias
|-start|p1a: Latias|Substitute
|-damage|p1a: Latias|54/100
|move|p2a: Voidgazer|Gyro Ball|p1a: Latias
|-end|p1a: Latias|Substitute
|
|-weather|RainDance|[upkeep]
|-heal|p1a: Latias|60/100|[from] item: Leftovers
|upkeep
|turn|15
|
|switch|p1a: Ferrothorn|Ferrothorn, F|29/100 brn
|-damage|p1a: Ferrothorn|17/100 brn|[from] Spikes
|-damage|p1a: Ferrothorn|10/100 brn|[from] Stealth Rock
|move|p2a: Voidgazer|Knock Off|p1a: Ferrothorn
|-resisted|p1a: Ferrothorn
|-damage|p1a: Ferrothorn|9/100 brn
|-damage|p2a: Voidgazer|88/100|[from] ability: Iron Barbs|[of] p1a: Ferrothorn
|-enditem|p1a: Ferrothorn|Leftovers|[from] move: Knock Off|[of] p2a: Voidgazer
|
|-weather|RainDance|[upkeep]
|-heal|p2a: Voidgazer|94/100|[from] item: Leftovers
|-damage|p1a: Ferrothorn|0 fnt|[from] brn
|upkeep
|faint|p1a: Ferrothorn
|
|switch|p1a: Azumarill|Azumarill, F|100/100
|-damage|p1a: Azumarill|88/100|[from] Spikes
|-damage|p1a: Azumarill|76/100|[from] Stealth Rock
|turn|16
|
|switch|p2a: Tomb Omnia|Gliscor, M|100/100
|move|p1a: Azumarill|Waterfall|p2a: Tomb Omnia
|-supereffective|p2a: Tomb Omnia
|-damage|p2a: Tomb Omnia|0 fnt
|faint|p2a: Tomb Omnia
|
|-weather|RainDance|[upkeep]
|upkeep
|
|switch|p2a: Voidgazer|Ferrothorn, M|94/100
|turn|17
|
|switch|p1a: Moltres|Moltres|100/100
|-damage|p1a: Moltres|51/100|[from] Stealth Rock
|-ability|p1a: Moltres|Pressure
|switch|p2a: Manifesto|Tentacruel, M|61/100
|
|-weather|RainDance|[upkeep]
|-heal|p2a: Manifesto|67/100|[from] ability: Rain Dish
|-heal|p2a: Manifesto|73/100|[from] item: Black Sludge
|upkeep
|turn|18
|
|move|p2a: Manifesto|Substitute|p2a: Manifesto
|-start|p2a: Manifesto|Substitute
|-damage|p2a: Manifesto|48/100
|move|p1a: Moltres|Hurricane|p2a: Manifesto
|-end|p2a: Manifesto|Substitute
|
|-weather|RainDance|[upkeep]
|-heal|p2a: Manifesto|54/100|[from] ability: Rain Dish
|-heal|p2a: Manifesto|60/100|[from] item: Black Sludge
|upkeep
|turn|19
|
|move|p2a: Manifesto|Scald|p1a: Moltres
|-supereffective|p1a: Moltres
|-damage|p1a: Moltres|0 fnt
|faint|p1a: Moltres
|
|-weather|RainDance|[upkeep]
|-heal|p2a: Manifesto|66/100|[from] ability: Rain Dish
|-heal|p2a: Manifesto|72/100|[from] item: Black Sludge
|upkeep
|
|switch|p1a: Latias|Latias, F|60/100
|-damage|p1a: Latias|48/100|[from] Stealth Rock
|turn|20
|
|switch|p1a: Politoed|Politoed, F|100/100
|-damage|p1a: Politoed|88/100|[from] Spikes
|-damage|p1a: Politoed|76/100|[from] Stealth Rock
|switch|p2a: Fire Walk With Me|Jirachi|72/100
|
|-weather|RainDance|[upkeep]
|-heal|p2a: Fire Walk With Me|78/100|[from] item: Leftovers
|-heal|p1a: Politoed|82/100|[from] item: Leftovers
|upkeep
|turn|21
|
|move|p2a: Fire Walk With Me|U-turn|p1a: Politoed
|-damage|p1a: Politoed|70/100
|
|switch|p2a: Manifesto|Tentacruel, M|72/100
|move|p1a: Politoed|Scald|p2a: Manifesto
|-resisted|p2a: Manifesto
|-damage|p2a: Manifesto|58/100
|-status|p2a: Manifesto|brn
|
|-weather|RainDance|[upkeep]
|-heal|p2a: Manifesto|64/100 brn|[from] ability: Rain Dish
|-heal|p2a: Manifesto|70/100 brn|[from] item: Black Sludge
|-heal|p1a: Politoed|76/100|[from] item: Leftovers
|-damage|p2a: Manifesto|58/100 brn|[from] brn
|upkeep
|turn|22
|
|move|p2a: Manifesto|Substitute|p2a: Manifesto
|-start|p2a: Manifesto|Substitute
|-damage|p2a: Manifesto|33/100 brn
|move|p1a: Politoed|Scald|p2a: Manifesto
|-resisted|p2a: Manifesto
|-activate|p2a: Manifesto|Substitute|[damage]
|
|-weather|RainDance|[upkeep]
|-heal|p2a: Manifesto|39/100 brn|[from] ability: Rain Dish
|-heal|p2a: Manifesto|45/100 brn|[from] item: Black Sludge
|-heal|p1a: Politoed|82/100|[from] item: Leftovers
|-damage|p2a: Manifesto|33/100 brn|[from] brn
|upkeep
|turn|23
|j| divine infinity
|
|move|p2a: Manifesto|Toxic|p1a: Politoed
|-status|p1a: Politoed|tox
|move|p1a: Politoed|Scald|p2a: Manifesto
|-resisted|p2a: Manifesto
|-end|p2a: Manifesto|Substitute
|
|-weather|RainDance|[upkeep]
|-heal|p2a: Manifesto|39/100 brn|[from] ability: Rain Dish
|-heal|p2a: Manifesto|45/100 brn|[from] item: Black Sludge
|-heal|p1a: Politoed|88/100 tox|[from] item: Leftovers
|-damage|p2a: Manifesto|32/100 brn|[from] brn
|-damage|p1a: Politoed|82/100 tox|[from] psn
|upkeep
|turn|24
|
|move|p2a: Manifesto|Substitute|p2a: Manifesto
|-start|p2a: Manifesto|Substitute
|-damage|p2a: Manifesto|8/100 brn
|move|p1a: Politoed|Scald|p2a: Manifesto
|-resisted|p2a: Manifesto
|-activate|p2a: Manifesto|Substitute|[damage]
|
|-weather|RainDance|[upkeep]
|-heal|p2a: Manifesto|14/100 brn|[from] ability: Rain Dish
|-heal|p2a: Manifesto|20/100 brn|[from] item: Black Sludge
|-heal|p1a: Politoed|88/100 tox|[from] item: Leftovers
|-damage|p2a: Manifesto|7/100 brn|[from] brn
|-damage|p1a: Politoed|76/100 tox|[from] psn
|upkeep
|turn|25
|
|move|p2a: Manifesto|Scald|p1a: Politoed
|-resisted|p1a: Politoed
|-damage|p1a: Politoed|60/100 tox
|move|p1a: Politoed|Scald|p2a: Manifesto
|-resisted|p2a: Manifesto
|-end|p2a: Manifesto|Substitute
|
|-weather|RainDance|[upkeep]
|-heal|p2a: Manifesto|13/100 brn|[from] ability: Rain Dish
|-heal|p2a: Manifesto|20/100 brn|[from] item: Black Sludge
|-heal|p1a: Politoed|66/100 tox|[from] item: Leftovers
|-damage|p2a: Manifesto|7/100 brn|[from] brn
|-damage|p1a: Politoed|48/100 tox|[from] psn
|upkeep
|turn|26
|
|move|p2a: Manifesto|Scald|p1a: Politoed
|-resisted|p1a: Politoed
|-damage|p1a: Politoed|33/100 tox
|move|p1a: Politoed|Scald|p2a: Manifesto
|-resisted|p2a: Manifesto
|-damage|p2a: Manifesto|0 fnt
|faint|p2a: Manifesto
|
|-weather|RainDance|[upkeep]
|-heal|p1a: Politoed|39/100 tox|[from] item: Leftovers
|-damage|p1a: Politoed|15/100 tox|[from] psn
|upkeep
|
|switch|p2a: Graves We Dug|Keldeo-Resolute|100/100
|turn|27
|
|move|p2a: Graves We Dug|Secret Sword|p1a: Politoed
|-crit|p1a: Politoed
|-damage|p1a: Politoed|0 fnt
|faint|p1a: Politoed
|
|-weather|RainDance|[upkeep]
|upkeep
|
|switch|p1a: Azumarill|Azumarill, F|76/100
|-damage|p1a: Azumarill|63/100|[from] Spikes
|-damage|p1a: Azumarill|51/100|[from] Stealth Rock
|turn|28
|
|switch|p2a: Voidgazer|Ferrothorn, M|94/100
|move|p1a: Azumarill|Superpower|p2a: Voidgazer
|-supereffective|p2a: Voidgazer
|-damage|p2a: Voidgazer|0 fnt
|-damage|p1a: Azumarill|38/100|[from] ability: Iron Barbs|[of] p2a: Voidgazer
|-unboost|p1a: Azumarill|atk|1
|-unboost|p1a: Azumarill|def|1
|faint|p2a: Voidgazer
|
|-weather|RainDance|[upkeep]
|upkeep
|
|switch|p2a: Fire Walk With Me|Jirachi|78/100
|turn|29
|
|move|p2a: Fire Walk With Me|Body Slam|p1a: Azumarill
|-damage|p1a: Azumarill|5/100
|-status|p1a: Azumarill|par
|move|p1a: Azumarill|Superpower|p2a: Fire Walk With Me
|-damage|p2a: Fire Walk With Me|37/100
|-unboost|p1a: Azumarill|atk|1
|-unboost|p1a: Azumarill|def|1
|
|-weather|RainDance|[upkeep]
|-heal|p2a: Fire Walk With Me|44/100|[from] item: Leftovers
|upkeep
|turn|30
|c| divine infinity|man
|c| divine infinity|gliscor is so strong right now
|
|move|p2a: Fire Walk With Me|U-turn|p1a: Azumarill
|-damage|p1a: Azumarill|0 fnt
|faint|p1a: Azumarill
|
|switch|p2a: Graves We Dug|Keldeo-Resolute|100/100
|
|-weather|RainDance|[upkeep]
|upkeep
|c|☆the pirate97|mine died in one hit
|c|☆the pirate97|:(
|
|switch|p1a: Latias|Latias, F|48/100
|-damage|p1a: Latias|35/100|[from] Stealth Rock
|turn|31
|
|move|p1a: Latias|Dragon Pulse|p2a: Graves We Dug
|-damage|p2a: Graves We Dug|64/100
|move|p2a: Graves We Dug|Icy Wind|p1a: Latias
|-supereffective|p1a: Latias
|-crit|p1a: Latias
|-damage|p1a: Latias|0 fnt
|faint|p1a: Latias
|
|win|the pirate97
|raw|Tv33's rating: 1324 &rarr; <strong>1314</strong><br />(-10 for losing)
|raw|the pirate97's rating: 1505 &rarr; <strong>1516</strong><br />(+11 for winning)
|c|☆the pirate97|gg
|l|☆the pirate97
|l|☆Tv33
|l| divine infinity
