|join|No Nice Names Left
|join|J0ttem
|player|p1|No Nice Names Left|121
|player|p2|J0ttem|231
|gametype|singles
|gen|5
|tier|[Gen 5] OU
|rated
|rule|Evasion Abilities Clause: Evasion abilities are banned
|clearpoke
|poke|p1|Tyranitar, F
|poke|p1|Jellicent, M
|poke|p1|Forretress, M
|poke|p1|Jirachi
|poke|p1|Tangrowth, F
|poke|p1|Zapdos
|poke|p2|Hippowdon, M
|poke|p2|Gastrodon, F
|poke|p2|Ferrothorn, M
|poke|p2|Terrakion
|poke|p2|Heatran, M
|poke|p2|Alakazam, M
|rule|Sleep Clause Mod: Limit one foe put to sleep
|rule|Species Clause: Limit one of each Pokemon
|rule|OHKO Clause: OHKO moves are banned
|rule|Moody Clause: Moody is banned
|rule|Evasion Moves Clause: Evasion moves are banned
|rule|Endless Battle Clause: Forcing endless battles is banned.
|rule|HP Percentage Mod: HP is reported as percentages
|teampreview
|
|start
|switch|p1a: Jirachi|Jirachi|377/377
|switch|p2a: Comic Sans MS|Hippowdon, M|420/420
|-weather|Sandstorm|[from] ability: Sand Stream|[of] p2a: Comic Sans MS
|turn|1
|
|move|p1a: Jirachi|Trick|p2a: Comic Sans MS
|-activate|p1a: Jirachi|move: Trick|[of] p2a: Comic Sans MS
|-item|p2a: Comic Sans MS|Choice Scarf|[from] move: Trick
|-item|p1a: Jirachi|Leftovers|[from] move: Trick
|move|p2a: Comic Sans MS|Earthquake|p1a: Jirachi
|-supereffective|p1a: Jirachi
|-damage|p1a: Jirachi|123/377
|
|-weather|Sandstorm|[upkeep]
|-heal|p1a: Jirachi|146/377|[from] item: Leftovers
|turn|2
|
|switch|p1a: Tangrowth|Tangrowth, F|403/403
|switch|p2a: Internet Explorer|Terrakion|324/324
|
|-weather|Sandstorm|[upkeep]
|-damage|p1a: Tangrowth|378/403|[from] sandstorm
|-heal|p1a: Tangrowth|403/403|[from] item: Leftovers
|turn|3
|
|move|p2a: Internet Explorer|X-Scissor|p1a: Tangrowth
|-supereffective|p1a: Tangrowth
|-damage|p1a: Tangrowth|201/403
|move|p1a: Tangrowth|Sleep Powder|p2a: Internet Explorer
|-status|p2a: Internet Explorer|slp
|
|-weather|Sandstorm|[upkeep]
|-damage|p1a: Tangrowth|176/403|[from] sandstorm
|-heal|p1a: Tangrowth|201/403|[from] item: Leftovers
|turn|4
|
|switch|p1a: Forretress|Forretress, M|353/353
|cant|p2a: Internet Explorer|slp
|
|-weather|Sandstorm|[upkeep]
|turn|5
|
|switch|p2a: Nicolas Cage|Heatran, M|323/323
|move|p1a: Forretress|Rapid Spin|p2a: Nicolas Cage
|-resisted|p2a: Nicolas Cage
|-damage|p2a: Nicolas Cage|316/323
|
|-weather|Sandstorm|[upkeep]
|-heal|p2a: Nicolas Cage|323/323|[from] item: Leftovers
|turn|6
|chat|No Nice Names Left|T___T
|chat|No Nice Names Left|that wrong click
|
|switch|p1a: Tyranitar|Tyranitar, F|404/404
|move|p2a: Nicolas Cage|Earth Power|p1a: Tyranitar
|-supereffective|p1a: Tyranitar
|-damage|p1a: Tyranitar|306/404
|
|-weather|Sandstorm|[upkeep]
|-heal|p1a: Tyranitar|331/404|[from] item: Leftovers
|turn|7
|
|switch|p2a: EA Games|Ferrothorn, M|352/352
|move|p1a: Tyranitar|Stealth Rock|p2a: EA Games
|-sidestart|p2: J0ttem|move: Stealth Rock
|
|-weather|Sandstorm|[upkeep]
|-heal|p1a: Tyranitar|356/404|[from] item: Leftovers
|turn|8
|
|switch|p1a: Forretress|Forretress, M|353/353
|move|p2a: EA Games|Spikes|p1a: Forretress
|-sidestart|p1: No Nice Names Left|Spikes
|
|-weather|Sandstorm|[upkeep]
|turn|9
|
|switch|p2a: Nicolas Cage|Heatran, M|323/323
|-damage|p2a: Nicolas Cage|283/323|[from] Stealth Rock
|move|p1a: Forretress|Spikes|p2a: Nicolas Cage
|-sidestart|p2: J0ttem|Spikes
|
|-weather|Sandstorm|[upkeep]
|-heal|p2a: Nicolas Cage|303/323|[from] item: Leftovers
|turn|10
|
|switch|p1a: Tyranitar|Tyranitar, F|356/404
|-damage|p1a: Tyranitar|306/404|[from] Spikes
|move|p2a: Nicolas Cage|Fire Blast|p1a: Tyranitar
|-resisted|p1a: Tyranitar
|-damage|p1a: Tyranitar|255/404
|
|-weather|Sandstorm|[upkeep]
|-heal|p2a: Nicolas Cage|323/323|[from] item: Leftovers
|-heal|p1a: Tyranitar|280/404|[from] item: Leftovers
|turn|11
|
|switch|p2a: Comic Sans MS|Hippowdon, M|420/420
|-damage|p2a: Comic Sans MS|368/420|[from] Spikes
|-damage|p2a: Comic Sans MS|342/420|[from] Stealth Rock
|move|p1a: Tyranitar|Superpower|p2a: Comic Sans MS
|-damage|p2a: Comic Sans MS|267/420
|-unboost|p1a: Tyranitar|atk|1
|-unboost|p1a: Tyranitar|def|1
|
|-weather|Sandstorm|[upkeep]
|-heal|p1a: Tyranitar|305/404|[from] item: Leftovers
|turn|12
|
|switch|p1a: Forretress|Forretress, M|353/353
|-damage|p1a: Forretress|309/353|[from] Spikes
|move|p2a: Comic Sans MS|Stealth Rock|p1a: Forretress
|-sidestart|p1: No Nice Names Left|move: Stealth Rock
|
|-weather|Sandstorm|[upkeep]
|-heal|p1a: Forretress|331/353|[from] item: Leftovers
|turn|13
|
|switch|p2a: Internet Explorer|Terrakion|324/324 slp
|-damage|p2a: Internet Explorer|284/324 slp|[from] Spikes
|-damage|p2a: Internet Explorer|264/324 slp|[from] Stealth Rock
|move|p1a: Forretress|Rapid Spin|p2a: Internet Explorer
|-resisted|p2a: Internet Explorer
|-damage|p2a: Internet Explorer|256/324 slp
|-sideend|p1: No Nice Names Left|Spikes|[from] move: Rapid Spin|[of] p1a: Forretress
|-sideend|p1: No Nice Names Left|Stealth Rock|[from] move: Rapid Spin|[of] p1a: Forretress
|
|-weather|Sandstorm|[upkeep]
|-heal|p1a: Forretress|353/353|[from] item: Leftovers
|turn|14
|
|cant|p2a: Internet Explorer|slp
|move|p1a: Forretress|Gyro Ball|p2a: Internet Explorer
|-supereffective|p2a: Internet Explorer
|-damage|p2a: Internet Explorer|8/324 slp
|
|-weather|Sandstorm|[upkeep]
|turn|15
|
|switch|p2a: Comic Sans MS|Hippowdon, M|267/420
|-damage|p2a: Comic Sans MS|215/420|[from] Spikes
|-damage|p2a: Comic Sans MS|189/420|[from] Stealth Rock
|move|p1a: Forretress|Volt Switch|p2a: Comic Sans MS
|-immune|p2a: Comic Sans MS|[msg]
|
|-weather|Sandstorm|[upkeep]
|turn|16
|
|move|p2a: Comic Sans MS|Slack Off|p2a: Comic Sans MS
|-heal|p2a: Comic Sans MS|399/420
|move|p1a: Forretress|Spikes|p2a: Comic Sans MS
|-sidestart|p2: J0ttem|Spikes
|
|-weather|Sandstorm|[upkeep]
|turn|17
|
|switch|p2a: Nicolas Cage|Heatran, M|323/323
|-damage|p2a: Nicolas Cage|270/323|[from] Spikes
|-damage|p2a: Nicolas Cage|230/323|[from] Stealth Rock
|move|p1a: Forretress|Spikes|p2a: Nicolas Cage
|-sidestart|p2: J0ttem|Spikes
|
|-weather|Sandstorm|[upkeep]
|-heal|p2a: Nicolas Cage|250/323|[from] item: Leftovers
|turn|18
|
|switch|p1a: Tyranitar|Tyranitar, F|305/404
|move|p2a: Nicolas Cage|Earth Power|p1a: Tyranitar
|-supereffective|p1a: Tyranitar
|-damage|p1a: Tyranitar|201/404
|
|-weather|Sandstorm|[upkeep]
|-heal|p2a: Nicolas Cage|270/323|[from] item: Leftovers
|-heal|p1a: Tyranitar|226/404|[from] item: Leftovers
|turn|19
|
|move|p2a: Nicolas Cage|Earth Power|p1a: Tyranitar
|-supereffective|p1a: Tyranitar
|-damage|p1a: Tyranitar|116/404
|move|p1a: Tyranitar|Superpower|p2a: Nicolas Cage
|-supereffective|p2a: Nicolas Cage
|-damage|p2a: Nicolas Cage|50/323
|-unboost|p1a: Tyranitar|atk|1
|-unboost|p1a: Tyranitar|def|1
|
|-weather|Sandstorm|[upkeep]
|-heal|p2a: Nicolas Cage|70/323|[from] item: Leftovers
|-heal|p1a: Tyranitar|141/404|[from] item: Leftovers
|turn|20
|
|switch|p1a: Zapdos|Zapdos|383/383
|-ability|p1a: Zapdos|Pressure
|move|p2a: Nicolas Cage|Earth Power|p1a: Zapdos
|-immune|p1a: Zapdos|[msg]
|
|-weather|Sandstorm|[upkeep]
|-damage|p1a: Zapdos|360/383|[from] sandstorm
|-heal|p2a: Nicolas Cage|90/323|[from] item: Leftovers
|-heal|p1a: Zapdos|383/383|[from] item: Leftovers
|turn|21
|
|switch|p2a: Nickelback|Gastrodon, F|426/426
|-damage|p2a: Nickelback|400/426|[from] Stealth Rock
|-damage|p2a: Nickelback|294/426|[from] Spikes
|move|p1a: Zapdos|Thunderbolt|p2a: Nickelback
|-immune|p2a: Nickelback|[msg]
|
|-weather|Sandstorm|[upkeep]
|-damage|p1a: Zapdos|360/383|[from] sandstorm
|-heal|p1a: Zapdos|383/383|[from] item: Leftovers
|-heal|p2a: Nickelback|320/426|[from] item: Leftovers
|turn|22
|
|switch|p1a: Forretress|Forretress, M|353/353
|move|p2a: Nickelback|Toxic|p1a: Forretress
|-fail|p1a: Forretress
|
|-weather|Sandstorm|[upkeep]
|-heal|p2a: Nickelback|346/426|[from] item: Leftovers
|turn|23
|
|switch|p1a: Jellicent|Jellicent, M|403/403
|move|p2a: Nickelback|Scald|p1a: Jellicent
|-immune|p1a: Jellicent|[msg]
|
|-weather|Sandstorm|[upkeep]
|-damage|p1a: Jellicent|378/403|[from] sandstorm
|-heal|p1a: Jellicent|403/403|[from] item: Leftovers
|-heal|p2a: Nickelback|372/426|[from] item: Leftovers
|turn|24
|
|move|p1a: Jellicent|Taunt|p2a: Nickelback
|-start|p2a: Nickelback|move: Taunt
|cant|p2a: Nickelback|move: Taunt|Toxic
|
|-weather|Sandstorm|[upkeep]
|-damage|p1a: Jellicent|378/403|[from] sandstorm
|-heal|p1a: Jellicent|403/403|[from] item: Leftovers
|-heal|p2a: Nickelback|398/426|[from] item: Leftovers
|turn|25
|
|move|p1a: Jellicent|Will-O-Wisp|p2a: Nickelback
|-status|p2a: Nickelback|brn
|move|p2a: Nickelback|Earth Power|p1a: Jellicent
|-damage|p1a: Jellicent|313/403
|
|-weather|Sandstorm|[upkeep]
|-damage|p1a: Jellicent|288/403|[from] sandstorm
|-heal|p1a: Jellicent|313/403|[from] item: Leftovers
|-heal|p2a: Nickelback|424/426 brn|[from] item: Leftovers
|-damage|p2a: Nickelback|371/426 brn|[from] brn
|turn|26
|
|switch|p1a: Tangrowth|Tangrowth, F|335/403
|switch|p2a: EA Games|Ferrothorn, M|352/352
|-damage|p2a: EA Games|330/352|[from] Stealth Rock
|-damage|p2a: EA Games|242/352|[from] Spikes
|
|-weather|Sandstorm|[upkeep]
|-damage|p1a: Tangrowth|310/403|[from] sandstorm
|-heal|p1a: Tangrowth|335/403|[from] item: Leftovers
|-heal|p2a: EA Games|264/352|[from] item: Leftovers
|turn|27
|
|switch|p1a: Zapdos|Zapdos|383/383
|-ability|p1a: Zapdos|Pressure
|move|p2a: EA Games|Gyro Ball|p1a: Zapdos
|-resisted|p1a: Zapdos
|-damage|p1a: Zapdos|289/383
|
|-weather|Sandstorm|[upkeep]
|-damage|p1a: Zapdos|266/383|[from] sandstorm
|-heal|p1a: Zapdos|289/383|[from] item: Leftovers
|-heal|p2a: EA Games|286/352|[from] item: Leftovers
|turn|28
|
|move|p1a: Zapdos|Heat Wave|p2a: EA Games
|-supereffective|p2a: EA Games
|-damage|p2a: EA Games|2/352
|move|p2a: EA Games|Leech Seed|p1a: Zapdos
|-start|p1a: Zapdos|move: Leech Seed
|
|-weather|Sandstorm|[upkeep]
|-damage|p1a: Zapdos|266/383|[from] sandstorm
|-heal|p1a: Zapdos|289/383|[from] item: Leftovers
|-heal|p2a: EA Games|24/352|[from] item: Leftovers
|-damage|p1a: Zapdos|242/383|[from] Leech Seed|[of] p2a: EA Games
|-heal|p2a: EA Games|71/352|[silent]
|turn|29
|
|switch|p2a: Nickelback|Gastrodon, F|371/426 brn
|-damage|p2a: Nickelback|345/426 brn|[from] Stealth Rock
|-damage|p2a: Nickelback|239/426 brn|[from] Spikes
|move|p1a: Zapdos|Heat Wave|p2a: Nickelback
|-resisted|p2a: Nickelback
|-damage|p2a: Nickelback|201/426 brn
|
|-weather|Sandstorm|[upkeep]
|-damage|p1a: Zapdos|219/383|[from] sandstorm
|-heal|p1a: Zapdos|242/383|[from] item: Leftovers
|-heal|p2a: Nickelback|227/426 brn|[from] item: Leftovers
|-damage|p1a: Zapdos|195/383|[from] Leech Seed|[of] p2a: Nickelback
|-heal|p2a: Nickelback|274/426 brn|[silent]
|-damage|p2a: Nickelback|221/426 brn|[from] brn
|turn|30
|
|switch|p1a: Forretress|Forretress, M|353/353
|move|p2a: Nickelback|Scald|p1a: Forretress
|-damage|p1a: Forretress|215/353
|
|-weather|Sandstorm|[upkeep]
|-heal|p2a: Nickelback|247/426 brn|[from] item: Leftovers
|-heal|p1a: Forretress|237/353|[from] item: Leftovers
|-damage|p2a: Nickelback|194/426 brn|[from] brn
|turn|31
|
|move|p2a: Nickelback|Recover|p2a: Nickelback
|-heal|p2a: Nickelback|407/426 brn
|move|p1a: Forretress|Gyro Ball|p2a: Nickelback
|-resisted|p2a: Nickelback
|-damage|p2a: Nickelback|381/426 brn
|
|-weather|Sandstorm|[upkeep]
|-heal|p2a: Nickelback|407/426 brn|[from] item: Leftovers
|-heal|p1a: Forretress|259/353|[from] item: Leftovers
|-damage|p2a: Nickelback|354/426 brn|[from] brn
|turn|32
|
|switch|p1a: Tangrowth|Tangrowth, F|403/403
|move|p2a: Nickelback|Toxic|p1a: Tangrowth|[miss]
|-miss|p2a: Nickelback|p1a: Tangrowth
|
|-weather|Sandstorm|[upkeep]
|-damage|p1a: Tangrowth|378/403|[from] sandstorm
|-heal|p1a: Tangrowth|403/403|[from] item: Leftovers
|-heal|p2a: Nickelback|380/426 brn|[from] item: Leftovers
|-damage|p2a: Nickelback|327/426 brn|[from] brn
|turn|33
|
|switch|p2a: EA Games|Ferrothorn, M|71/352
|-damage|p2a: EA Games|0 fnt|[from] Spikes
|faint|p2a: EA Games
|move|p1a: Tangrowth|Giga Drain|p2: EA Games|[notarget]
|-notarget
|
|-weather|Sandstorm|[upkeep]
|-damage|p1a: Tangrowth|378/403|[from] sandstorm
|-heal|p1a: Tangrowth|403/403|[from] item: Leftovers
|
|switch|p2a: Nicolas Cage|Heatran, M|90/323
|-damage|p2a: Nicolas Cage|10/323|[from] Spikes
|-damage|p2a: Nicolas Cage|0 fnt|[from] Stealth Rock
|faint|p2a: Nicolas Cage
|-message|J0ttem forfeited.
|
|win|No Nice Names Left
|raw|Ladder updating...
|leave|J0ttem
|player|p2
|raw|No Nice Names Left's rating: 1417 &rarr; <strong>1434</strong><br />(+17 for winning)
|raw|J0ttem's rating: 1365 &rarr; <strong>1348</strong><br />(-17 for losing)