|j|☆el janitor
|j|☆Boizeroni
|t:|1707194981
|gametype|singles
|player|p1|el janitor|2|1434
|player|p2|Boizeroni|1|1393
|teamsize|p1|6
|teamsize|p2|6
|gen|5
|tier|[Gen 5] OU
|rated|
|rule|Species Clause: Limit one of each Pokémon
|rule|OHKO Clause: OHKO moves are banned
|rule|Moody Clause: Moody is banned
|rule|Evasion Items Clause: Evasion items are banned
|rule|Evasion Moves Clause: Evasion moves are banned
|rule|Endless Battle Clause: Forcing endless battles is banned
|rule|HP Percentage Mod: HP is shown in percentages
|rule|Evasion Abilities Clause: Evasion abilities are banned
|rule|Sleep Moves Clause: Sleep-inducing moves are banned
|rule|Swagger Clause: Swagger is banned
|rule|Baton Pass Stat Clause: No Baton Passer may have a way to boost its stats
|clearpoke
|poke|p1|Azelf|item
|poke|p1|Celebi|item
|poke|p1|Heatran, M|item
|poke|p1|Excadrill, M|item
|poke|p1|Zapdos|item
|poke|p1|Breloom, F|item
|poke|p2|Espeon, F|item
|poke|p2|Dragonite, F|item
|poke|p2|Darmanitan, M|item
|poke|p2|Alakazam, M|item
|poke|p2|Scizor, F|item
|poke|p2|Salamence, M|item
|teampreview
|inactive|Battle timer is ON: inactive players will automatically lose when time's up. (requested by el janitor)
|
|t:|1707194992
|start
|switch|p1a: Azelf|Azelf|100/100
|switch|p2a: Espeon|Espeon, F|100/100
|turn|1
|
|t:|1707194996
|move|p1a: Azelf|U-turn|p2a: Espeon
|-supereffective|p2a: Espeon
|-damage|p2a: Espeon|7/100
|
|t:|1707194999
|switch|p1a: Heatran|Heatran, M|100/100|[from] U-turn
|move|p2a: Espeon|Psychic|p1a: Heatran
|-resisted|p1a: Heatran
|-damage|p1a: Heatran|86/100
|
|-heal|p1a: Heatran|92/100|[from] item: Leftovers
|upkeep
|turn|2
|
|t:|1707195005
|switch|p1a: Azelf|Azelf|100/100
|move|p2a: Espeon|Hidden Power|p1a: Azelf
|-immune|p1a: Azelf|[from] ability: Levitate
|
|upkeep
|turn|3
|
|t:|1707195012
|move|p1a: Azelf|U-turn|p2a: Espeon
|-supereffective|p2a: Espeon
|-damage|p2a: Espeon|0 fnt
|faint|p2a: Espeon
|
|t:|1707195016
|switch|p1a: Zapdos|Zapdos|100/100|[from] U-turn
|-ability|p1a: Zapdos|Pressure
|
|upkeep
|
|t:|1707195021
|switch|p2a: Darmanitan|Darmanitan, M|100/100
|turn|4
|
|t:|1707195024
|switch|p1a: Heatran|Heatran, M|92/100
|move|p2a: Darmanitan|U-turn|p1a: Heatran
|-resisted|p1a: Heatran
|-damage|p1a: Heatran|87/100
|
|t:|1707195029
|switch|p2a: Salamence|Salamence, M|100/100|[from] U-turn
|
|-heal|p1a: Heatran|93/100|[from] item: Leftovers
|upkeep
|turn|5
|
|t:|1707195039
|move|p2a: Salamence|Dragon Dance|p2a: Salamence
|-boost|p2a: Salamence|atk|1
|-boost|p2a: Salamence|spe|1
|move|p1a: Heatran|Toxic|p2a: Salamence
|-status|p2a: Salamence|tox
|-enditem|p2a: Salamence|Lum Berry|[eat]
|-curestatus|p2a: Salamence|tox|[msg]
|
|-heal|p1a: Heatran|99/100|[from] item: Leftovers
|upkeep
|turn|6
|
|t:|1707195045
|switch|p1a: Zapdos|Zapdos|100/100
|-ability|p1a: Zapdos|Pressure
|move|p2a: Salamence|Earthquake|p1a: Zapdos
|-immune|p1a: Zapdos
|
|upkeep
|turn|7
|inactive|el janitor has 120 seconds left.
|
|t:|1707195077
|move|p2a: Salamence|Outrage|p1a: Zapdos
|-damage|p1a: Zapdos|0 fnt
|faint|p1a: Zapdos
|-ability|p2a: Salamence|Moxie|boost
|-boost|p2a: Salamence|atk|1
|
|upkeep
|
|t:|1707195079
|switch|p1a: Heatran|Heatran, M|99/100
|turn|8
|
|t:|1707195086
|move|p2a: Salamence|Outrage|p1a: Heatran|[from]lockedmove
|-resisted|p1a: Heatran
|-damage|p1a: Heatran|35/100
|move|p1a: Heatran|Toxic|p2a: Salamence
|-status|p2a: Salamence|tox
|
|-heal|p1a: Heatran|41/100|[from] item: Leftovers
|-damage|p2a: Salamence|94/100 tox|[from] psn
|upkeep
|turn|9
|
|t:|1707195090
|move|p1a: Heatran|Protect|p1a: Heatran
|-singleturn|p1a: Heatran|Protect
|move|p2a: Salamence|Outrage|p1a: Heatran|[from]lockedmove
|-activate|p1a: Heatran|move: Protect
|-start|p2a: Salamence|confusion|[fatigue]
|
|-heal|p1a: Heatran|48/100|[from] item: Leftovers
|-damage|p2a: Salamence|82/100 tox|[from] psn
|upkeep
|turn|10
|
|t:|1707195094
|switch|p1a: Azelf|Azelf|100/100
|-activate|p2a: Salamence|confusion
|move|p2a: Salamence|Earthquake|p1a: Azelf
|-immune|p1a: Azelf|[from] ability: Levitate
|
|-damage|p2a: Salamence|64/100 tox|[from] psn
|upkeep
|turn|11
|
|t:|1707195097
|switch|p1a: Heatran|Heatran, M|48/100
|-activate|p2a: Salamence|confusion
|-damage|p2a: Salamence|26/100 tox|[from] confusion
|
|-heal|p1a: Heatran|54/100|[from] item: Leftovers
|-damage|p2a: Salamence|2/100 tox|[from] psn
|upkeep
|turn|12
|
|t:|1707195103
|move|p1a: Heatran|Protect|p1a: Heatran
|-singleturn|p1a: Heatran|Protect
|-activate|p2a: Salamence|confusion
|-damage|p2a: Salamence|0 fnt|[from] confusion
|faint|p2a: Salamence
|
|-heal|p1a: Heatran|60/100|[from] item: Leftovers
|upkeep
|
|t:|1707195111
|switch|p2a: Darmanitan|Darmanitan, M|100/100
|turn|13
|
|t:|1707195122
|move|p1a: Heatran|Protect||[still]
|-fail|p1a: Heatran
|move|p2a: Darmanitan|Earthquake|p1a: Heatran
|-supereffective|p1a: Heatran
|-damage|p1a: Heatran|0 fnt
|faint|p1a: Heatran
|
|upkeep
|
|t:|1707195125
|switch|p1a: Azelf|Azelf|100/100
|turn|14
|
|t:|1707195130
|switch|p2a: Scizor|Scizor, F|100/100
|move|p1a: Azelf|Stealth Rock|p2a: Scizor
|-sidestart|p2: Boizeroni|move: Stealth Rock
|
|upkeep
|turn|15
|
|t:|1707195135
|move|p1a: Azelf|Thunder Wave|p2a: Scizor
|-status|p2a: Scizor|par
|cant|p2a: Scizor|par
|
|upkeep
|turn|16
|
|t:|1707195139
|move|p1a: Azelf|U-turn|p2a: Scizor
|-resisted|p2a: Scizor
|-damage|p2a: Scizor|89/100 par
|
|t:|1707195141
|switch|p1a: Excadrill|Excadrill, M|100/100|[from] U-turn
|-ability|p1a: Excadrill|Mold Breaker
|move|p2a: Scizor|Bug Bite|p1a: Excadrill
|-resisted|p1a: Excadrill
|-damage|p1a: Excadrill|66/100
|
|-heal|p2a: Scizor|95/100 par|[from] item: Leftovers
|upkeep
|turn|17
|
|t:|1707195149
|move|p1a: Excadrill|Earthquake|p2a: Scizor
|-damage|p2a: Scizor|32/100 par
|move|p2a: Scizor|Bug Bite|p1a: Excadrill
|-resisted|p1a: Excadrill
|-damage|p1a: Excadrill|29/100
|
|-heal|p2a: Scizor|38/100 par|[from] item: Leftovers
|upkeep
|turn|18
|
|t:|1707195156
|move|p2a: Scizor|Bullet Punch|p1a: Excadrill
|-resisted|p1a: Excadrill
|-damage|p1a: Excadrill|5/100
|move|p1a: Excadrill|Earthquake|p2a: Scizor
|-damage|p2a: Scizor|0 fnt
|faint|p2a: Scizor
|
|upkeep
|
|t:|1707195161
|switch|p2a: Dragonite|Dragonite, F|100/100
|-damage|p2a: Dragonite|75/100|[from] Stealth Rock
|turn|19
|
|t:|1707195164
|switch|p1a: Azelf|Azelf|100/100
|move|p2a: Dragonite|Roost|p2a: Dragonite
|-heal|p2a: Dragonite|100/100
|-singleturn|p2a: Dragonite|move: Roost
|
|upkeep
|turn|20
|
|t:|1707195181
|move|p1a: Azelf|Thunder Wave|p2a: Dragonite
|-status|p2a: Dragonite|par
|cant|p2a: Dragonite|par
|
|upkeep
|turn|21
|
|t:|1707195187
|move|p1a: Azelf|Explosion|p2a: Dragonite
|-damage|p2a: Dragonite|52/100 par
|faint|p1a: Azelf
|move|p2a: Dragonite|Dragon Dance|p2a: Dragonite
|-boost|p2a: Dragonite|atk|1
|-boost|p2a: Dragonite|spe|1
|
|-heal|p2a: Dragonite|59/100 par|[from] item: Leftovers
|upkeep
|
|t:|1707195215
|switch|p1a: Breloom|Breloom, F|100/100
|turn|22
|
|t:|1707195219
|move|p1a: Breloom|Rock Tomb|p2a: Dragonite
|-supereffective|p2a: Dragonite
|-damage|p2a: Dragonite|0 fnt
|faint|p2a: Dragonite
|
|upkeep
|
|t:|1707195224
|switch|p2a: Darmanitan|Darmanitan, M|100/100
|-damage|p2a: Darmanitan|75/100|[from] Stealth Rock
|turn|23
|
|t:|1707195229
|switch|p1a: Celebi|Celebi|100/100
|move|p2a: Darmanitan|Flare Blitz|p1a: Celebi
|-supereffective|p1a: Celebi
|-damage|p1a: Celebi|0 fnt
|faint|p1a: Celebi
|-damage|p2a: Darmanitan|38/100|[from] Recoil
|
|upkeep
|
|t:|1707195233
|switch|p1a: Breloom|Breloom, F|100/100
|turn|24
|
|t:|1707195235
|move|p1a: Breloom|Mach Punch|p2a: Darmanitan
|-damage|p2a: Darmanitan|0 fnt
|faint|p2a: Darmanitan
|
|upkeep
|
|t:|1707195237
|switch|p2a: Alakazam|Alakazam, M|100/100
|turn|25
|
|t:|1707195239
|move|p1a: Breloom|Mach Punch|p2a: Alakazam
|-resisted|p2a: Alakazam
|-damage|p2a: Alakazam|40/100
|move|p2a: Alakazam|Psychic|p1a: Breloom
|-supereffective|p1a: Breloom
|-damage|p1a: Breloom|0 fnt
|faint|p1a: Breloom
|
|upkeep
|
|t:|1707195240
|switch|p1a: Excadrill|Excadrill, M|5/100
|-ability|p1a: Excadrill|Mold Breaker
|turn|26
|c|☆el janitor|gg
|
|t:|1707195245
|move|p1a: Excadrill|Earthquake|p2a: Alakazam
|-damage|p2a: Alakazam|0 fnt
|faint|p2a: Alakazam
|
|win|el janitor
|raw|el janitor's rating: 1434 &rarr; <strong>1452</strong><br />(+18 for winning)
|raw|Boizeroni's rating: 1393 &rarr; <strong>1375</strong><br />(-18 for losing)
