|j|☆aioso
|j|☆HydreigonSpammer
|t:|1734201276
|gametype|singles
|player|p1|aioso|170|1481
|player|p2|HydreigonSpammer|veteranf|1392
|teamsize|p1|6
|teamsize|p2|6
|gen|5
|tier|[Gen 5] OU
|rated|
|rule|Species Clause: Limit one of each Pokémon
|rule|OHKO Clause: OHKO moves are banned
|rule|Moody Clause: Moody is banned
|rule|Evasion Items Clause: Evasion items are banned
|rule|Evasion Moves Clause: Evasion moves are banned
|rule|Endless Battle Clause: Forcing endless battles is banned
|rule|HP Percentage Mod: HP is shown in percentages
|rule|Evasion Abilities Clause: Evasion abilities are banned
|rule|Sleep Moves Clause: Sleep-inducing moves are banned
|rule|Swagger Clause: Swagger is banned
|rule|Baton Pass Stat Clause: No Baton Passer may have a way to boost its stats
|clearpoke
|poke|p1|Abomasnow, F|item
|poke|p1|Alakazam, M|item
|poke|p1|Jellicent, M|item
|poke|p1|Forretress, M|item
|poke|p1|Weavile, F|item
|poke|p1|Dragonite, M|item
|poke|p2|Tyranitar, M|item
|poke|p2|Skarmory, M|item
|poke|p2|Alakazam, F|item
|poke|p2|Landorus-Therian, M|item
|poke|p2|Latios, M|item
|poke|p2|Rotom-Wash|item
|teampreview
|
|t:|1734201299
|start
|switch|p1a: Forretress|Forretress, M|100/100
|switch|p2a: Skarmory|Skarmory, M|100/100
|turn|1
|
|t:|1734201310
|switch|p2a: Rotom|Rotom-Wash|100/100
|move|p1a: Forretress|Stealth Rock|p2a: Rotom
|-sidestart|p2: HydreigonSpammer|move: Stealth Rock
|
|upkeep
|turn|2
|
|t:|1734201314
|switch|p1a: Abomasnow|Abomasnow, F|100/100
|-weather|Hail|[from] ability: Snow Warning|[of] p1a: Abomasnow
|move|p2a: Rotom|Will-O-Wisp|p1a: Abomasnow|[miss]
|-miss|p2a: Rotom|p1a: Abomasnow
|
|-weather|Hail|[upkeep]
|-damage|p2a: Rotom|94/100|[from] Hail
|upkeep
|turn|3
|
|t:|1734201336
|switch|p2a: Skarmory|Skarmory, M|100/100
|-damage|p2a: Skarmory|88/100|[from] Stealth Rock
|move|p1a: Abomasnow|Giga Drain|p2a: Skarmory
|-resisted|p2a: Skarmory
|-damage|p2a: Skarmory|82/100
|
|-weather|Hail|[upkeep]
|-damage|p2a: Skarmory|76/100|[from] Hail
|-heal|p2a: Skarmory|82/100|[from] item: Leftovers
|upkeep
|turn|4
|
|t:|1734201341
|move|p2a: Skarmory|Brave Bird|p1a: Abomasnow
|-supereffective|p1a: Abomasnow
|-damage|p1a: Abomasnow|27/100
|-damage|p2a: Skarmory|54/100|[from] Recoil
|move|p1a: Abomasnow|Blizzard|p2a: Skarmory
|-damage|p2a: Skarmory|9/100
|
|-weather|Hail|[upkeep]
|-damage|p2a: Skarmory|3/100|[from] Hail
|-heal|p2a: Skarmory|9/100|[from] item: Leftovers
|-heal|p1a: Abomasnow|33/100|[from] item: Leftovers
|upkeep
|turn|5
|
|t:|1734201353
|switch|p1a: Alakazam|Alakazam, M, shiny|100/100
|move|p2a: Skarmory|Roost|p2a: Skarmory
|-heal|p2a: Skarmory|59/100
|-singleturn|p2a: Skarmory|move: Roost
|
|-weather|Hail|[upkeep]
|-damage|p2a: Skarmory|53/100|[from] Hail
|-heal|p2a: Skarmory|59/100|[from] item: Leftovers
|upkeep
|turn|6
|
|t:|1734201363
|move|p1a: Alakazam|Grass Knot|p2a: Skarmory
|-resisted|p2a: Skarmory
|-damage|p2a: Skarmory|50/100
|move|p2a: Skarmory|Roost|p2a: Skarmory
|-heal|p2a: Skarmory|99/100
|-singleturn|p2a: Skarmory|move: Roost
|
|-weather|Hail|[upkeep]
|-damage|p2a: Skarmory|94/100|[from] Hail
|-heal|p2a: Skarmory|99/100|[from] item: Leftovers
|upkeep
|turn|7
|
|t:|1734201370
|switch|p1a: Jellicent|Jellicent, M|100/100
|move|p2a: Skarmory|Brave Bird|p1a: Jellicent
|-damage|p1a: Jellicent|74/100
|-damage|p2a: Skarmory|89/100|[from] Recoil
|
|-weather|Hail|[upkeep]
|-damage|p2a: Skarmory|83/100|[from] Hail
|-damage|p1a: Jellicent|67/100|[from] Hail
|-heal|p2a: Skarmory|89/100|[from] item: Leftovers
|-heal|p1a: Jellicent|74/100|[from] item: Leftovers
|upkeep
|turn|8
|
|t:|1734201384
|switch|p2a: Latios|Latios, M|100/100
|-damage|p2a: Latios|88/100|[from] Stealth Rock
|move|p1a: Jellicent|Taunt|p2a: Latios
|-start|p2a: Latios|move: Taunt
|
|-weather|Hail|[upkeep]
|-damage|p2a: Latios|82/100|[from] Hail
|-damage|p1a: Jellicent|67/100|[from] Hail
|-heal|p1a: Jellicent|74/100|[from] item: Leftovers
|upkeep
|turn|9
|
|t:|1734201390
|switch|p1a: Forretress|Forretress, M|100/100
|move|p2a: Latios|Grass Knot|p1a: Forretress
|-resisted|p1a: Forretress
|-damage|p1a: Forretress|88/100
|
|-weather|Hail|[upkeep]
|-damage|p2a: Latios|76/100|[from] Hail
|-heal|p1a: Forretress|94/100|[from] item: Leftovers
|upkeep
|turn|10
|
|t:|1734201397
|switch|p2a: Landorus|Landorus-Therian, M|100/100
|-damage|p2a: Landorus|88/100|[from] Stealth Rock
|-ability|p2a: Landorus|Intimidate|boost
|-unboost|p1a: Forretress|atk|1
|move|p1a: Forretress|Spikes|p2a: Landorus
|-sidestart|p2: HydreigonSpammer|Spikes
|
|-weather|Hail|[upkeep]
|-damage|p2a: Landorus|82/100|[from] Hail
|-heal|p2a: Landorus|88/100|[from] item: Leftovers
|-heal|p1a: Forretress|99/100|[from] item: Leftovers
|upkeep
|turn|11
|
|t:|1734201414
|move|p2a: Landorus|Stealth Rock|p1a: Forretress
|-sidestart|p1: aioso|move: Stealth Rock
|move|p1a: Forretress|Rapid Spin|p2a: Landorus
|-damage|p2a: Landorus|86/100
|-sideend|p1: aioso|Stealth Rock|[from] move: Rapid Spin|[of] p1a: Forretress
|
|-weather|Hail|[upkeep]
|-damage|p2a: Landorus|80/100|[from] Hail
|-heal|p2a: Landorus|86/100|[from] item: Leftovers
|-heal|p1a: Forretress|100/100|[from] item: Leftovers
|upkeep
|turn|12
|
|t:|1734201419
|switch|p1a: Dragonite|Dragonite, M|100/100
|move|p2a: Landorus|Knock Off|p1a: Dragonite
|-damage|p1a: Dragonite|98/100
|-enditem|p1a: Dragonite|Leftovers|[from] move: Knock Off|[of] p2a: Landorus
|
|-weather|Hail|[upkeep]
|-damage|p1a: Dragonite|92/100|[from] Hail
|-damage|p2a: Landorus|80/100|[from] Hail
|-heal|p2a: Landorus|86/100|[from] item: Leftovers
|upkeep
|turn|13
|
|t:|1734201446
|switch|p2a: Alakazam|Alakazam, F|100/100
|move|p1a: Dragonite|Dragon Claw|p2a: Alakazam
|-damage|p2a: Alakazam|6/100
|
|-weather|Hail|[upkeep]
|-damage|p1a: Dragonite|85/100|[from] Hail
|upkeep
|turn|14
|
|t:|1734201461
|move|p2a: Alakazam|Hidden Power|p1a: Dragonite
|-supereffective|p1a: Dragonite
|-damage|p1a: Dragonite|0 fnt
|faint|p1a: Dragonite
|
|-weather|Hail|[upkeep]
|upkeep
|
|t:|1734201464
|switch|p1a: Weavile|Weavile, F|100/100
|-ability|p1a: Weavile|Pressure
|turn|15
|
|t:|1734201472
|switch|p2a: Skarmory|Skarmory, M|89/100
|-damage|p2a: Skarmory|77/100|[from] Stealth Rock
|move|p1a: Weavile|Night Slash|p2a: Skarmory
|-resisted|p2a: Skarmory
|-damage|p2a: Skarmory|65/100
|
|-weather|Hail|[upkeep]
|-damage|p2a: Skarmory|59/100|[from] Hail
|-heal|p2a: Skarmory|65/100|[from] item: Leftovers
|upkeep
|turn|16
|
|t:|1734201482
|switch|p1a: Alakazam|Alakazam, M, shiny|100/100
|move|p2a: Skarmory|Roost|p2a: Skarmory
|-heal|p2a: Skarmory|100/100
|-singleturn|p2a: Skarmory|move: Roost
|
|-weather|Hail|[upkeep]
|-damage|p2a: Skarmory|95/100|[from] Hail
|-heal|p2a: Skarmory|100/100|[from] item: Leftovers
|upkeep
|turn|17
|
|t:|1734201485
|move|p1a: Alakazam|Hidden Power|p2a: Skarmory
|-supereffective|p2a: Skarmory
|-damage|p2a: Skarmory|40/100
|move|p2a: Skarmory|Brave Bird|p1a: Alakazam
|-damage|p1a: Alakazam|18/100
|-damage|p2a: Skarmory|19/100|[from] Recoil
|
|-weather|Hail|[upkeep]
|-damage|p2a: Skarmory|13/100|[from] Hail
|-heal|p2a: Skarmory|19/100|[from] item: Leftovers
|upkeep
|turn|18
|
|t:|1734201497
|switch|p2a: Alakazam|Alakazam, F|6/100
|move|p1a: Alakazam|Hidden Power|p2a: Alakazam
|-damage|p2a: Alakazam|0 fnt
|faint|p2a: Alakazam
|
|-weather|Hail|[upkeep]
|upkeep
|
|t:|1734201517
|switch|p2a: Tyranitar|Tyranitar, M|100/100
|-damage|p2a: Tyranitar|88/100|[from] Stealth Rock
|-damage|p2a: Tyranitar|76/100|[from] Spikes
|-weather|Sandstorm|[from] ability: Sand Stream|[of] p2a: Tyranitar
|turn|19
|
|t:|1734201520
|move|p1a: Alakazam|Grass Knot|p2a: Tyranitar
|-supereffective|p2a: Tyranitar
|-damage|p2a: Tyranitar|24/100
|move|p2a: Tyranitar|Pursuit|p1a: Alakazam
|-supereffective|p1a: Alakazam
|-damage|p1a: Alakazam|0 fnt
|faint|p1a: Alakazam
|
|-weather|Sandstorm|[upkeep]
|upkeep
|
|t:|1734201527
|switch|p1a: Weavile|Weavile, F|100/100
|-ability|p1a: Weavile|Pressure
|turn|20
|
|t:|1734201545
|move|p1a: Weavile|Swords Dance|p1a: Weavile
|-boost|p1a: Weavile|atk|2
|move|p2a: Tyranitar|Rock Slide|p1a: Weavile
|-supereffective|p1a: Weavile
|-damage|p1a: Weavile|0 fnt
|faint|p1a: Weavile
|
|-weather|Sandstorm|[upkeep]
|upkeep
|
|t:|1734201552
|switch|p1a: Abomasnow|Abomasnow, F|33/100
|-weather|Hail|[from] ability: Snow Warning|[of] p1a: Abomasnow
|turn|21
|
|t:|1734201564
|switch|p2a: Skarmory|Skarmory, M|19/100
|-damage|p2a: Skarmory|7/100|[from] Stealth Rock
|move|p1a: Abomasnow|Giga Drain|p2a: Skarmory
|-resisted|p2a: Skarmory
|-damage|p2a: Skarmory|0 fnt
|-heal|p1a: Abomasnow|36/100|[from] drain|[of] p2a: Skarmory
|faint|p2a: Skarmory
|
|-weather|Hail|[upkeep]
|-heal|p1a: Abomasnow|42/100|[from] item: Leftovers
|upkeep
|
|t:|1734201572
|switch|p2a: Landorus|Landorus-Therian, M|86/100
|-damage|p2a: Landorus|73/100|[from] Stealth Rock
|-ability|p2a: Landorus|Intimidate|boost
|-unboost|p1a: Abomasnow|atk|1
|turn|22
|
|t:|1734201591
|move|p1a: Abomasnow|Protect|p1a: Abomasnow
|-singleturn|p1a: Abomasnow|Protect
|move|p2a: Landorus|U-turn|p1a: Abomasnow
|-activate|p1a: Abomasnow|move: Protect
|
|-weather|Hail|[upkeep]
|-damage|p2a: Landorus|67/100|[from] Hail
|-heal|p2a: Landorus|73/100|[from] item: Leftovers
|-heal|p1a: Abomasnow|49/100|[from] item: Leftovers
|upkeep
|turn|23
|
|t:|1734201601
|switch|p1a: Forretress|Forretress, M|100/100
|move|p2a: Landorus|U-turn|p1a: Forretress
|-resisted|p1a: Forretress
|-damage|p1a: Forretress|94/100
|
|t:|1734201613
|switch|p2a: Rotom|Rotom-Wash|94/100|[from] U-turn
|-damage|p2a: Rotom|82/100|[from] Stealth Rock
|
|-weather|Hail|[upkeep]
|-damage|p2a: Rotom|75/100|[from] Hail
|-heal|p1a: Forretress|99/100|[from] item: Leftovers
|upkeep
|turn|24
|
|t:|1734201661
|switch|p1a: Abomasnow|Abomasnow, F|49/100
|move|p2a: Rotom|Will-O-Wisp|p1a: Abomasnow
|-status|p1a: Abomasnow|brn
|
|-weather|Hail|[upkeep]
|-damage|p2a: Rotom|69/100|[from] Hail
|-heal|p1a: Abomasnow|55/100 brn|[from] item: Leftovers
|-damage|p1a: Abomasnow|42/100 brn|[from] brn
|upkeep
|turn|25
|
|t:|1734201684
|switch|p2a: Tyranitar|Tyranitar, M|24/100
|-damage|p2a: Tyranitar|11/100|[from] Stealth Rock
|-damage|p2a: Tyranitar|0 fnt|[from] Spikes
|faint|p2a: Tyranitar
|move|p1a: Abomasnow|Giga Drain|p2: Tyranitar|[notarget]
|-fail|p1a: Abomasnow
|
|-weather|Hail|[upkeep]
|-heal|p1a: Abomasnow|49/100 brn|[from] item: Leftovers
|-damage|p1a: Abomasnow|36/100 brn|[from] brn
|upkeep
|
|t:|1734201701
|switch|p2a: Landorus|Landorus-Therian, M|73/100
|-damage|p2a: Landorus|61/100|[from] Stealth Rock
|-ability|p2a: Landorus|Intimidate|boost
|-unboost|p1a: Abomasnow|atk|1
|turn|26
|
|t:|1734201711
|switch|p1a: Forretress|Forretress, M|99/100
|move|p2a: Landorus|U-turn|p1a: Forretress
|-resisted|p1a: Forretress
|-damage|p1a: Forretress|93/100
|
|t:|1734201716
|switch|p2a: Latios|Latios, M|76/100|[from] U-turn
|-damage|p2a: Latios|64/100|[from] Stealth Rock
|
|-weather|Hail|[upkeep]
|-damage|p2a: Latios|58/100|[from] Hail
|-heal|p1a: Forretress|99/100|[from] item: Leftovers
|upkeep
|turn|27
|
|t:|1734201740
|move|p2a: Latios|Draco Meteor|p1a: Forretress
|-resisted|p1a: Forretress
|-damage|p1a: Forretress|43/100
|-unboost|p2a: Latios|spa|2
|move|p1a: Forretress|Rapid Spin|p2a: Latios
|-damage|p2a: Latios|52/100
|
|-weather|Hail|[upkeep]
|-damage|p2a: Latios|46/100|[from] Hail
|-heal|p1a: Forretress|49/100|[from] item: Leftovers
|upkeep
|turn|28
|
|t:|1734201746
|switch|p2a: Landorus|Landorus-Therian, M|61/100
|-damage|p2a: Landorus|49/100|[from] Stealth Rock
|-ability|p2a: Landorus|Intimidate|boost
|-unboost|p1a: Forretress|atk|1
|move|p1a: Forretress|Rapid Spin|p2a: Landorus
|-damage|p2a: Landorus|46/100
|
|-weather|Hail|[upkeep]
|-damage|p2a: Landorus|40/100|[from] Hail
|-heal|p2a: Landorus|46/100|[from] item: Leftovers
|-heal|p1a: Forretress|55/100|[from] item: Leftovers
|upkeep
|turn|29
|
|t:|1734201759
|switch|p1a: Abomasnow|Abomasnow, F|36/100 brn
|move|p2a: Landorus|Knock Off|p1a: Abomasnow
|-damage|p1a: Abomasnow|30/100 brn
|-enditem|p1a: Abomasnow|Leftovers|[from] move: Knock Off|[of] p2a: Landorus
|
|-weather|Hail|[upkeep]
|-damage|p2a: Landorus|40/100|[from] Hail
|-heal|p2a: Landorus|46/100|[from] item: Leftovers
|-damage|p1a: Abomasnow|17/100 brn|[from] brn
|upkeep
|turn|30
|
|t:|1734201771
|move|p2a: Landorus|Earthquake|p1a: Abomasnow
|-resisted|p1a: Abomasnow
|-damage|p1a: Abomasnow|0 fnt
|faint|p1a: Abomasnow
|
|-weather|Hail|[upkeep]
|-damage|p2a: Landorus|40/100|[from] Hail
|-heal|p2a: Landorus|46/100|[from] item: Leftovers
|upkeep
|
|t:|1734201783
|switch|p1a: Jellicent|Jellicent, M|74/100
|turn|31
|
|t:|1734201792
|move|p2a: Landorus|Knock Off|p1a: Jellicent
|-supereffective|p1a: Jellicent
|-damage|p1a: Jellicent|64/100
|-enditem|p1a: Jellicent|Leftovers|[from] move: Knock Off|[of] p2a: Landorus
|move|p1a: Jellicent|Recover|p1a: Jellicent
|-heal|p1a: Jellicent|100/100
|
|-weather|Hail|[upkeep]
|-damage|p2a: Landorus|40/100|[from] Hail
|-damage|p1a: Jellicent|94/100|[from] Hail
|-heal|p2a: Landorus|46/100|[from] item: Leftovers
|upkeep
|turn|32
|
|t:|1734201802
|move|p2a: Landorus|U-turn|p1a: Jellicent
|-resisted|p1a: Jellicent
|-damage|p1a: Jellicent|85/100
|
|t:|1734201805
|switch|p2a: Rotom|Rotom-Wash|69/100|[from] U-turn
|-damage|p2a: Rotom|57/100|[from] Stealth Rock
|move|p1a: Jellicent|Icy Wind|p2a: Rotom
|-resisted|p2a: Rotom
|-damage|p2a: Rotom|51/100
|-unboost|p2a: Rotom|spe|1
|
|-weather|Hail|[upkeep]
|-damage|p1a: Jellicent|79/100|[from] Hail
|-damage|p2a: Rotom|45/100|[from] Hail
|upkeep
|turn|33
|
|t:|1734201832
|move|p1a: Jellicent|Taunt|p2a: Rotom
|-start|p2a: Rotom|move: Taunt
|move|p2a: Rotom|Volt Switch|p1a: Jellicent
|-supereffective|p1a: Jellicent
|-damage|p1a: Jellicent|36/100
|
|t:|1734201837
|switch|p2a: Latios|Latios, M|46/100|[from] Volt Switch
|-damage|p2a: Latios|34/100|[from] Stealth Rock
|
|-weather|Hail|[upkeep]
|-damage|p2a: Latios|28/100|[from] Hail
|-damage|p1a: Jellicent|29/100|[from] Hail
|upkeep
|turn|34
|
|t:|1734201850
|switch|p1a: Forretress|Forretress, M|55/100
|move|p2a: Latios|Draco Meteor|p1a: Forretress
|-resisted|p1a: Forretress
|-damage|p1a: Forretress|0 fnt
|-unboost|p2a: Latios|spa|2
|faint|p1a: Forretress
|
|-weather|Hail|[upkeep]
|-damage|p2a: Latios|22/100|[from] Hail
|upkeep
|
|t:|1734201854
|switch|p1a: Jellicent|Jellicent, M|29/100
|turn|35
|
|t:|1734201872
|switch|p2a: Rotom|Rotom-Wash|45/100
|-damage|p2a: Rotom|33/100|[from] Stealth Rock
|move|p1a: Jellicent|Recover|p1a: Jellicent
|-heal|p1a: Jellicent|79/100
|
|-weather|Hail|[upkeep]
|-damage|p2a: Rotom|26/100|[from] Hail
|-damage|p1a: Jellicent|73/100|[from] Hail
|upkeep
|turn|36
|
|t:|1734201904
|move|p2a: Rotom|Rest|p2a: Rotom
|-status|p2a: Rotom|slp|[from] move: Rest
|-heal|p2a: Rotom|100/100 slp|[silent]
|-enditem|p2a: Rotom|Chesto Berry|[eat]
|-curestatus|p2a: Rotom|slp|[msg]
|move|p1a: Jellicent|Scald|p2a: Rotom
|-resisted|p2a: Rotom
|-damage|p2a: Rotom|89/100
|-status|p2a: Rotom|brn
|
|-weather|Hail|[upkeep]
|-damage|p2a: Rotom|82/100 brn|[from] Hail
|-damage|p1a: Jellicent|67/100|[from] Hail
|-damage|p2a: Rotom|70/100 brn|[from] brn
|upkeep
|turn|37
|
|t:|1734201914
|move|p2a: Rotom|Will-O-Wisp|p1a: Jellicent
|-status|p1a: Jellicent|brn
|move|p1a: Jellicent|Recover|p1a: Jellicent
|-heal|p1a: Jellicent|100/100 brn
|
|-weather|Hail|[upkeep]
|-damage|p2a: Rotom|64/100 brn|[from] Hail
|-damage|p1a: Jellicent|94/100 brn|[from] Hail
|-damage|p2a: Rotom|51/100 brn|[from] brn
|-damage|p1a: Jellicent|82/100 brn|[from] brn
|upkeep
|turn|38
|
|t:|1734201919
|move|p2a: Rotom|Rest|p2a: Rotom
|-status|p2a: Rotom|slp|[from] move: Rest
|-heal|p2a: Rotom|100/100 slp|[silent]
|move|p1a: Jellicent|Icy Wind|p2a: Rotom
|-resisted|p2a: Rotom
|-damage|p2a: Rotom|96/100 slp
|-unboost|p2a: Rotom|spe|1
|
|-weather|Hail|[upkeep]
|-damage|p1a: Jellicent|76/100 brn|[from] Hail
|-damage|p2a: Rotom|89/100 slp|[from] Hail
|-damage|p1a: Jellicent|63/100 brn|[from] brn
|upkeep
|turn|39
|j| attic arch
|
|t:|1734201925
|move|p1a: Jellicent|Taunt|p2a: Rotom
|-start|p2a: Rotom|move: Taunt
|cant|p2a: Rotom|slp
|
|-weather|Hail|[upkeep]
|-damage|p1a: Jellicent|57/100 brn|[from] Hail
|-damage|p2a: Rotom|83/100 slp|[from] Hail
|-damage|p1a: Jellicent|45/100 brn|[from] brn
|upkeep
|turn|40
|
|t:|1734201928
|move|p1a: Jellicent|Recover|p1a: Jellicent
|-heal|p1a: Jellicent|95/100 brn
|cant|p2a: Rotom|slp
|
|-weather|Hail|[upkeep]
|-damage|p1a: Jellicent|89/100 brn|[from] Hail
|-damage|p2a: Rotom|77/100 slp|[from] Hail
|-damage|p1a: Jellicent|76/100 brn|[from] brn
|upkeep
|turn|41
|-message|aioso forfeited.
|
|win|HydreigonSpammer
|raw|aioso's rating: 1481 &rarr; <strong>1456</strong><br />(-25 for losing)
|raw|HydreigonSpammer's rating: 1392 &rarr; <strong>1417</strong><br />(+25 for winning)
|l|☆aioso
|player|p1|
