|j|☆dscrdgg/tYY9zcUuQk
|j|‽kinetic koko
|t:|1711751129
|gametype|singles
|player|p1|dscrdgg/tYY9zcUuQk|lucas|1660
|player|p2|kinetic koko|102|1699
|teamsize|p1|6
|teamsize|p2|6
|gen|5
|tier|[Gen 5] OU
|rated|
|rule|Species Clause: Limit one of each Pokémon
|rule|OHKO Clause: OHKO moves are banned
|rule|Moody Clause: Moody is banned
|rule|Evasion Items Clause: Evasion items are banned
|rule|Evasion Moves Clause: Evasion moves are banned
|rule|Endless Battle Clause: Forcing endless battles is banned
|rule|HP Percentage Mod: HP is shown in percentages
|rule|Evasion Abilities Clause: Evasion abilities are banned
|rule|Sleep Moves Clause: Sleep-inducing moves are banned
|rule|Swagger Clause: Swagger is banned
|rule|Baton Pass Stat Clause: No Baton Passer may have a way to boost its stats
|clearpoke
|poke|p1|Aerodactyl, M|item
|poke|p1|Garchomp, F|item
|poke|p1|Starmie|item
|poke|p1|Dragonite, M|item
|poke|p1|Scizor, M|item
|poke|p1|Jirachi|item
|poke|p2|Tyranitar, M|item
|poke|p2|Keldeo|item
|poke|p2|Landorus-Therian, M|item
|poke|p2|Rotom-Wash|item
|poke|p2|Excadrill, F|item
|poke|p2|Celebi|item
|teampreview
|inactive|Battle timer is ON: inactive players will automatically lose when time's up. (requested by dscrdgg/tYY9zcUuQk)
|inactive|kinetic koko has 120 seconds left.
|
|t:|1711751179
|start
|switch|p1a: Waltuh|Aerodactyl, M|100/100
|switch|p2a: Rotom|Rotom-Wash|100/100
|turn|1
|
|t:|1711751185
|move|p1a: Waltuh|Stealth Rock|p2a: Rotom
|-sidestart|p2: kinetic koko|move: Stealth Rock
|move|p2a: Rotom|Volt Switch|p1a: Waltuh
|-supereffective|p1a: Waltuh
|-damage|p1a: Waltuh|29/100
|
|t:|1711751188
|switch|p2a: Celebi|Celebi|100/100|[from] Volt Switch
|-damage|p2a: Celebi|88/100|[from] Stealth Rock
|
|-heal|p2a: Celebi|94/100|[from] item: Leftovers
|upkeep
|turn|2
|
|t:|1711751192
|move|p1a: Waltuh|Taunt|p2a: Celebi
|-start|p2a: Celebi|move: Taunt
|move|p2a: Celebi|Psychic|p1a: Waltuh
|-damage|p1a: Waltuh|0 fnt
|faint|p1a: Waltuh
|
|-heal|p2a: Celebi|100/100|[from] item: Leftovers
|upkeep
|
|t:|1711751213
|switch|p1a: Cow Cuh|Dragonite, M|100/100
|turn|3
|
|t:|1711751217
|move|p1a: Cow Cuh|Dragon Dance|p1a: Cow Cuh
|-boost|p1a: Cow Cuh|atk|1
|-boost|p1a: Cow Cuh|spe|1
|move|p2a: Celebi|U-turn|p1a: Cow Cuh
|-resisted|p1a: Cow Cuh
|-damage|p1a: Cow Cuh|97/100
|
|t:|1711751219
|switch|p2a: Tyranitar|Tyranitar, M|100/100|[from] U-turn
|-damage|p2a: Tyranitar|88/100|[from] Stealth Rock
|-weather|Sandstorm|[from] ability: Sand Stream|[of] p2a: Tyranitar
|
|-weather|Sandstorm|[upkeep]
|-damage|p1a: Cow Cuh|91/100|[from] Sandstorm
|upkeep
|turn|4
|
|t:|1711751221
|move|p1a: Cow Cuh|Earthquake|p2a: Tyranitar
|-supereffective|p2a: Tyranitar
|-damage|p2a: Tyranitar|0 fnt
|faint|p2a: Tyranitar
|
|-weather|Sandstorm|[upkeep]
|-damage|p1a: Cow Cuh|85/100|[from] Sandstorm
|upkeep
|
|t:|1711751233
|switch|p2a: Landorus|Landorus-Therian, M|100/100
|-damage|p2a: Landorus|88/100|[from] Stealth Rock
|-ability|p2a: Landorus|Intimidate|boost
|-unboost|p1a: Cow Cuh|atk|1
|turn|5
|
|t:|1711751244
|move|p2a: Landorus|Hidden Power|p1a: Cow Cuh
|-supereffective|p1a: Cow Cuh
|-damage|p1a: Cow Cuh|16/100
|move|p1a: Cow Cuh|Dragon Dance|p1a: Cow Cuh
|-boost|p1a: Cow Cuh|atk|1
|-boost|p1a: Cow Cuh|spe|1
|
|-weather|Sandstorm|[upkeep]
|-damage|p1a: Cow Cuh|10/100|[from] Sandstorm
|upkeep
|turn|6
|
|t:|1711751258
|switch|p2a: Excadrill|Excadrill, F|100/100
|-damage|p2a: Excadrill|98/100|[from] Stealth Rock
|move|p1a: Cow Cuh|Outrage|p2a: Excadrill
|-resisted|p2a: Excadrill
|-damage|p2a: Excadrill|30/100
|
|-weather|Sandstorm|[upkeep]
|-damage|p1a: Cow Cuh|4/100|[from] Sandstorm
|-heal|p2a: Excadrill|36/100|[from] item: Leftovers
|upkeep
|turn|7
|
|t:|1711751265
|move|p1a: Cow Cuh|Outrage|p2a: Excadrill|[from]lockedmove
|-resisted|p2a: Excadrill
|-damage|p2a: Excadrill|0 fnt
|faint|p2a: Excadrill
|-start|p1a: Cow Cuh|confusion|[fatigue]
|-enditem|p1a: Cow Cuh|Lum Berry|[eat]
|-end|p1a: Cow Cuh|confusion
|
|-weather|Sandstorm|[upkeep]
|-damage|p1a: Cow Cuh|0 fnt|[from] Sandstorm
|faint|p1a: Cow Cuh
|upkeep
|
|t:|1711751287
|switch|p2a: Keldeo|Keldeo|100/100
|switch|p1a: Chomp29|Garchomp, F|100/100
|-damage|p2a: Keldeo|94/100|[from] Stealth Rock
|turn|8
|
|t:|1711751292
|move|p2a: Keldeo|Surf|p1a: Chomp29
|-damage|p1a: Chomp29|16/100
|move|p1a: Chomp29|Outrage|p2a: Keldeo
|-damage|p2a: Keldeo|23/100
|
|-weather|Sandstorm|[upkeep]
|-damage|p2a: Keldeo|17/100|[from] Sandstorm
|upkeep
|turn|9
|
|t:|1711751297
|move|p2a: Keldeo|Surf|p1a: Chomp29
|-damage|p1a: Chomp29|0 fnt
|faint|p1a: Chomp29
|
|-weather|Sandstorm|[upkeep]
|-damage|p2a: Keldeo|11/100|[from] Sandstorm
|upkeep
|
|t:|1711751320
|switch|p1a: Mario For SPL|Scizor, M|100/100
|turn|10
|
|t:|1711751327
|switch|p2a: Rotom|Rotom-Wash|100/100
|-damage|p2a: Rotom|88/100|[from] Stealth Rock
|move|p1a: Mario For SPL|Quick Attack|p2a: Rotom
|-damage|p2a: Rotom|64/100
|-damage|p1a: Mario For SPL|91/100|[from] item: Life Orb
|
|-weather|Sandstorm|[upkeep]
|-damage|p2a: Rotom|57/100|[from] Sandstorm
|-heal|p2a: Rotom|64/100|[from] item: Leftovers
|upkeep
|turn|11
|
|t:|1711751349
|switch|p1a: Book Of Mie|Starmie|100/100
|-item|p1a: Book Of Mie|Air Balloon
|move|p2a: Rotom|Pain Split|p1a: Book Of Mie
|-sethp|p1a: Book Of Mie|87/100|[from] move: Pain Split|[silent]
|-sethp|p2a: Rotom|75/100|[from] move: Pain Split
|
|-weather|Sandstorm|[upkeep]
|-damage|p1a: Book Of Mie|81/100|[from] Sandstorm
|-damage|p2a: Rotom|69/100|[from] Sandstorm
|-heal|p2a: Rotom|75/100|[from] item: Leftovers
|upkeep
|turn|12
|
|t:|1711751358
|switch|p2a: Celebi|Celebi|100/100
|-damage|p2a: Celebi|88/100|[from] Stealth Rock
|move|p1a: Book Of Mie|Thunder|p2a: Celebi
|-resisted|p2a: Celebi
|-damage|p2a: Celebi|75/100
|
|-weather|Sandstorm|[upkeep]
|-damage|p1a: Book Of Mie|75/100|[from] Sandstorm
|-damage|p2a: Celebi|69/100|[from] Sandstorm
|-heal|p2a: Celebi|75/100|[from] item: Leftovers
|upkeep
|turn|13
|
|t:|1711751370
|switch|p1a: Da Baby|Jirachi|100/100
|move|p2a: Celebi|U-turn|p1a: Da Baby
|-damage|p1a: Da Baby|87/100
|
|t:|1711751374
|switch|p2a: Rotom|Rotom-Wash|75/100|[from] U-turn
|-damage|p2a: Rotom|62/100|[from] Stealth Rock
|
|-weather|Sandstorm|[upkeep]
|-damage|p2a: Rotom|56/100|[from] Sandstorm
|-heal|p1a: Da Baby|93/100|[from] item: Leftovers
|-heal|p2a: Rotom|62/100|[from] item: Leftovers
|upkeep
|turn|14
|
|t:|1711751379
|move|p1a: Da Baby|Thunder|p2a: Rotom
|-damage|p2a: Rotom|39/100
|-status|p2a: Rotom|par
|move|p2a: Rotom|Pain Split|p1a: Da Baby
|-sethp|p1a: Da Baby|63/100|[from] move: Pain Split|[silent]
|-sethp|p2a: Rotom|73/100 par|[from] move: Pain Split
|
|-weather|Sandstorm|[upkeep]
|-damage|p2a: Rotom|67/100 par|[from] Sandstorm
|-heal|p1a: Da Baby|69/100|[from] item: Leftovers
|-heal|p2a: Rotom|73/100 par|[from] item: Leftovers
|upkeep
|turn|15
|
|t:|1711751390
|move|p1a: Da Baby|Thunder|p2a: Rotom
|-damage|p2a: Rotom|49/100 par
|move|p2a: Rotom|Volt Switch|p1a: Da Baby
|-damage|p1a: Da Baby|46/100
|
|t:|1711751396
|switch|p2a: Landorus|Landorus-Therian, M|88/100|[from] Volt Switch
|-damage|p2a: Landorus|76/100|[from] Stealth Rock
|-ability|p2a: Landorus|Intimidate|boost
|-unboost|p1a: Da Baby|atk|1
|
|-weather|Sandstorm|[upkeep]
|-heal|p1a: Da Baby|52/100|[from] item: Leftovers
|upkeep
|turn|16
|
|t:|1711751407
|move|p2a: Landorus|U-turn|p1a: Da Baby
|-damage|p1a: Da Baby|29/100
|
|t:|1711751411
|switch|p2a: Keldeo|Keldeo|11/100|[from] U-turn
|-damage|p2a: Keldeo|5/100|[from] Stealth Rock
|move|p1a: Da Baby|Ice Punch|p2a: Keldeo
|-resisted|p2a: Keldeo
|-damage|p2a: Keldeo|0 fnt
|faint|p2a: Keldeo
|
|-weather|Sandstorm|[upkeep]
|-heal|p1a: Da Baby|35/100|[from] item: Leftovers
|upkeep
|
|t:|1711751413
|switch|p2a: Landorus|Landorus-Therian, M|76/100
|-damage|p2a: Landorus|63/100|[from] Stealth Rock
|-ability|p2a: Landorus|Intimidate|boost
|-unboost|p1a: Da Baby|atk|1
|turn|17
|
|t:|1711751420
|move|p2a: Landorus|Earthquake|p1a: Da Baby
|-supereffective|p1a: Da Baby
|-crit|p1a: Da Baby
|-damage|p1a: Da Baby|0 fnt
|faint|p1a: Da Baby
|
|-weather|Sandstorm|[upkeep]
|upkeep
|
|t:|1711751426
|switch|p1a: Mario For SPL|Scizor, M|91/100
|turn|18
|
|t:|1711751428
|move|p2a: Landorus|Earthquake|p1a: Mario For SPL
|-damage|p1a: Mario For SPL|41/100
|move|p1a: Mario For SPL|Swords Dance|p1a: Mario For SPL
|-boost|p1a: Mario For SPL|atk|2
|
|-weather|Sandstorm|[upkeep]
|upkeep
|turn|19
|
|t:|1711751433
|move|p1a: Mario For SPL|Bullet Punch|p2a: Landorus
|-damage|p2a: Landorus|0 fnt
|faint|p2a: Landorus
|-damage|p1a: Mario For SPL|32/100|[from] item: Life Orb
|
|-weather|Sandstorm|[upkeep]
|upkeep
|
|t:|1711751436
|switch|p2a: Rotom|Rotom-Wash|49/100 par
|-damage|p2a: Rotom|36/100 par|[from] Stealth Rock
|turn|20
|
|t:|1711751438
|move|p1a: Mario For SPL|Quick Attack|p2a: Rotom
|-crit|p2a: Rotom
|-damage|p2a: Rotom|0 fnt
|faint|p2a: Rotom
|-damage|p1a: Mario For SPL|22/100|[from] item: Life Orb
|
|-weather|Sandstorm|[upkeep]
|upkeep
|
|t:|1711751439
|switch|p2a: Celebi|Celebi|75/100
|-damage|p2a: Celebi|63/100|[from] Stealth Rock
|turn|21
|
|t:|1711751441
|move|p1a: Mario For SPL|Bullet Punch|p2a: Celebi
|-damage|p2a: Celebi|0 fnt
|faint|p2a: Celebi
|-damage|p1a: Mario For SPL|12/100|[from] item: Life Orb
|
|win|dscrdgg/tYY9zcUuQk
|raw|dscrdgg&#x2f;tYY9zcUuQk's rating: 1660 &rarr; <strong>1683</strong><br />(+23 for winning)
|raw|kinetic koko's rating: 1705 &rarr; <strong>1682</strong><br />(-23 for losing)
|l|‽kinetic koko
|player|p2|
|l|☆dscrdgg/tYY9zcUuQk
|player|p1|
|j|☆dscrdgg/tYY9zcUuQk
|player|p1|dscrdgg/tYY9zcUuQk|lucas
