|j|☆spliffdiff
|j|☆qscf331
|t:|1742756522
|gametype|singles
|player|p1|spliffdiff|unknown|1341
|player|p2|qscf331|1|1429
|teamsize|p1|6
|teamsize|p2|6
|gen|5
|tier|[Gen 5] OU
|rated|
|rule|Species Clause: Limit one of each Pokémon
|rule|OHKO Clause: OHKO moves are banned
|rule|Moody Clause: Moody is banned
|rule|Evasion Items Clause: Evasion items are banned
|rule|Evasion Moves Clause: Evasion moves are banned
|rule|Endless Battle Clause: Forcing endless battles is banned
|rule|HP Percentage Mod: HP is shown in percentages
|rule|Evasion Abilities Clause: Evasion abilities are banned
|rule|Sleep Moves Clause: Sleep-inducing moves are banned
|rule|Swagger Clause: Swagger is banned
|rule|Baton Pass Stat Clause: No Baton Passer may have a way to boost its stats
|clearpoke
|poke|p1|Honchkrow, M|item
|poke|p1|Terrakion|item
|poke|p1|Garchomp, F|item
|poke|p1|Conkeldurr, M|item
|poke|p1|Keldeo-Resolute|item
|poke|p1|Breloom, F|item
|poke|p2|Politoed, F|item
|poke|p2|Keldeo|item
|poke|p2|Latios, M|item
|poke|p2|Starmie|item
|poke|p2|Thundurus-Therian, M|item
|poke|p2|Jirachi|item
|teampreview
|inactive|Battle timer is ON: inactive players will automatically lose when time's up. (requested by spliffdiff)
|
|t:|1742756546
|start
|switch|p1a: Terrakion|Terrakion|100/100
|switch|p2a: Jirachi|Jirachi|100/100
|turn|1
|
|t:|1742756552
|move|p1a: Terrakion|Stealth Rock|p2a: Jirachi
|-sidestart|p2: qscf331|move: Stealth Rock
|move|p2a: Jirachi|Icy Wind|p1a: Terrakion
|-damage|p1a: Terrakion|87/100
|-unboost|p1a: Terrakion|spe|1
|
|upkeep
|turn|2
|
|t:|1742756557
|move|p1a: Terrakion|Close Combat|p2a: Jirachi
|-damage|p2a: Jirachi|50/100
|-unboost|p1a: Terrakion|def|1
|-unboost|p1a: Terrakion|spd|1
|move|p2a: Jirachi|Stealth Rock|p1a: Terrakion
|-sidestart|p1: spliffdiff|move: Stealth Rock
|
|-heal|p2a: Jirachi|56/100|[from] item: Leftovers
|upkeep
|turn|3
|
|t:|1742756563
|move|p1a: Terrakion|Close Combat|p2a: Jirachi
|-damage|p2a: Jirachi|8/100
|-unboost|p1a: Terrakion|def|1
|-unboost|p1a: Terrakion|spd|1
|move|p2a: Jirachi|U-turn|p1a: Terrakion
|-resisted|p1a: Terrakion
|-damage|p1a: Terrakion|67/100
|
|t:|1742756570
|switch|p2a: Politoed|Politoed, F|100/100|[from] U-turn
|-damage|p2a: Politoed|88/100|[from] Stealth Rock
|-weather|RainDance|[from] ability: Drizzle|[of] p2a: Politoed
|
|-weather|RainDance|[upkeep]
|-heal|p2a: Politoed|94/100|[from] item: Leftovers
|upkeep
|turn|4
|
|t:|1742756574
|move|p1a: Terrakion|Close Combat|p2a: Politoed
|-damage|p2a: Politoed|46/100
|-unboost|p1a: Terrakion|def|1
|-unboost|p1a: Terrakion|spd|1
|move|p2a: Politoed|Scald|p1a: Terrakion
|-supereffective|p1a: Terrakion
|-damage|p1a: Terrakion|0 fnt
|faint|p1a: Terrakion
|
|-weather|RainDance|[upkeep]
|-heal|p2a: Politoed|52/100|[from] item: Leftovers
|upkeep
|
|t:|1742756587
|switch|p1a: Conkeldurr|Conkeldurr, M|100/100
|-damage|p1a: Conkeldurr|94/100|[from] Stealth Rock
|turn|5
|
|t:|1742756591
|move|p2a: Politoed|Scald|p1a: Conkeldurr
|-damage|p1a: Conkeldurr|43/100
|move|p1a: Conkeldurr|Drain Punch|p2a: Politoed
|-damage|p2a: Politoed|17/100
|-heal|p1a: Conkeldurr|62/100|[from] drain|[of] p2a: Politoed
|
|-weather|RainDance|[upkeep]
|-heal|p2a: Politoed|23/100|[from] item: Leftovers
|upkeep
|turn|6
|
|t:|1742756603
|move|p2a: Politoed|Protect|p2a: Politoed
|-singleturn|p2a: Politoed|Protect
|move|p1a: Conkeldurr|Drain Punch|p2a: Politoed
|-activate|p2a: Politoed|move: Protect
|
|-weather|RainDance|[upkeep]
|-heal|p2a: Politoed|30/100|[from] item: Leftovers
|upkeep
|turn|7
|
|t:|1742756611
|move|p2a: Politoed|Scald|p1a: Conkeldurr
|-damage|p1a: Conkeldurr|13/100
|move|p1a: Conkeldurr|Drain Punch|p2a: Politoed
|-damage|p2a: Politoed|0 fnt
|-heal|p1a: Conkeldurr|29/100|[from] drain|[of] p2a: Politoed
|faint|p2a: Politoed
|
|-weather|RainDance|[upkeep]
|upkeep
|
|t:|1742756623
|switch|p2a: Starmie|Starmie|100/100
|-damage|p2a: Starmie|88/100|[from] Stealth Rock
|-item|p2a: Starmie|Air Balloon
|turn|8
|
|t:|1742756631
|move|p2a: Starmie|Rapid Spin|p1a: Conkeldurr
|-damage|p1a: Conkeldurr|27/100
|-sideend|p2: qscf331|Stealth Rock|[from] move: Rapid Spin|[of] p2a: Starmie
|move|p1a: Conkeldurr|Thunder Punch|p2a: Starmie
|-supereffective|p2a: Starmie
|-damage|p2a: Starmie|0 fnt
|-enditem|p2a: Starmie|Air Balloon
|faint|p2a: Starmie
|
|-weather|RainDance|[upkeep]
|upkeep
|
|t:|1742756635
|switch|p2a: Keldeo|Keldeo|100/100
|turn|9
|
|t:|1742756644
|move|p1a: Conkeldurr|Mach Punch|p2a: Keldeo
|-damage|p2a: Keldeo|76/100
|move|p2a: Keldeo|Surf|p1a: Conkeldurr
|-damage|p1a: Conkeldurr|0 fnt
|faint|p1a: Conkeldurr
|
|-weather|RainDance|[upkeep]
|upkeep
|
|t:|1742756665
|switch|p1a: Keldeo|Keldeo-Resolute|100/100
|-damage|p1a: Keldeo|94/100|[from] Stealth Rock
|turn|10
|
|t:|1742756673
|switch|p2a: Latios|Latios, M|100/100
|move|p1a: Keldeo|Secret Sword|p2a: Latios
|-resisted|p2a: Latios
|-damage|p2a: Latios|71/100
|
|-weather|RainDance|[upkeep]
|upkeep
|turn|11
|
|t:|1742756695
|move|p2a: Latios|Draco Meteor|p1a: Keldeo
|-damage|p1a: Keldeo|4/100
|-unboost|p2a: Latios|spa|2
|move|p1a: Keldeo|Secret Sword|p2a: Latios
|-resisted|p2a: Latios
|-damage|p2a: Latios|42/100
|
|-weather|RainDance|[upkeep]
|upkeep
|turn|12
|
|t:|1742756704
|move|p2a: Latios|Draco Meteor|p1a: Keldeo
|-damage|p1a: Keldeo|0 fnt
|-unboost|p2a: Latios|spa|2
|faint|p1a: Keldeo
|
|-weather|RainDance|[upkeep]
|upkeep
|
|t:|1742756708
|switch|p1a: Honchkrow|Honchkrow, M|100/100
|-damage|p1a: Honchkrow|76/100|[from] Stealth Rock
|turn|13
|
|t:|1742756712
|-activate|p2a: Latios|move: Pursuit
|move|p1a: Honchkrow|Pursuit|p2a: Latios|[from] Pursuit
|-supereffective|p2a: Latios
|-damage|p2a: Latios|0 fnt
|faint|p2a: Latios
|-hint|A Pokemon can't switch between when it runs out of HP and when it faints
|
|-weather|RainDance|[upkeep]
|upkeep
|
|t:|1742756719
|switch|p2a: Thundurus|Thundurus-Therian, M|100/100
|turn|14
|
|t:|1742756724
|move|p2a: Thundurus|Thunder|p1a: Honchkrow
|-supereffective|p1a: Honchkrow
|-damage|p1a: Honchkrow|0 fnt
|faint|p1a: Honchkrow
|
|-weather|RainDance|[upkeep]
|upkeep
|
|t:|1742756728
|switch|p1a: Garchomp|Garchomp, F|100/100
|-damage|p1a: Garchomp|94/100|[from] Stealth Rock
|turn|15
|
|t:|1742756730
|move|p1a: Garchomp|Rock Slide|p2a: Thundurus
|-supereffective|p2a: Thundurus
|-damage|p2a: Thundurus|21/100
|move|p2a: Thundurus|Hidden Power|p1a: Garchomp
|-supereffective|p1a: Garchomp
|-enditem|p1a: Garchomp|Yache Berry|[eat]
|-enditem|p1a: Garchomp|Yache Berry|[weaken]
|-damage|p1a: Garchomp|29/100
|
|-weather|RainDance|[upkeep]
|-heal|p2a: Thundurus|27/100|[from] item: Leftovers
|upkeep
|turn|16
|
|t:|1742756740
|switch|p2a: Jirachi|Jirachi|8/100
|move|p1a: Garchomp|Rock Slide|p2a: Jirachi
|-resisted|p2a: Jirachi
|-damage|p2a: Jirachi|0 fnt
|faint|p2a: Jirachi
|
|-weather|RainDance|[upkeep]
|upkeep
|
|t:|1742756743
|switch|p2a: Keldeo|Keldeo|76/100
|turn|17
|
|t:|1742756749
|move|p2a: Keldeo|Secret Sword|p1a: Garchomp
|-damage|p1a: Garchomp|0 fnt
|faint|p1a: Garchomp
|
|-weather|RainDance|[upkeep]
|upkeep
|
|t:|1742756752
|switch|p1a: Breloom|Breloom, F|100/100
|-damage|p1a: Breloom|94/100|[from] Stealth Rock
|turn|18
|
|t:|1742756756
|move|p2a: Keldeo|Secret Sword|p1a: Breloom
|-damage|p1a: Breloom|0 fnt
|faint|p1a: Breloom
|
|win|qscf331
|raw|spliffdiff's rating: 1341 &rarr; <strong>1326</strong><br />(-15 for losing)
|raw|qscf331's rating: 1429 &rarr; <strong>1444</strong><br />(+15 for winning)
