|j|☆chomp29
|j|☆leoperi99
|t:|1743433662
|gametype|singles
|player|p1|chomp29|lucas|1389
|player|p2|leoperi99|kris-gen2|1541
|teamsize|p1|6
|teamsize|p2|6
|gen|5
|tier|[Gen 5] OU
|rated|
|rule|Species Clause: Limit one of each Pokémon
|rule|OHKO Clause: OHKO moves are banned
|rule|Moody Clause: Moody is banned
|rule|Evasion Items Clause: Evasion items are banned
|rule|Evasion Moves Clause: Evasion moves are banned
|rule|Endless Battle Clause: Forcing endless battles is banned
|rule|HP Percentage Mod: HP is shown in percentages
|rule|Evasion Abilities Clause: Evasion abilities are banned
|rule|Sleep Moves Clause: Sleep-inducing moves are banned
|rule|Swagger Clause: Swagger is banned
|rule|Baton Pass Stat Clause: No Baton Passer may have a way to boost its stats
|clearpoke
|poke|p1|Landorus-Therian, M|item
|poke|p1|Swampert, F|item
|poke|p1|Alakazam, F|item
|poke|p1|Rotom-Wash|item
|poke|p1|Skarmory, M|item
|poke|p1|Heatran, F|item
|poke|p2|Dragonite, M|item
|poke|p2|Keldeo|item
|poke|p2|Politoed, M|item
|poke|p2|Thundurus-Therian, M|item
|poke|p2|Ferrothorn, F|item
|poke|p2|Tentacruel, M|item
|teampreview
|inactive|Battle timer is ON: inactive players will automatically lose when time's up. (requested by chomp29)
|c|☆leoperi99|hf
|c|☆chomp29|Gl
|
|t:|1743433686
|start
|switch|p1a: Heatran|Heatran, F|100/100
|switch|p2a: Thundurus|Thundurus-Therian, M|100/100
|turn|1
|
|t:|1743433694
|move|p2a: Thundurus|U-turn|p1a: Heatran
|-resisted|p1a: Heatran
|-damage|p1a: Heatran|97/100
|
|t:|1743433696
|switch|p2a: Politoed|Politoed, M|100/100|[from] U-turn
|-weather|RainDance|[from] ability: Drizzle|[of] p2a: Politoed
|move|p1a: Heatran|Overheat|p2a: Politoed
|-resisted|p2a: Politoed
|-damage|p2a: Politoed|80/100
|-unboost|p1a: Heatran|spa|2
|
|-weather|RainDance|[upkeep]
|-heal|p2a: Politoed|86/100|[from] item: Leftovers
|upkeep
|turn|2
|
|t:|1743433710
|switch|p1a: Swampert|Swampert, F|100/100
|switch|p2a: Dragonite|Dragonite, M|100/100
|
|-weather|RainDance|[upkeep]
|upkeep
|turn|3
|
|t:|1743433717
|move|p2a: Dragonite|Outrage|p1a: Swampert
|-damage|p1a: Swampert|24/100
|move|p1a: Swampert|Scald|p2a: Dragonite
|-resisted|p2a: Dragonite
|-damage|p2a: Dragonite|87/100
|-status|p2a: Dragonite|brn
|
|-weather|RainDance|[upkeep]
|-heal|p1a: Swampert|31/100|[from] item: Leftovers
|-damage|p2a: Dragonite|74/100 brn|[from] brn
|upkeep
|turn|4
|
|t:|1743433720
|move|p1a: Swampert|Protect|p1a: Swampert
|-singleturn|p1a: Swampert|Protect
|move|p2a: Dragonite|Outrage|p1a: Swampert|[from] lockedmove
|-activate|p1a: Swampert|move: Protect
|-start|p2a: Dragonite|confusion|[fatigue]
|
|-weather|RainDance|[upkeep]
|-heal|p1a: Swampert|37/100|[from] item: Leftovers
|-damage|p2a: Dragonite|62/100 brn|[from] brn
|upkeep
|turn|5
|
|t:|1743433731
|switch|p2a: Ferrothorn|Ferrothorn, F|100/100
|move|p1a: Swampert|Stealth Rock|p2a: Ferrothorn
|-sidestart|p2: leoperi99|move: Stealth Rock
|
|-weather|RainDance|[upkeep]
|-heal|p1a: Swampert|43/100|[from] item: Leftovers
|upkeep
|turn|6
|
|t:|1743433754
|move|p1a: Swampert|Scald|p2a: Ferrothorn
|-resisted|p2a: Ferrothorn
|-damage|p2a: Ferrothorn|84/100
|-status|p2a: Ferrothorn|brn
|-enditem|p2a: Ferrothorn|Rawst Berry|[eat]
|-curestatus|p2a: Ferrothorn|brn|[msg]
|move|p2a: Ferrothorn|Stealth Rock|p1a: Swampert
|-sidestart|p1: chomp29|move: Stealth Rock
|
|-weather|RainDance|[upkeep]
|-heal|p1a: Swampert|49/100|[from] item: Leftovers
|upkeep
|turn|7
|
|t:|1743433758
|switch|p1a: Skarmory|Skarmory, M|100/100
|-damage|p1a: Skarmory|88/100|[from] Stealth Rock
|move|p2a: Ferrothorn|Spikes|p1a: Skarmory
|-sidestart|p1: chomp29|Spikes
|
|-weather|RainDance|[upkeep]
|upkeep
|turn|8
|
|t:|1743433762
|move|p2a: Ferrothorn|Spikes|p1a: Skarmory
|-sidestart|p1: chomp29|Spikes
|move|p1a: Skarmory|Whirlwind|p2a: Ferrothorn
|drag|p2a: Thundurus|Thundurus-Therian, M|100/100
|-damage|p2a: Thundurus|76/100|[from] Stealth Rock
|
|-weather|RainDance|[upkeep]
|-heal|p2a: Thundurus|82/100|[from] item: Leftovers
|upkeep
|turn|9
|
|t:|1743433772
|switch|p1a: Landorus|Landorus-Therian, M|100/100
|-damage|p1a: Landorus|88/100|[from] Stealth Rock
|-ability|p1a: Landorus|Intimidate|boost
|-unboost|p2a: Thundurus|atk|1
|move|p2a: Thundurus|U-turn|p1a: Landorus
|-resisted|p1a: Landorus
|-damage|p1a: Landorus|83/100
|
|t:|1743433775
|switch|p2a: Tentacruel|Tentacruel, M|100/100|[from] U-turn
|-damage|p2a: Tentacruel|88/100|[from] Stealth Rock
|
|-weather|RainDance|[upkeep]
|-heal|p2a: Tentacruel|94/100|[from] ability: Rain Dish
|-heal|p2a: Tentacruel|99/100|[from] item: Black Sludge
|upkeep
|turn|10
|
|t:|1743433782
|move|p2a: Tentacruel|Protect|p2a: Tentacruel
|-singleturn|p2a: Tentacruel|Protect
|move|p1a: Landorus|Earthquake|p2a: Tentacruel
|-activate|p2a: Tentacruel|move: Protect
|
|-weather|RainDance|[upkeep]
|-heal|p2a: Tentacruel|100/100|[from] ability: Rain Dish
|upkeep
|turn|11
|
|t:|1743433789
|switch|p1a: Alakazam|Alakazam, F|100/100
|switch|p2a: Thundurus|Thundurus-Therian, M|82/100
|-damage|p2a: Thundurus|57/100|[from] Stealth Rock
|
|-weather|RainDance|[upkeep]
|-heal|p2a: Thundurus|63/100|[from] item: Leftovers
|upkeep
|turn|12
|inactive|chomp29 has 120 seconds left.
|
|t:|1743433823
|switch|p2a: Politoed|Politoed, M|86/100
|-damage|p2a: Politoed|74/100|[from] Stealth Rock
|move|p1a: Alakazam|Hidden Power|p2a: Politoed
|-resisted|p2a: Politoed
|-damage|p2a: Politoed|62/100
|
|-weather|RainDance|[upkeep]
|-heal|p2a: Politoed|69/100|[from] item: Leftovers
|upkeep
|turn|13
|inactive|chomp29 has 120 seconds left.
|
|t:|1743433843
|switch|p1a: Rotom|Rotom-Wash|100/100
|-damage|p1a: Rotom|88/100|[from] Stealth Rock
|move|p2a: Politoed|Scald|p1a: Rotom
|-resisted|p1a: Rotom
|-damage|p1a: Rotom|66/100
|
|-weather|RainDance|[upkeep]
|-heal|p1a: Rotom|72/100|[from] item: Leftovers
|-heal|p2a: Politoed|75/100|[from] item: Leftovers
|upkeep
|turn|14
|
|t:|1743433850
|move|p2a: Politoed|Protect|p2a: Politoed
|-singleturn|p2a: Politoed|Protect
|move|p1a: Rotom|Will-O-Wisp|p2a: Politoed
|-activate|p2a: Politoed|move: Protect
|
|-weather|RainDance|[upkeep]
|-heal|p1a: Rotom|78/100|[from] item: Leftovers
|-heal|p2a: Politoed|81/100|[from] item: Leftovers
|upkeep
|turn|15
|
|t:|1743433854
|switch|p2a: Dragonite|Dragonite, M|62/100 brn
|-damage|p2a: Dragonite|37/100 brn|[from] Stealth Rock
|move|p1a: Rotom|Volt Switch|p2a: Dragonite
|-damage|p2a: Dragonite|12/100 brn
|inactive|chomp29 has 120 seconds left.
|inactive|chomp29 has 90 seconds left.
|
|t:|1743433903
|switch|p1a: Landorus|Landorus-Therian, M|83/100|[from] Volt Switch
|-damage|p1a: Landorus|70/100|[from] Stealth Rock
|-ability|p1a: Landorus|Intimidate|boost
|-unboost|p2a: Dragonite|atk|1
|
|-weather|RainDance|[upkeep]
|-damage|p2a: Dragonite|0 fnt|[from] brn
|faint|p2a: Dragonite
|upkeep
|
|t:|1743433912
|switch|p2a: Keldeo|Keldeo|100/100
|-damage|p2a: Keldeo|94/100|[from] Stealth Rock
|turn|16
|inactive|chomp29 has 90 seconds left.
|
|t:|1743433930
|switch|p1a: Skarmory|Skarmory, M|88/100
|-damage|p1a: Skarmory|76/100|[from] Stealth Rock
|move|p2a: Keldeo|Surf|p1a: Skarmory
|-damage|p1a: Skarmory|11/100
|
|-weather|RainDance|[upkeep]
|upkeep
|turn|17
|
|t:|1743433932
|move|p2a: Keldeo|Surf|p1a: Skarmory
|-damage|p1a: Skarmory|0 fnt
|faint|p1a: Skarmory
|
|-weather|RainDance|[upkeep]
|upkeep
|
|t:|1743433937
|switch|p1a: Alakazam|Alakazam, F|100/100
|turn|18
|
|t:|1743433943
|switch|p2a: Ferrothorn|Ferrothorn, F|84/100
|-damage|p2a: Ferrothorn|78/100|[from] Stealth Rock
|move|p1a: Alakazam|Focus Blast|p2a: Ferrothorn
|-supereffective|p2a: Ferrothorn
|-damage|p2a: Ferrothorn|0 fnt
|faint|p2a: Ferrothorn
|
|-weather|RainDance|[upkeep]
|upkeep
|
|t:|1743433948
|switch|p2a: Politoed|Politoed, M|81/100
|-damage|p2a: Politoed|69/100|[from] Stealth Rock
|turn|19
|inactive|chomp29 has 120 seconds left.
|
|t:|1743433976
|switch|p1a: Rotom|Rotom-Wash|78/100
|-damage|p1a: Rotom|66/100|[from] Stealth Rock
|move|p2a: Politoed|Scald|p1a: Rotom
|-resisted|p1a: Rotom
|-damage|p1a: Rotom|44/100
|
|-weather|RainDance|[upkeep]
|-heal|p1a: Rotom|50/100|[from] item: Leftovers
|-heal|p2a: Politoed|75/100|[from] item: Leftovers
|upkeep
|turn|20
|
|t:|1743433988
|move|p1a: Rotom|Hydro Pump|p2a: Politoed
|-resisted|p2a: Politoed
|-damage|p2a: Politoed|45/100
|move|p2a: Politoed|Scald|p1a: Rotom
|-resisted|p1a: Rotom
|-damage|p1a: Rotom|29/100
|
|-weather|RainDance|[upkeep]
|-heal|p1a: Rotom|36/100|[from] item: Leftovers
|-heal|p2a: Politoed|52/100|[from] item: Leftovers
|upkeep
|turn|21
|
|t:|1743434014
|move|p1a: Rotom|Hydro Pump|p2a: Politoed
|-resisted|p2a: Politoed
|-damage|p2a: Politoed|22/100
|move|p2a: Politoed|Scald|p1a: Rotom
|-resisted|p1a: Rotom
|-damage|p1a: Rotom|16/100
|-status|p1a: Rotom|brn
|
|-weather|RainDance|[upkeep]
|-heal|p1a: Rotom|22/100 brn|[from] item: Leftovers
|-heal|p2a: Politoed|28/100|[from] item: Leftovers
|-damage|p1a: Rotom|9/100 brn|[from] brn
|upkeep
|turn|22
|inactive|chomp29 has 90 seconds left.
|
|t:|1743434030
|move|p2a: Politoed|Protect|p2a: Politoed
|-singleturn|p2a: Politoed|Protect
|move|p1a: Rotom|Hydro Pump|p2a: Politoed
|-activate|p2a: Politoed|move: Protect
|
|-weather|RainDance|[upkeep]
|-heal|p1a: Rotom|16/100 brn|[from] item: Leftovers
|-heal|p2a: Politoed|34/100|[from] item: Leftovers
|-damage|p1a: Rotom|3/100 brn|[from] brn
|upkeep
|turn|23
|inactive|chomp29 has 90 seconds left.
|
|t:|1743434049
|switch|p1a: Swampert|Swampert, F|49/100
|-damage|p1a: Swampert|43/100|[from] Stealth Rock
|-damage|p1a: Swampert|26/100|[from] Spikes
|move|p2a: Politoed|Protect||[still]
|-fail|p2a: Politoed
|
|-weather|RainDance|[upkeep]
|-heal|p2a: Politoed|41/100|[from] item: Leftovers
|-heal|p1a: Swampert|33/100|[from] item: Leftovers
|upkeep
|turn|24
|inactive|chomp29 has 90 seconds left.
|
|t:|1743434057
|move|p2a: Politoed|Scald|p1a: Swampert
|-damage|p1a: Swampert|0 fnt
|faint|p1a: Swampert
|
|-weather|RainDance|[upkeep]
|-heal|p2a: Politoed|47/100|[from] item: Leftovers
|upkeep
|
|t:|1743434062
|switch|p1a: Heatran|Heatran, F|97/100
|-damage|p1a: Heatran|84/100|[from] Stealth Rock
|-damage|p1a: Heatran|68/100|[from] Spikes
|turn|25
|
|t:|1743434067
|move|p2a: Politoed|Protect|p2a: Politoed
|-singleturn|p2a: Politoed|Protect
|move|p1a: Heatran|Hidden Power|p2a: Politoed
|-activate|p2a: Politoed|move: Protect
|
|-weather|RainDance|[upkeep]
|-heal|p2a: Politoed|53/100|[from] item: Leftovers
|upkeep
|turn|26
|
|t:|1743434070
|switch|p2a: Tentacruel|Tentacruel, M|100/100
|-damage|p2a: Tentacruel|88/100|[from] Stealth Rock
|move|p1a: Heatran|Earth Power|p2a: Tentacruel
|-supereffective|p2a: Tentacruel
|-damage|p2a: Tentacruel|38/100
|
|-weather|RainDance|[upkeep]
|-heal|p2a: Tentacruel|44/100|[from] ability: Rain Dish
|-heal|p2a: Tentacruel|50/100|[from] item: Black Sludge
|upkeep
|turn|27
|
|t:|1743434077
|switch|p1a: Rotom|Rotom-Wash|3/100 brn
|-damage|p1a: Rotom|0 fnt|[from] Stealth Rock
|faint|p1a: Rotom
|move|p2a: Tentacruel|Scald|p1: Rotom|[notarget]
|-fail|p2a: Tentacruel
|
|-weather|RainDance|[upkeep]
|-heal|p2a: Tentacruel|56/100|[from] ability: Rain Dish
|-heal|p2a: Tentacruel|62/100|[from] item: Black Sludge
|upkeep
|
|t:|1743434082
|switch|p1a: Alakazam|Alakazam, F|100/100
|turn|28
|
|t:|1743434084
|move|p2a: Tentacruel|Protect|p2a: Tentacruel
|-singleturn|p2a: Tentacruel|Protect
|move|p1a: Alakazam|Psychic|p2a: Tentacruel
|-activate|p2a: Tentacruel|move: Protect
|
|-weather|RainDance|[upkeep]
|-heal|p2a: Tentacruel|68/100|[from] ability: Rain Dish
|-heal|p2a: Tentacruel|74/100|[from] item: Black Sludge
|upkeep
|turn|29
|
|t:|1743434088
|move|p1a: Alakazam|Psychic|p2a: Tentacruel
|-supereffective|p2a: Tentacruel
|-damage|p2a: Tentacruel|0 fnt
|faint|p2a: Tentacruel
|
|-weather|RainDance|[upkeep]
|upkeep
|
|t:|1743434094
|switch|p2a: Politoed|Politoed, M|53/100
|-damage|p2a: Politoed|41/100|[from] Stealth Rock
|turn|30
|inactive|chomp29 has 120 seconds left.
|inactive|chomp29 has 90 seconds left.
|
|t:|1743434168
|switch|p1a: Landorus|Landorus-Therian, M|70/100
|-damage|p1a: Landorus|58/100|[from] Stealth Rock
|-ability|p1a: Landorus|Intimidate|boost
|-unboost|p2a: Politoed|atk|1
|move|p2a: Politoed|Scald|p1a: Landorus
|-supereffective|p1a: Landorus
|-damage|p1a: Landorus|0 fnt
|faint|p1a: Landorus
|
|-weather|RainDance|[upkeep]
|-heal|p2a: Politoed|47/100|[from] item: Leftovers
|upkeep
|
|t:|1743434170
|switch|p1a: Heatran|Heatran, F|68/100
|-damage|p1a: Heatran|56/100|[from] Stealth Rock
|-damage|p1a: Heatran|39/100|[from] Spikes
|turn|31
|inactive|chomp29 has 90 seconds left.
|
|t:|1743434175
|move|p2a: Politoed|Protect|p2a: Politoed
|-singleturn|p2a: Politoed|Protect
|move|p1a: Heatran|Hidden Power|p2a: Politoed
|-activate|p2a: Politoed|move: Protect
|
|-weather|RainDance|[upkeep]
|-heal|p2a: Politoed|53/100|[from] item: Leftovers
|upkeep
|turn|32
|inactive|chomp29 has 90 seconds left.
|
|t:|1743434195
|switch|p2a: Thundurus|Thundurus-Therian, M|63/100
|-damage|p2a: Thundurus|38/100|[from] Stealth Rock
|move|p1a: Heatran|Hidden Power|p2a: Thundurus
|-resisted|p2a: Thundurus
|-damage|p2a: Thundurus|21/100
|
|-weather|RainDance|[upkeep]
|-heal|p2a: Thundurus|27/100|[from] item: Leftovers
|upkeep
|turn|33
|
|t:|1743434201
|move|p2a: Thundurus|Thunder|p1a: Heatran
|-damage|p1a: Heatran|0 fnt
|faint|p1a: Heatran
|
|-weather|RainDance|[upkeep]
|-heal|p2a: Thundurus|33/100|[from] item: Leftovers
|upkeep
|
|t:|1743434202
|switch|p1a: Alakazam|Alakazam, F|100/100
|turn|34
|
|t:|1743434204
|move|p1a: Alakazam|Psychic|p2a: Thundurus
|-damage|p2a: Thundurus|0 fnt
|faint|p2a: Thundurus
|
|-weather|RainDance|[upkeep]
|upkeep
|
|t:|1743434206
|switch|p2a: Politoed|Politoed, M|53/100
|-damage|p2a: Politoed|41/100|[from] Stealth Rock
|turn|35
|
|t:|1743434209
|move|p2a: Politoed|Protect|p2a: Politoed
|-singleturn|p2a: Politoed|Protect
|move|p1a: Alakazam|Psychic|p2a: Politoed
|-activate|p2a: Politoed|move: Protect
|
|-weather|RainDance|[upkeep]
|-heal|p2a: Politoed|47/100|[from] item: Leftovers
|upkeep
|turn|36
|
|t:|1743434214
|move|p1a: Alakazam|Psychic|p2a: Politoed
|-damage|p2a: Politoed|2/100
|move|p2a: Politoed|Scald|p1a: Alakazam
|-damage|p1a: Alakazam|43/100
|
|-weather|RainDance|[upkeep]
|-heal|p2a: Politoed|8/100|[from] item: Leftovers
|upkeep
|turn|37
|-message|chomp29 forfeited.
|
|win|leoperi99
|raw|chomp29's rating: 1389 &rarr; <strong>1377</strong><br />(-12 for losing)
|raw|leoperi99's rating: 1541 &rarr; <strong>1553</strong><br />(+12 for winning)
|c|☆leoperi99|gg
|l|☆chomp29
|player|p1|
