|uhtml|medal-msg|<div class="broadcast-blue">Curious what those medals under the avatar are? PS now has Ladder Seasons! For more information, check out the <a href="https://www.smogon.com/forums/threads/3740067/">thread on Smogon.</a></div>
|uhtml|medal-msg|<div class="broadcast-blue">Curious what those medals under the avatar are? PS now has Ladder Seasons! For more information, check out the <a href="https://www.smogon.com/forums/threads/3740067/">thread on Smogon.</a></div>
|j|☆Nice Mice
|j|☆thbigstuff27
|t:|1712121508
|gametype|singles
|player|p1|Nice Mice|colress|1339
|player|p2|thbigstuff27|clair|1459
|teamsize|p1|6
|teamsize|p2|6
|gen|5
|tier|[Gen 5] OU
|rated|
|rule|Species Clause: Limit one of each Pokémon
|rule|OHKO Clause: OHKO moves are banned
|rule|Moody Clause: Moody is banned
|rule|Evasion Items Clause: Evasion items are banned
|rule|Evasion Moves Clause: Evasion moves are banned
|rule|Endless Battle Clause: Forcing endless battles is banned
|rule|HP Percentage Mod: HP is shown in percentages
|rule|Evasion Abilities Clause: Evasion abilities are banned
|rule|Sleep Moves Clause: Sleep-inducing moves are banned
|rule|Swagger Clause: Swagger is banned
|rule|Baton Pass Stat Clause: No Baton Passer may have a way to boost its stats
|clearpoke
|poke|p1|Tyranitar, M|item
|poke|p1|Landorus-Therian, M|item
|poke|p1|Ferrothorn, F|item
|poke|p1|Jellicent, M|item
|poke|p1|Alakazam, F|item
|poke|p1|Reuniclus, M|item
|poke|p2|Jirachi|item
|poke|p2|Politoed, M|item
|poke|p2|Landorus-Therian, M|item
|poke|p2|Starmie|item
|poke|p2|Dragonite, M|item
|poke|p2|Mew|item
|teampreview
|
|t:|1712121546
|start
|switch|p1a: Comrade Lando|Landorus-Therian, M|100/100
|switch|p2a: Mew|Mew|100/100
|-ability|p1a: Comrade Lando|Intimidate|boost
|-unboost|p2a: Mew|atk|1
|turn|1
|
|t:|1712121555
|switch|p2a: Landorus|Landorus-Therian, M|100/100
|-ability|p2a: Landorus|Intimidate|boost
|-unboost|p1a: Comrade Lando|atk|1
|move|p1a: Comrade Lando|U-turn|p2a: Landorus
|-resisted|p2a: Landorus
|-crit|p2a: Landorus
|-damage|p2a: Landorus|72/100
|
|t:|1712121565
|switch|p1a: Joseph Stallin'|Ferrothorn, F|100/100|[from] U-turn
|
|upkeep
|turn|2
|
|t:|1712121569
|move|p2a: Landorus|Stealth Rock|p1a: Joseph Stallin'
|-sidestart|p1: Nice Mice|move: Stealth Rock
|move|p1a: Joseph Stallin'|Gyro Ball|p2a: Landorus
|-damage|p2a: Landorus|19/100
|
|upkeep
|turn|3
|
|t:|1712121577
|switch|p2a: Mew|Mew|100/100
|move|p1a: Joseph Stallin'|Protect||[still]
|-fail|p1a: Joseph Stallin'
|
|upkeep
|turn|4
|inactive|Battle timer is ON: inactive players will automatically lose when time's up. (requested by thbigstuff27)
|
|t:|1712121618
|move|p2a: Mew|U-turn|p1a: Joseph Stallin'
|-crit|p1a: Joseph Stallin'
|-damage|p1a: Joseph Stallin'|65/100
|-damage|p2a: Mew|88/100|[from] ability: Iron Barbs|[of] p1a: Joseph Stallin'
|
|t:|1712121641
|switch|p2a: Jirachi|Jirachi|100/100|[from] U-turn
|move|p1a: Joseph Stallin'|Leech Seed|p2a: Jirachi
|-start|p2a: Jirachi|move: Leech Seed
|
|-heal|p1a: Joseph Stallin'|71/100|[from] item: Leftovers
|-damage|p2a: Jirachi|88/100|[from] Leech Seed|[of] p1a: Joseph Stallin'
|-heal|p1a: Joseph Stallin'|85/100|[silent]
|upkeep
|turn|5
|inactive|Nice Mice has 120 seconds left.
|
|t:|1712121672
|move|p2a: Jirachi|Thunder|p1a: Joseph Stallin'
|-resisted|p1a: Joseph Stallin'
|-damage|p1a: Joseph Stallin'|73/100
|move|p1a: Joseph Stallin'|Spikes|p2a: Jirachi
|-sidestart|p2: thbigstuff27|Spikes
|
|-heal|p2a: Jirachi|94/100|[from] item: Leftovers
|-heal|p1a: Joseph Stallin'|79/100|[from] item: Leftovers
|-damage|p2a: Jirachi|82/100|[from] Leech Seed|[of] p1a: Joseph Stallin'
|-heal|p1a: Joseph Stallin'|93/100|[silent]
|upkeep
|turn|6
|
|t:|1712121681
|switch|p2a: Landorus|Landorus-Therian, M|19/100
|-ability|p2a: Landorus|Intimidate|boost
|-unboost|p1a: Joseph Stallin'|atk|1
|move|p1a: Joseph Stallin'|Spikes|p2a: Landorus
|-sidestart|p2: thbigstuff27|Spikes
|
|-heal|p1a: Joseph Stallin'|99/100|[from] item: Leftovers
|upkeep
|turn|7
|
|t:|1712121689
|switch|p2a: Mew|Mew|88/100
|-damage|p2a: Mew|72/100|[from] Spikes
|move|p1a: Joseph Stallin'|Protect||[still]
|-fail|p1a: Joseph Stallin'
|
|-heal|p1a: Joseph Stallin'|100/100|[from] item: Leftovers
|upkeep
|turn|8
|
|t:|1712121692
|move|p2a: Mew|Trick|p1a: Joseph Stallin'
|-activate|p2a: Mew|move: Trick|[of] p1a: Joseph Stallin'
|-item|p1a: Joseph Stallin'|Choice Band|[from] move: Trick
|-item|p2a: Mew|Leftovers|[from] move: Trick
|move|p1a: Joseph Stallin'|Gyro Ball|p2a: Mew
|-damage|p2a: Mew|27/100
|
|-heal|p2a: Mew|33/100|[from] item: Leftovers
|upkeep
|turn|9
|
|t:|1712121703
|switch|p2a: Landorus|Landorus-Therian, M|19/100
|-ability|p2a: Landorus|Intimidate|boost
|-unboost|p1a: Joseph Stallin'|atk|1
|move|p1a: Joseph Stallin'|Gyro Ball|p2a: Landorus
|-damage|p2a: Landorus|0 fnt
|faint|p2a: Landorus
|
|upkeep
|
|t:|1712121706
|switch|p2a: Jirachi|Jirachi|82/100
|-damage|p2a: Jirachi|65/100|[from] Spikes
|turn|10
|
|t:|1712121721
|move|p2a: Jirachi|Substitute|p2a: Jirachi
|-start|p2a: Jirachi|Substitute
|-damage|p2a: Jirachi|40/100
|move|p1a: Joseph Stallin'|Gyro Ball|p2a: Jirachi
|-resisted|p2a: Jirachi
|-activate|p2a: Jirachi|Substitute|[damage]
|
|-heal|p2a: Jirachi|46/100|[from] item: Leftovers
|upkeep
|turn|11
|
|t:|1712121727
|move|p2a: Jirachi|Calm Mind|p2a: Jirachi
|-boost|p2a: Jirachi|spa|1
|-boost|p2a: Jirachi|spd|1
|move|p1a: Joseph Stallin'|Gyro Ball|p2a: Jirachi
|-resisted|p2a: Jirachi
|-end|p2a: Jirachi|Substitute
|
|-heal|p2a: Jirachi|52/100|[from] item: Leftovers
|upkeep
|turn|12
|
|t:|1712121731
|switch|p1a: Comrade Lando|Landorus-Therian, M|100/100
|-damage|p1a: Comrade Lando|88/100|[from] Stealth Rock
|-ability|p1a: Comrade Lando|Intimidate|boost
|-unboost|p2a: Jirachi|atk|1
|move|p2a: Jirachi|Substitute|p2a: Jirachi
|-start|p2a: Jirachi|Substitute
|-damage|p2a: Jirachi|27/100
|
|-heal|p2a: Jirachi|33/100|[from] item: Leftovers
|upkeep
|turn|13
|
|t:|1712121734
|move|p1a: Comrade Lando|U-turn|p2a: Jirachi
|-activate|p2a: Jirachi|Substitute|[damage]
|
|t:|1712121738
|switch|p1a: Comrade Tyranitar|Tyranitar, M|100/100|[from] U-turn
|-damage|p1a: Comrade Tyranitar|88/100|[from] Stealth Rock
|-weather|Sandstorm|[from] ability: Sand Stream|[of] p1a: Comrade Tyranitar
|move|p2a: Jirachi|Water Pulse|p1a: Comrade Tyranitar
|-supereffective|p1a: Comrade Tyranitar
|-damage|p1a: Comrade Tyranitar|63/100
|
|-weather|Sandstorm|[upkeep]
|-heal|p2a: Jirachi|40/100|[from] item: Leftovers
|upkeep
|turn|14
|
|t:|1712121746
|move|p2a: Jirachi|Thunder|p1a: Comrade Tyranitar
|-damage|p1a: Comrade Tyranitar|37/100
|move|p1a: Comrade Tyranitar|Crunch|p2a: Jirachi
|-end|p2a: Jirachi|Substitute
|
|-weather|Sandstorm|[upkeep]
|-heal|p2a: Jirachi|46/100|[from] item: Leftovers
|upkeep
|turn|15
|
|t:|1712121756
|move|p2a: Jirachi|Water Pulse|p1a: Comrade Tyranitar
|-supereffective|p1a: Comrade Tyranitar
|-damage|p1a: Comrade Tyranitar|11/100
|-start|p1a: Comrade Tyranitar|confusion
|-activate|p1a: Comrade Tyranitar|confusion
|move|p1a: Comrade Tyranitar|Crunch|p2a: Jirachi
|-crit|p2a: Jirachi
|-damage|p2a: Jirachi|0 fnt
|faint|p2a: Jirachi
|
|-weather|Sandstorm|[upkeep]
|upkeep
|c|☆thbigstuff27|kill me
|
|t:|1712121775
|switch|p2a: Dragonite|Dragonite, M|100/100
|turn|16
|
|t:|1712121779
|move|p2a: Dragonite|Dragon Dance|p2a: Dragonite
|-boost|p2a: Dragonite|atk|1
|-boost|p2a: Dragonite|spe|1
|-end|p1a: Comrade Tyranitar|confusion
|move|p1a: Comrade Tyranitar|Rock Slide|p2a: Dragonite
|-supereffective|p2a: Dragonite
|-damage|p2a: Dragonite|62/100
|
|-weather|Sandstorm|[upkeep]
|-damage|p2a: Dragonite|56/100|[from] Sandstorm
|upkeep
|turn|17
|
|t:|1712121785
|move|p2a: Dragonite|Extreme Speed|p1a: Comrade Tyranitar
|-resisted|p1a: Comrade Tyranitar
|-damage|p1a: Comrade Tyranitar|0 fnt
|faint|p1a: Comrade Tyranitar
|
|-weather|Sandstorm|[upkeep]
|-damage|p2a: Dragonite|50/100|[from] Sandstorm
|upkeep
|
|t:|1712121793
|switch|p1a: Comrade Lando|Landorus-Therian, M|88/100
|-damage|p1a: Comrade Lando|76/100|[from] Stealth Rock
|-ability|p1a: Comrade Lando|Intimidate|boost
|-unboost|p2a: Dragonite|atk|1
|turn|18
|
|t:|1712121795
|move|p1a: Comrade Lando|Hidden Power|p2a: Dragonite
|-supereffective|p2a: Dragonite
|-damage|p2a: Dragonite|0 fnt
|faint|p2a: Dragonite
|
|-weather|Sandstorm|[upkeep]
|upkeep
|
|t:|1712121801
|switch|p2a: Politoed|Politoed, M|100/100
|-damage|p2a: Politoed|84/100|[from] Spikes
|-weather|RainDance|[from] ability: Drizzle|[of] p2a: Politoed
|turn|19
|
|t:|1712121805
|switch|p1a: Comrade Jellicent|Jellicent, M|100/100
|-damage|p1a: Comrade Jellicent|88/100|[from] Stealth Rock
|move|p2a: Politoed|Scald|p1a: Comrade Jellicent
|-heal|p1a: Comrade Jellicent|100/100|[from] ability: Water Absorb|[of] p2a: Politoed
|
|-weather|RainDance|[upkeep]
|-heal|p2a: Politoed|90/100|[from] item: Leftovers
|upkeep
|turn|20
|
|t:|1712121808
|move|p1a: Comrade Jellicent|Taunt|p2a: Politoed
|-start|p2a: Politoed|move: Taunt
|cant|p2a: Politoed|move: Taunt|Toxic
|
|-weather|RainDance|[upkeep]
|-heal|p2a: Politoed|96/100|[from] item: Leftovers
|upkeep
|turn|21
|
|t:|1712121811
|switch|p2a: Mew|Mew|33/100
|-damage|p2a: Mew|16/100|[from] Spikes
|move|p1a: Comrade Jellicent|Will-O-Wisp|p2a: Mew
|-status|p2a: Mew|brn
|-activate|p2a: Mew|ability: Synchronize
|-status|p1a: Comrade Jellicent|brn
|
|-weather|RainDance|[upkeep]
|-heal|p2a: Mew|22/100 brn|[from] item: Leftovers
|-damage|p2a: Mew|10/100 brn|[from] brn
|-damage|p1a: Comrade Jellicent|88/100 brn|[from] brn
|upkeep
|turn|22
|
|t:|1712121816
|move|p2a: Mew|Heal Bell|p2a: Mew
|-activate|p2a: Mew|move: Heal Bell
|-curestatus|p2a: Mew|brn|[msg]
|move|p1a: Comrade Jellicent|Recover|p1a: Comrade Jellicent
|-heal|p1a: Comrade Jellicent|100/100 brn
|
|-weather|RainDance|[upkeep]
|-heal|p2a: Mew|16/100|[from] item: Leftovers
|-damage|p1a: Comrade Jellicent|88/100 brn|[from] brn
|upkeep
|turn|23
|
|t:|1712121820
|move|p2a: Mew|Trick|p1a: Comrade Jellicent
|-activate|p2a: Mew|move: Trick|[of] p1a: Comrade Jellicent
|-item|p1a: Comrade Jellicent|Leftovers|[from] move: Trick
|-item|p2a: Mew|Leftovers|[from] move: Trick
|move|p1a: Comrade Jellicent|Scald|p2a: Mew
|-damage|p2a: Mew|0 fnt
|faint|p2a: Mew
|
|-weather|RainDance|[upkeep]
|-heal|p1a: Comrade Jellicent|94/100 brn|[from] item: Leftovers
|-damage|p1a: Comrade Jellicent|82/100 brn|[from] brn
|upkeep
|
|t:|1712121825
|switch|p2a: Starmie|Starmie|100/100
|-damage|p2a: Starmie|84/100|[from] Spikes
|turn|24
|
|t:|1712121833
|move|p2a: Starmie|Thunder|p1a: Comrade Jellicent
|-supereffective|p1a: Comrade Jellicent
|-damage|p1a: Comrade Jellicent|36/100 brn
|move|p1a: Comrade Jellicent|Will-O-Wisp|p2a: Starmie
|-status|p2a: Starmie|brn
|
|-weather|RainDance|[upkeep]
|-heal|p2a: Starmie|90/100 brn|[from] item: Leftovers
|-heal|p1a: Comrade Jellicent|43/100 brn|[from] item: Leftovers
|-damage|p2a: Starmie|78/100 brn|[from] brn
|-damage|p1a: Comrade Jellicent|30/100 brn|[from] brn
|upkeep
|turn|25
|
|t:|1712121842
|move|p2a: Starmie|Ice Beam|p1a: Comrade Jellicent
|-resisted|p1a: Comrade Jellicent
|-damage|p1a: Comrade Jellicent|21/100 brn
|move|p1a: Comrade Jellicent|Recover|p1a: Comrade Jellicent
|-heal|p1a: Comrade Jellicent|71/100 brn
|
|-weather|RainDance|[upkeep]
|-heal|p2a: Starmie|84/100 brn|[from] item: Leftovers
|-heal|p1a: Comrade Jellicent|77/100 brn|[from] item: Leftovers
|-damage|p2a: Starmie|72/100 brn|[from] brn
|-damage|p1a: Comrade Jellicent|65/100 brn|[from] brn
|upkeep
|turn|26
|
|t:|1712121846
|move|p2a: Starmie|Thunder|p1a: Comrade Jellicent
|-supereffective|p1a: Comrade Jellicent
|-damage|p1a: Comrade Jellicent|15/100 brn
|move|p1a: Comrade Jellicent|Recover|p1a: Comrade Jellicent
|-heal|p1a: Comrade Jellicent|65/100 brn
|
|-weather|RainDance|[upkeep]
|-heal|p2a: Starmie|78/100 brn|[from] item: Leftovers
|-heal|p1a: Comrade Jellicent|71/100 brn|[from] item: Leftovers
|-damage|p2a: Starmie|66/100 brn|[from] brn
|-damage|p1a: Comrade Jellicent|59/100 brn|[from] brn
|upkeep
|turn|27
|
|t:|1712121850
|move|p2a: Starmie|Thunder|p1a: Comrade Jellicent
|-supereffective|p1a: Comrade Jellicent
|-damage|p1a: Comrade Jellicent|5/100 brn
|move|p1a: Comrade Jellicent|Recover|p1a: Comrade Jellicent
|-heal|p1a: Comrade Jellicent|55/100 brn
|
|-weather|RainDance|[upkeep]
|-heal|p2a: Starmie|72/100 brn|[from] item: Leftovers
|-heal|p1a: Comrade Jellicent|61/100 brn|[from] item: Leftovers
|-damage|p2a: Starmie|60/100 brn|[from] brn
|-damage|p1a: Comrade Jellicent|49/100 brn|[from] brn
|upkeep
|turn|28
|
|t:|1712121856
|move|p2a: Starmie|Thunder|p1a: Comrade Jellicent
|-supereffective|p1a: Comrade Jellicent
|-damage|p1a: Comrade Jellicent|0 fnt
|faint|p1a: Comrade Jellicent
|
|-weather|RainDance|[upkeep]
|-heal|p2a: Starmie|66/100 brn|[from] item: Leftovers
|-damage|p2a: Starmie|53/100 brn|[from] brn
|upkeep
|
|t:|1712121865
|switch|p1a: Comrade Lando|Landorus-Therian, M|76/100
|-damage|p1a: Comrade Lando|64/100|[from] Stealth Rock
|-ability|p1a: Comrade Lando|Intimidate|boost
|-unboost|p2a: Starmie|atk|1
|turn|29
|
|t:|1712121868
|-curestatus|p2a: Starmie|brn|[from] ability: Natural Cure
|switch|p2a: Politoed|Politoed, M|96/100
|-damage|p2a: Politoed|80/100|[from] Spikes
|move|p1a: Comrade Lando|U-turn|p2a: Politoed
|-damage|p2a: Politoed|60/100
|
|t:|1712121878
|switch|p1a: Comrade Alakazam|Alakazam, F, shiny|100/100|[from] U-turn
|
|-weather|RainDance|[upkeep]
|-heal|p2a: Politoed|67/100|[from] item: Leftovers
|upkeep
|turn|30
|
|t:|1712121880
|switch|p1a: Joseph Stallin'|Ferrothorn, F|100/100
|-damage|p1a: Joseph Stallin'|94/100|[from] Stealth Rock
|move|p2a: Politoed|Protect||[still]
|-fail|p2a: Politoed
|
|-weather|RainDance|[upkeep]
|-heal|p2a: Politoed|73/100|[from] item: Leftovers
|upkeep
|turn|31
|
|t:|1712121884
|move|p2a: Politoed|Protect|p2a: Politoed
|-singleturn|p2a: Politoed|Protect
|move|p1a: Joseph Stallin'|Gyro Ball|p2a: Politoed
|-activate|p2a: Politoed|move: Protect
|
|-weather|RainDance|[upkeep]
|-heal|p2a: Politoed|79/100|[from] item: Leftovers
|upkeep
|turn|32
|
|t:|1712121886
|move|p2a: Politoed|Scald|p1a: Joseph Stallin'
|-resisted|p1a: Joseph Stallin'
|-damage|p1a: Joseph Stallin'|80/100
|move|p1a: Joseph Stallin'|Gyro Ball|p2a: Politoed
|-resisted|p2a: Politoed
|-damage|p2a: Politoed|56/100
|
|-weather|RainDance|[upkeep]
|-heal|p2a: Politoed|63/100|[from] item: Leftovers
|upkeep
|turn|33
|
|t:|1712121890
|move|p2a: Politoed|Scald|p1a: Joseph Stallin'
|-resisted|p1a: Joseph Stallin'
|-damage|p1a: Joseph Stallin'|67/100
|move|p1a: Joseph Stallin'|Gyro Ball|p2a: Politoed
|-resisted|p2a: Politoed
|-damage|p2a: Politoed|41/100
|
|-weather|RainDance|[upkeep]
|-heal|p2a: Politoed|48/100|[from] item: Leftovers
|upkeep
|turn|34
|
|t:|1712121892
|move|p2a: Politoed|Scald|p1a: Joseph Stallin'
|-resisted|p1a: Joseph Stallin'
|-damage|p1a: Joseph Stallin'|54/100
|-activate|p1a: Joseph Stallin'|move: Struggle
|move|p1a: Joseph Stallin'|Struggle|p2a: Politoed
|-damage|p2a: Politoed|36/100
|-damage|p1a: Joseph Stallin'|29/100|[from] recoil
|
|-weather|RainDance|[upkeep]
|-heal|p2a: Politoed|42/100|[from] item: Leftovers
|upkeep
|turn|35
|
|t:|1712121894
|move|p2a: Politoed|Scald|p1a: Joseph Stallin'
|-resisted|p1a: Joseph Stallin'
|-damage|p1a: Joseph Stallin'|16/100
|-status|p1a: Joseph Stallin'|brn
|-activate|p1a: Joseph Stallin'|move: Struggle
|move|p1a: Joseph Stallin'|Struggle|p2a: Politoed
|-damage|p2a: Politoed|35/100
|-damage|p1a: Joseph Stallin'|0 fnt|[from] recoil
|faint|p1a: Joseph Stallin'
|
|-weather|RainDance|[upkeep]
|-heal|p2a: Politoed|42/100|[from] item: Leftovers
|upkeep
|
|t:|1712121899
|switch|p1a: Comrade Lando|Landorus-Therian, M|64/100
|-damage|p1a: Comrade Lando|52/100|[from] Stealth Rock
|-ability|p1a: Comrade Lando|Intimidate|boost
|-unboost|p2a: Politoed|atk|1
|turn|36
|
|t:|1712121902
|move|p2a: Politoed|Protect|p2a: Politoed
|-singleturn|p2a: Politoed|Protect
|move|p1a: Comrade Lando|Earthquake|p2a: Politoed
|-activate|p2a: Politoed|move: Protect
|
|-weather|RainDance|[upkeep]
|-heal|p2a: Politoed|48/100|[from] item: Leftovers
|upkeep
|turn|37
|
|t:|1712121906
|move|p2a: Politoed|Protect||[still]
|-fail|p2a: Politoed
|move|p1a: Comrade Lando|Earthquake|p2a: Politoed
|-damage|p2a: Politoed|3/100
|
|-weather|RainDance|[upkeep]
|-heal|p2a: Politoed|9/100|[from] item: Leftovers
|upkeep
|turn|38
|
|t:|1712121909
|move|p2a: Politoed|Protect|p2a: Politoed
|-singleturn|p2a: Politoed|Protect
|move|p1a: Comrade Lando|Earthquake|p2a: Politoed
|-activate|p2a: Politoed|move: Protect
|
|-weather|RainDance|[upkeep]
|-heal|p2a: Politoed|15/100|[from] item: Leftovers
|upkeep
|turn|39
|
|t:|1712121911
|move|p1a: Comrade Lando|Earthquake|p2a: Politoed
|-damage|p2a: Politoed|0 fnt
|faint|p2a: Politoed
|
|-weather|RainDance|[upkeep]
|upkeep
|
|t:|1712121913
|switch|p2a: Starmie|Starmie|53/100
|-damage|p2a: Starmie|37/100|[from] Spikes
|turn|40
|
|t:|1712121915
|move|p1a: Comrade Lando|Earthquake|p2a: Starmie
|-crit|p2a: Starmie
|-damage|p2a: Starmie|0 fnt
|faint|p2a: Starmie
|
|win|Nice Mice
|raw|Nice Mice's rating: 1339 &rarr; <strong>1366</strong><br />(+27 for winning)
|raw|thbigstuff27's rating: 1459 &rarr; <strong>1432</strong><br />(-27 for losing)
|c|☆Nice Mice|gg
|l|☆thbigstuff27
|player|p2|
