|j|☆XPlayer101 J
|j|☆randomdude4132
|t:|1717812174
|gametype|singles
|player|p1|XPlayer101 J|1|1300
|player|p2|randomdude4132|1|1583
|teamsize|p1|6
|teamsize|p2|6
|gen|5
|tier|[Gen 5] OU
|rated|
|rule|Species Clause: Limit one of each Pokémon
|rule|OHKO Clause: OHKO moves are banned
|rule|Moody Clause: Moody is banned
|rule|Evasion Items Clause: Evasion items are banned
|rule|Evasion Moves Clause: Evasion moves are banned
|rule|Endless Battle Clause: Forcing endless battles is banned
|rule|HP Percentage Mod: HP is shown in percentages
|rule|Evasion Abilities Clause: Evasion abilities are banned
|rule|Sleep Moves Clause: Sleep-inducing moves are banned
|rule|Swagger Clause: Swagger is banned
|rule|Baton Pass Stat Clause: No Baton Passer may have a way to boost its stats
|clearpoke
|poke|p1|Excadrill, M|item
|poke|p1|Abomasnow, M|item
|poke|p1|Reuniclus, F|item
|poke|p1|Blissey, F|item
|poke|p1|Latios, M|item
|poke|p1|Skarmory, M|item
|poke|p2|Alakazam, M|item
|poke|p2|Reuniclus, M|item
|poke|p2|Latios, M|item
|poke|p2|Tyranitar, F|item
|poke|p2|Landorus-Therian, M|item
|poke|p2|Ferrothorn, M|item
|teampreview
|inactive|Battle timer is ON: inactive players will automatically lose when time's up. (requested by XPlayer101 J)
|
|t:|1717812192
|start
|switch|p1a: Abomasnow|Abomasnow, M|100/100
|switch|p2a: Landorus|Landorus-Therian, M|100/100
|-ability|p2a: Landorus|Intimidate|boost
|-unboost|p1a: Abomasnow|atk|1
|-weather|Hail|[from] ability: Snow Warning|[of] p1a: Abomasnow
|turn|1
|
|t:|1717812203
|switch|p2a: Ferrothorn|Ferrothorn, M|100/100
|switch|p1a: Skarmory|Skarmory, M|100/100
|
|-weather|Hail|[upkeep]
|-damage|p1a: Skarmory|95/100|[from] Hail
|-damage|p2a: Ferrothorn|94/100|[from] Hail
|-heal|p2a: Ferrothorn|100/100|[from] item: Leftovers
|upkeep
|turn|2
|
|t:|1717812212
|move|p1a: Skarmory|Spikes|p2a: Ferrothorn
|-sidestart|p2: randomdude4132|Spikes
|move|p2a: Ferrothorn|Thunder Wave|p1a: Skarmory
|-status|p1a: Skarmory|par
|
|-weather|Hail|[upkeep]
|-damage|p2a: Ferrothorn|94/100|[from] Hail
|-damage|p1a: Skarmory|89/100 par|[from] Hail
|-heal|p2a: Ferrothorn|100/100|[from] item: Leftovers
|upkeep
|turn|3
|
|t:|1717812226
|move|p2a: Ferrothorn|Spikes|p1a: Skarmory
|-sidestart|p1: XPlayer101 J|Spikes
|cant|p1a: Skarmory|par
|
|-weather|Hail|[upkeep]
|-damage|p2a: Ferrothorn|94/100|[from] Hail
|-damage|p1a: Skarmory|83/100 par|[from] Hail
|-heal|p2a: Ferrothorn|100/100|[from] item: Leftovers
|upkeep
|turn|4
|
|t:|1717812234
|switch|p1a: Excadrill|Excadrill, M|100/100
|-damage|p1a: Excadrill|88/100|[from] Spikes
|-ability|p1a: Excadrill|Mold Breaker
|move|p2a: Ferrothorn|Spikes|p1a: Excadrill
|-sidestart|p1: XPlayer101 J|Spikes
|
|-weather|Hail|[upkeep]
|-damage|p1a: Excadrill|82/100|[from] Hail
|-damage|p2a: Ferrothorn|94/100|[from] Hail
|-heal|p1a: Excadrill|88/100|[from] item: Leftovers
|-heal|p2a: Ferrothorn|100/100|[from] item: Leftovers
|upkeep
|turn|5
|
|t:|1717812246
|move|p1a: Excadrill|Rapid Spin|p2a: Ferrothorn
|-resisted|p2a: Ferrothorn
|-damage|p2a: Ferrothorn|98/100
|-damage|p1a: Excadrill|76/100|[from] ability: Iron Barbs|[of] p2a: Ferrothorn
|-sideend|p1: XPlayer101 J|Spikes|[from] move: Rapid Spin|[of] p1a: Excadrill
|move|p2a: Ferrothorn|Leech Seed|p1a: Excadrill
|-start|p1a: Excadrill|move: Leech Seed
|
|-weather|Hail|[upkeep]
|-damage|p1a: Excadrill|69/100|[from] Hail
|-damage|p2a: Ferrothorn|91/100|[from] Hail
|-heal|p1a: Excadrill|76/100|[from] item: Leftovers
|-heal|p2a: Ferrothorn|98/100|[from] item: Leftovers
|-damage|p1a: Excadrill|63/100|[from] Leech Seed|[of] p2a: Ferrothorn
|-heal|p2a: Ferrothorn|100/100|[silent]
|upkeep
|turn|6
|
|t:|1717812268
|switch|p1a: Skarmory|Skarmory, M|83/100 par
|move|p2a: Ferrothorn|Power Whip|p1a: Skarmory
|-resisted|p1a: Skarmory
|-damage|p1a: Skarmory|77/100 par
|-damage|p2a: Ferrothorn|84/100|[from] item: Rocky Helmet|[of] p1a: Skarmory
|
|-weather|Hail|[upkeep]
|-damage|p2a: Ferrothorn|78/100|[from] Hail
|-damage|p1a: Skarmory|71/100 par|[from] Hail
|-heal|p2a: Ferrothorn|84/100|[from] item: Leftovers
|upkeep
|turn|7
|
|t:|1717812278
|move|p2a: Ferrothorn|Spikes|p1a: Skarmory
|-sidestart|p1: XPlayer101 J|Spikes
|move|p1a: Skarmory|Spikes|p2a: Ferrothorn
|-sidestart|p2: randomdude4132|Spikes
|
|-weather|Hail|[upkeep]
|-damage|p2a: Ferrothorn|78/100|[from] Hail
|-damage|p1a: Skarmory|65/100 par|[from] Hail
|-heal|p2a: Ferrothorn|84/100|[from] item: Leftovers
|upkeep
|turn|8
|
|t:|1717812285
|move|p2a: Ferrothorn|Spikes|p1a: Skarmory
|-sidestart|p1: XPlayer101 J|Spikes
|move|p1a: Skarmory|Spikes|p2a: Ferrothorn
|-sidestart|p2: randomdude4132|Spikes
|
|-weather|Hail|[upkeep]
|-damage|p2a: Ferrothorn|78/100|[from] Hail
|-damage|p1a: Skarmory|59/100 par|[from] Hail
|-heal|p2a: Ferrothorn|84/100|[from] item: Leftovers
|upkeep
|turn|9
|
|t:|1717812293
|move|p2a: Ferrothorn|Spikes|p1a: Skarmory
|-sidestart|p1: XPlayer101 J|Spikes
|move|p1a: Skarmory|Roar|p2a: Ferrothorn
|drag|p2a: Landorus|Landorus-Therian, M|100/100
|-ability|p2a: Landorus|Intimidate|boost
|-unboost|p1a: Skarmory|atk|1
|
|-weather|Hail|[upkeep]
|-damage|p2a: Landorus|94/100|[from] Hail
|-damage|p1a: Skarmory|53/100 par|[from] Hail
|-heal|p2a: Landorus|100/100|[from] item: Leftovers
|upkeep
|turn|10
|
|t:|1717812308
|switch|p2a: Ferrothorn|Ferrothorn, M|84/100
|-damage|p2a: Ferrothorn|59/100|[from] Spikes
|move|p1a: Skarmory|Roost|p1a: Skarmory
|-heal|p1a: Skarmory|100/100 par
|-singleturn|p1a: Skarmory|move: Roost
|
|-weather|Hail|[upkeep]
|-damage|p2a: Ferrothorn|53/100|[from] Hail
|-damage|p1a: Skarmory|95/100 par|[from] Hail
|-heal|p2a: Ferrothorn|59/100|[from] item: Leftovers
|upkeep
|turn|11
|
|t:|1717812320
|move|p2a: Ferrothorn|Leech Seed|p1a: Skarmory
|-start|p1a: Skarmory|move: Leech Seed
|move|p1a: Skarmory|Roar|p2a: Ferrothorn
|drag|p2a: Latios|Latios, M|100/100
|
|-weather|Hail|[upkeep]
|-damage|p2a: Latios|95/100|[from] Hail
|-damage|p1a: Skarmory|89/100 par|[from] Hail
|-damage|p1a: Skarmory|76/100 par|[from] Leech Seed|[of] p2a: Latios
|-heal|p2a: Latios|100/100|[silent]
|upkeep
|turn|12
|
|t:|1717812330
|switch|p1a: Blissey|Blissey, F|100/100
|-damage|p1a: Blissey|75/100|[from] Spikes
|move|p2a: Latios|Trick|p1a: Blissey
|-activate|p2a: Latios|move: Trick|[of] p1a: Blissey
|-item|p1a: Blissey|Choice Scarf|[from] move: Trick
|-item|p2a: Latios|Leftovers|[from] move: Trick
|
|-weather|Hail|[upkeep]
|-damage|p2a: Latios|95/100|[from] Hail
|-damage|p1a: Blissey|69/100|[from] Hail
|-heal|p2a: Latios|100/100|[from] item: Leftovers
|upkeep
|turn|13
|
|t:|1717812355
|switch|p2a: Landorus|Landorus-Therian, M|100/100
|-ability|p2a: Landorus|Intimidate|boost
|-unboost|p1a: Blissey|atk|1
|move|p1a: Blissey|Stealth Rock|p2a: Landorus
|-sidestart|p2: randomdude4132|move: Stealth Rock
|
|-weather|Hail|[upkeep]
|-damage|p2a: Landorus|94/100|[from] Hail
|-damage|p1a: Blissey|63/100|[from] Hail
|-heal|p2a: Landorus|100/100|[from] item: Leftovers
|upkeep
|turn|14
|
|t:|1717812366
|switch|p1a: Skarmory|Skarmory, M|76/100 par
|move|p2a: Landorus|U-turn|p1a: Skarmory
|-resisted|p1a: Skarmory
|-damage|p1a: Skarmory|73/100 par
|-damage|p2a: Landorus|84/100|[from] item: Rocky Helmet|[of] p1a: Skarmory
|
|t:|1717812379
|switch|p2a: Reuniclus|Reuniclus, M|100/100|[from] U-turn
|
|-weather|Hail|[upkeep]
|-damage|p1a: Skarmory|67/100 par|[from] Hail
|upkeep
|turn|15
|
|t:|1717812384
|move|p2a: Reuniclus|Thunder|p1a: Skarmory
|-supereffective|p1a: Skarmory
|-damage|p1a: Skarmory|0 fnt
|faint|p1a: Skarmory
|
|-weather|Hail|[upkeep]
|upkeep
|
|t:|1717812390
|switch|p1a: Excadrill|Excadrill, M|63/100
|-damage|p1a: Excadrill|38/100|[from] Spikes
|-ability|p1a: Excadrill|Mold Breaker
|turn|16
|j| nb41st
|l| nb41st
|
|t:|1717812418
|switch|p2a: Landorus|Landorus-Therian, M|84/100
|-damage|p2a: Landorus|71/100|[from] Stealth Rock
|-ability|p2a: Landorus|Intimidate|boost
|-unboost|p1a: Excadrill|atk|1
|move|p1a: Excadrill|Rapid Spin|p2a: Landorus
|-damage|p2a: Landorus|67/100
|-sideend|p1: XPlayer101 J|Spikes|[from] move: Rapid Spin|[of] p1a: Excadrill
|
|-weather|Hail|[upkeep]
|-damage|p2a: Landorus|61/100|[from] Hail
|-damage|p1a: Excadrill|32/100|[from] Hail
|-heal|p2a: Landorus|67/100|[from] item: Leftovers
|-heal|p1a: Excadrill|38/100|[from] item: Leftovers
|upkeep
|turn|17
|inactive|XPlayer101 J has 120 seconds left.
|
|t:|1717812455
|move|p2a: Landorus|Stealth Rock|p1a: Excadrill
|-sidestart|p1: XPlayer101 J|move: Stealth Rock
|move|p1a: Excadrill|Iron Head|p2a: Landorus
|-damage|p2a: Landorus|38/100
|
|-weather|Hail|[upkeep]
|-damage|p2a: Landorus|32/100|[from] Hail
|-damage|p1a: Excadrill|32/100|[from] Hail
|-heal|p2a: Landorus|38/100|[from] item: Leftovers
|-heal|p1a: Excadrill|38/100|[from] item: Leftovers
|upkeep
|turn|18
|inactive|XPlayer101 J has 120 seconds left.
|
|t:|1717812467
|move|p2a: Landorus|Earthquake|p1a: Excadrill
|-supereffective|p1a: Excadrill
|-damage|p1a: Excadrill|0 fnt
|faint|p1a: Excadrill
|
|-weather|Hail|[upkeep]
|-damage|p2a: Landorus|32/100|[from] Hail
|-heal|p2a: Landorus|38/100|[from] item: Leftovers
|upkeep
|
|t:|1717812474
|switch|p1a: Latios|Latios, M|100/100
|-damage|p1a: Latios|88/100|[from] Stealth Rock
|turn|19
|inactive|XPlayer101 J has 120 seconds left.
|
|t:|1717812490
|move|p1a: Latios|Surf|p2a: Landorus
|-supereffective|p2a: Landorus
|-damage|p2a: Landorus|0 fnt
|faint|p2a: Landorus
|
|-weather|Hail|[upkeep]
|-damage|p1a: Latios|82/100|[from] Hail
|upkeep
|inactive|randomdude4132 has 120 seconds left.
|j| nb41st
|
|t:|1717812515
|switch|p2a: Ferrothorn|Ferrothorn, M|59/100
|-damage|p2a: Ferrothorn|34/100|[from] Spikes
|-damage|p2a: Ferrothorn|28/100|[from] Stealth Rock
|turn|20
|l| nb41st
|
|t:|1717812525
|move|p1a: Latios|Hidden Power|p2a: Ferrothorn
|-supereffective|p2a: Ferrothorn
|-damage|p2a: Ferrothorn|0 fnt
|faint|p2a: Ferrothorn
|
|-weather|Hail|[upkeep]
|-damage|p1a: Latios|76/100|[from] Hail
|upkeep
|inactive|randomdude4132 has 120 seconds left.
|
|t:|1717812541
|switch|p2a: Tyranitar|Tyranitar, F|100/100
|-damage|p2a: Tyranitar|76/100|[from] Spikes
|-damage|p2a: Tyranitar|63/100|[from] Stealth Rock
|-weather|Sandstorm|[from] ability: Sand Stream|[of] p2a: Tyranitar
|turn|21
|inactive|randomdude4132 has 120 seconds left.
|
|t:|1717812560
|move|p1a: Latios|Surf|p2a: Tyranitar
|-supereffective|p2a: Tyranitar
|-damage|p2a: Tyranitar|34/100
|move|p2a: Tyranitar|Crunch|p1a: Latios
|-supereffective|p1a: Latios
|-enditem|p1a: Latios|Colbur Berry|[eat]
|-enditem|p1a: Latios|Colbur Berry|[weaken]
|-damage|p1a: Latios|22/100
|
|-weather|Sandstorm|[upkeep]
|-damage|p1a: Latios|16/100|[from] Sandstorm
|upkeep
|turn|22
|
|t:|1717812571
|move|p1a: Latios|Draco Meteor|p2a: Tyranitar
|-damage|p2a: Tyranitar|0 fnt
|-unboost|p1a: Latios|spa|2
|faint|p2a: Tyranitar
|
|-weather|Sandstorm|[upkeep]
|-damage|p1a: Latios|10/100|[from] Sandstorm
|upkeep
|
|t:|1717812581
|switch|p2a: Reuniclus|Reuniclus, M|100/100
|turn|23
|
|t:|1717812601
|switch|p1a: Blissey|Blissey, F|63/100
|-damage|p1a: Blissey|51/100|[from] Stealth Rock
|move|p2a: Reuniclus|Calm Mind|p2a: Reuniclus
|-boost|p2a: Reuniclus|spa|1
|-boost|p2a: Reuniclus|spd|1
|
|-weather|Sandstorm|[upkeep]
|-damage|p1a: Blissey|45/100|[from] Sandstorm
|upkeep
|turn|24
|
|t:|1717812610
|move|p1a: Blissey|Thunder Wave|p2a: Reuniclus
|-status|p2a: Reuniclus|par
|cant|p2a: Reuniclus|par
|
|-weather|Sandstorm|[upkeep]
|-damage|p1a: Blissey|39/100|[from] Sandstorm
|upkeep
|turn|25
|
|t:|1717812617
|switch|p1a: Reuniclus|Reuniclus, F, shiny|100/100
|cant|p2a: Reuniclus|par
|
|-weather|Sandstorm|[upkeep]
|upkeep
|turn|26
|
|t:|1717812623
|move|p1a: Reuniclus|Calm Mind|p1a: Reuniclus
|-boost|p1a: Reuniclus|spa|1
|-boost|p1a: Reuniclus|spd|1
|cant|p2a: Reuniclus|par
|
|-weather|Sandstorm|[upkeep]
|upkeep
|turn|27
|
|t:|1717812628
|move|p1a: Reuniclus|Calm Mind|p1a: Reuniclus
|-boost|p1a: Reuniclus|spa|1
|-boost|p1a: Reuniclus|spd|1
|move|p2a: Reuniclus|Calm Mind|p2a: Reuniclus
|-boost|p2a: Reuniclus|spa|1
|-boost|p2a: Reuniclus|spd|1
|
|-weather|Sandstorm|[upkeep]
|upkeep
|turn|28
|
|t:|1717812635
|move|p1a: Reuniclus|Calm Mind|p1a: Reuniclus
|-boost|p1a: Reuniclus|spa|1
|-boost|p1a: Reuniclus|spd|1
|cant|p2a: Reuniclus|par
|
|-weather|Sandstorm|[upkeep]
|upkeep
|turn|29
|
|t:|1717812640
|move|p1a: Reuniclus|Calm Mind|p1a: Reuniclus
|-boost|p1a: Reuniclus|spa|1
|-boost|p1a: Reuniclus|spd|1
|move|p2a: Reuniclus|Calm Mind|p2a: Reuniclus
|-boost|p2a: Reuniclus|spa|1
|-boost|p2a: Reuniclus|spd|1
|
|-weather|Sandstorm|[upkeep]
|upkeep
|turn|30
|
|t:|1717812651
|move|p1a: Reuniclus|Calm Mind|p1a: Reuniclus
|-boost|p1a: Reuniclus|spa|1
|-boost|p1a: Reuniclus|spd|1
|cant|p2a: Reuniclus|par
|
|-weather|Sandstorm|[upkeep]
|upkeep
|turn|31
|
|t:|1717812664
|move|p1a: Reuniclus|Calm Mind|p1a: Reuniclus
|-boost|p1a: Reuniclus|spa|1
|-boost|p1a: Reuniclus|spd|1
|move|p2a: Reuniclus|Calm Mind|p2a: Reuniclus
|-boost|p2a: Reuniclus|spa|1
|-boost|p2a: Reuniclus|spd|1
|
|-weather|Sandstorm|[upkeep]
|upkeep
|turn|32
|
|t:|1717812670
|move|p1a: Reuniclus|Psyshock|p2a: Reuniclus
|-resisted|p2a: Reuniclus
|-damage|p2a: Reuniclus|58/100 par
|move|p2a: Reuniclus|Calm Mind|p2a: Reuniclus
|-boost|p2a: Reuniclus|spa|1
|-boost|p2a: Reuniclus|spd|1
|
|-weather|Sandstorm|[upkeep]
|-heal|p2a: Reuniclus|64/100 par|[from] item: Leftovers
|upkeep
|turn|33
|
|t:|1717812680
|move|p1a: Reuniclus|Psyshock|p2a: Reuniclus
|-resisted|p2a: Reuniclus
|-damage|p2a: Reuniclus|14/100 par
|move|p2a: Reuniclus|Psyshock|p1a: Reuniclus
|-resisted|p1a: Reuniclus
|-damage|p1a: Reuniclus|62/100
|
|-weather|Sandstorm|[upkeep]
|-heal|p1a: Reuniclus|68/100|[from] item: Leftovers
|-heal|p2a: Reuniclus|20/100 par|[from] item: Leftovers
|upkeep
|turn|34
|
|t:|1717812689
|move|p1a: Reuniclus|Psyshock|p2a: Reuniclus
|-resisted|p2a: Reuniclus
|-damage|p2a: Reuniclus|0 fnt
|faint|p2a: Reuniclus
|
|-weather|Sandstorm|[upkeep]
|-heal|p1a: Reuniclus|74/100|[from] item: Leftovers
|upkeep
|
|t:|1717812692
|switch|p2a: Alakazam|Alakazam, M|100/100
|turn|35
|
|t:|1717812701
|move|p2a: Alakazam|Shadow Ball|p1a: Reuniclus
|-supereffective|p1a: Reuniclus
|-damage|p1a: Reuniclus|60/100
|-unboost|p1a: Reuniclus|spd|1
|move|p1a: Reuniclus|Psyshock|p2a: Alakazam
|-resisted|p2a: Alakazam
|-enditem|p2a: Alakazam|Focus Sash
|-damage|p2a: Alakazam|1/100
|
|-weather|Sandstorm|[upkeep]
|-heal|p1a: Reuniclus|66/100|[from] item: Leftovers
|upkeep
|turn|36
|
|t:|1717812715
|move|p2a: Alakazam|Shadow Ball|p1a: Reuniclus
|-supereffective|p1a: Reuniclus
|-damage|p1a: Reuniclus|50/100
|move|p1a: Reuniclus|Psyshock|p2a: Alakazam
|-resisted|p2a: Alakazam
|-damage|p2a: Alakazam|0 fnt
|faint|p2a: Alakazam
|
|-weather|Sandstorm|[upkeep]
|-heal|p1a: Reuniclus|56/100|[from] item: Leftovers
|upkeep
|
|t:|1717812722
|switch|p2a: Latios|Latios, M|100/100
|-damage|p2a: Latios|88/100|[from] Stealth Rock
|turn|37
|
|t:|1717812729
|move|p2a: Latios|Dragon Pulse|p1a: Reuniclus
|-damage|p1a: Reuniclus|44/100
|move|p1a: Reuniclus|Recover|p1a: Reuniclus
|-heal|p1a: Reuniclus|94/100
|
|-weather|Sandstorm|[upkeep]
|-damage|p2a: Latios|82/100|[from] Sandstorm
|-heal|p2a: Latios|88/100|[from] item: Leftovers
|-heal|p1a: Reuniclus|99/100|[from] item: Leftovers
|upkeep
|turn|38
|
|t:|1717812740
|move|p2a: Latios|Draco Meteor|p1a: Reuniclus
|-damage|p1a: Reuniclus|82/100
|-unboost|p2a: Latios|spa|2
|move|p1a: Reuniclus|Psyshock|p2a: Latios
|-resisted|p2a: Latios
|-damage|p2a: Latios|0 fnt
|faint|p2a: Latios
|
|win|XPlayer101 J
|raw|XPlayer101 J's rating: 1300 &rarr; <strong>1342</strong><br />(+42 for winning)
|raw|randomdude4132's rating: 1583 &rarr; <strong>1550</strong><br />(-33 for losing)
