|j|☆the King of bel
|j|☆scanners
|t:|1707589960
|gametype|singles
|player|p1|the King of bel|170|1423
|player|p2|scanners|policeman|1518
|teamsize|p1|6
|teamsize|p2|6
|gen|5
|tier|[Gen 5] OU
|rated|
|rule|Species Clause: Limit one of each Pokémon
|rule|OHKO Clause: OHKO moves are banned
|rule|Moody Clause: Moody is banned
|rule|Evasion Items Clause: Evasion items are banned
|rule|Evasion Moves Clause: Evasion moves are banned
|rule|Endless Battle Clause: Forcing endless battles is banned
|rule|HP Percentage Mod: HP is shown in percentages
|rule|Evasion Abilities Clause: Evasion abilities are banned
|rule|Sleep Moves Clause: Sleep-inducing moves are banned
|rule|Swagger Clause: Swagger is banned
|rule|Baton Pass Stat Clause: No Baton Passer may have a way to boost its stats
|clearpoke
|poke|p1|Alakazam, M|item
|poke|p1|Reuniclus, F|item
|poke|p1|Tyranitar, M|item
|poke|p1|Hydreigon, M|item
|poke|p1|Landorus-Therian, M|item
|poke|p1|Rotom-Wash|item
|poke|p2|Alakazam, M|item
|poke|p2|Skarmory, F|item
|poke|p2|Reuniclus, M|item
|poke|p2|Jellicent, F|item
|poke|p2|Tyranitar, F|item
|poke|p2|Mamoswine, F|item
|teampreview
|inactive|Battle timer is ON: inactive players will automatically lose when time's up. (requested by scanners)
|
|t:|1707589975
|start
|switch|p1a: Hydreigon|Hydreigon, M|100/100
|switch|p2a: Skarmory|Skarmory, F|100/100
|turn|1
|
|t:|1707589985
|move|p1a: Hydreigon|Fire Blast|p2a: Skarmory
|-supereffective|p2a: Skarmory
|-ability|p2a: Skarmory|Sturdy
|-damage|p2a: Skarmory|1/100
|move|p2a: Skarmory|Stealth Rock|p1a: Hydreigon
|-sidestart|p1: the King of bel|move: Stealth Rock
|
|upkeep
|turn|2
|-enditem|p2a: Skarmory|Custap Berry|[eat]
|-activate|p2a: Skarmory|item: Custap Berry|[consumed]
|
|t:|1707589990
|switch|p1a: Tyranitar|Tyranitar, M|100/100
|-damage|p1a: Tyranitar|88/100|[from] Stealth Rock
|-weather|Sandstorm|[from] ability: Sand Stream|[of] p1a: Tyranitar
|move|p2a: Skarmory|Spikes|p1a: Tyranitar
|-sidestart|p1: the King of bel|Spikes
|
|-weather|Sandstorm|[upkeep]
|upkeep
|turn|3
|
|t:|1707590001
|move|p2a: Skarmory|Taunt|p1a: Tyranitar
|-start|p1a: Tyranitar|move: Taunt
|move|p1a: Tyranitar|Crunch|p2a: Skarmory
|-resisted|p2a: Skarmory
|-damage|p2a: Skarmory|0 fnt
|faint|p2a: Skarmory
|
|-weather|Sandstorm|[upkeep]
|upkeep
|
|t:|1707590006
|switch|p2a: Mamoswine|Mamoswine, F|100/100
|turn|4
|
|t:|1707590015
|switch|p1a: Rotom|Rotom-Wash|100/100
|-damage|p1a: Rotom|88/100|[from] Stealth Rock
|move|p2a: Mamoswine|Icicle Crash|p1a: Rotom
|-resisted|p1a: Rotom
|-damage|p1a: Rotom|52/100
|
|-weather|Sandstorm|[upkeep]
|-damage|p1a: Rotom|46/100|[from] Sandstorm
|upkeep
|turn|5
|
|t:|1707590021
|switch|p2a: Reuniclus|Reuniclus, M|100/100
|move|p1a: Rotom|Volt Switch|p2a: Reuniclus
|-damage|p2a: Reuniclus|53/100
|
|t:|1707590025
|switch|p1a: Tyranitar|Tyranitar, M|88/100|[from] Volt Switch
|-damage|p1a: Tyranitar|76/100|[from] Stealth Rock
|-damage|p1a: Tyranitar|64/100|[from] Spikes
|
|-weather|Sandstorm|[upkeep]
|-heal|p2a: Reuniclus|59/100|[from] item: Leftovers
|upkeep
|turn|6
|
|t:|1707590029
|switch|p2a: Tyranitar|Tyranitar, F|100/100
|move|p1a: Tyranitar|Dragon Dance|p1a: Tyranitar
|-boost|p1a: Tyranitar|atk|1
|-boost|p1a: Tyranitar|spe|1
|
|-weather|Sandstorm|[upkeep]
|upkeep
|turn|7
|
|t:|1707590035
|move|p1a: Tyranitar|Earthquake|p2a: Tyranitar
|-supereffective|p2a: Tyranitar
|-damage|p2a: Tyranitar|0 fnt
|faint|p2a: Tyranitar
|
|-weather|Sandstorm|[upkeep]
|upkeep
|
|t:|1707590037
|switch|p2a: Mamoswine|Mamoswine, F|100/100
|turn|8
|
|t:|1707590042
|move|p1a: Tyranitar|Stone Edge|p2a: Mamoswine
|-damage|p2a: Mamoswine|12/100
|move|p2a: Mamoswine|Earthquake|p1a: Tyranitar
|-supereffective|p1a: Tyranitar
|-damage|p1a: Tyranitar|0 fnt
|faint|p1a: Tyranitar
|
|-weather|Sandstorm|[upkeep]
|upkeep
|
|t:|1707590053
|switch|p1a: Rotom|Rotom-Wash|46/100
|-damage|p1a: Rotom|33/100|[from] Stealth Rock
|turn|9
|inactive|scanners has 120 seconds left.
|
|t:|1707590092
|switch|p2a: Reuniclus|Reuniclus, M|59/100
|move|p1a: Rotom|Trick|p2a: Reuniclus
|-activate|p1a: Rotom|move: Trick|[of] p2a: Reuniclus
|-item|p2a: Reuniclus|Choice Specs|[from] move: Trick
|-item|p1a: Rotom|Leftovers|[from] move: Trick
|
|-weather|Sandstorm|[upkeep]
|-damage|p1a: Rotom|27/100|[from] Sandstorm
|-heal|p1a: Rotom|33/100|[from] item: Leftovers
|upkeep
|turn|10
|
|t:|1707590100
|move|p1a: Rotom|Hydro Pump|p2a: Reuniclus
|-crit|p2a: Reuniclus
|-damage|p2a: Reuniclus|0 fnt
|faint|p2a: Reuniclus
|
|-weather|Sandstorm|[upkeep]
|-damage|p1a: Rotom|27/100|[from] Sandstorm
|-heal|p1a: Rotom|33/100|[from] item: Leftovers
|upkeep
|j| ouog hjk
|
|t:|1707590104
|switch|p2a: Alakazam|Alakazam, M|100/100
|turn|11
|
|t:|1707590108
|move|p2a: Alakazam|Psychic|p1a: Rotom
|-damage|p1a: Rotom|0 fnt
|faint|p1a: Rotom
|
|-weather|Sandstorm|[upkeep]
|upkeep
|
|t:|1707590114
|switch|p1a: Landorus|Landorus-Therian, M|100/100
|-damage|p1a: Landorus|88/100|[from] Stealth Rock
|-ability|p1a: Landorus|Intimidate|boost
|-unboost|p2a: Alakazam|atk|1
|turn|12
|
|t:|1707590118
|switch|p2a: Jellicent|Jellicent, F|100/100
|-item|p2a: Jellicent|Air Balloon
|move|p1a: Landorus|Stealth Rock|p2a: Jellicent
|-sidestart|p2: scanners|move: Stealth Rock
|
|-weather|Sandstorm|[upkeep]
|-damage|p2a: Jellicent|94/100|[from] Sandstorm
|upkeep
|turn|13
|
|t:|1707590143
|switch|p1a: Hydreigon|Hydreigon, M|100/100
|-damage|p1a: Hydreigon|88/100|[from] Stealth Rock
|switch|p2a: Mamoswine|Mamoswine, F|12/100
|-damage|p2a: Mamoswine|0 fnt|[from] Stealth Rock
|faint|p2a: Mamoswine
|
|-weather|Sandstorm|[upkeep]
|-damage|p1a: Hydreigon|82/100|[from] Sandstorm
|upkeep
|
|t:|1707590148
|switch|p2a: Alakazam|Alakazam, M|100/100
|turn|14
|
|t:|1707590159
|switch|p1a: Alakazam|Alakazam, M|100/100
|move|p2a: Alakazam|Focus Blast|p1a: Alakazam
|-resisted|p1a: Alakazam
|-damage|p1a: Alakazam|57/100
|
|-weather|Sandstorm|[upkeep]
|upkeep
|turn|15
|
|t:|1707590162
|move|p1a: Alakazam|Thunder Wave|p2a: Alakazam
|-status|p2a: Alakazam|par
|move|p2a: Alakazam|Signal Beam|p1a: Alakazam
|-supereffective|p1a: Alakazam
|-damage|p1a: Alakazam|0 fnt
|faint|p1a: Alakazam
|
|-weather|Sandstorm|[upkeep]
|upkeep
|
|t:|1707590165
|switch|p1a: Landorus|Landorus-Therian, M|88/100
|-damage|p1a: Landorus|76/100|[from] Stealth Rock
|-ability|p1a: Landorus|Intimidate|boost
|-unboost|p2a: Alakazam|atk|1
|turn|16
|-message|scanners forfeited.
|
|win|the King of bel
|raw|the King of bel's rating: 1423 &rarr; <strong>1448</strong><br />(+25 for winning)
|raw|scanners's rating: 1518 &rarr; <strong>1493</strong><br />(-25 for losing)
|l|☆scanners
|player|p2|
