|j|☆porrompompom
|j|☆Iamaloser314
|player|p1|porrompompom|10
|player|p2|Iamaloser314|138
|teamsize|p1|6
|teamsize|p2|6
|gametype|singles
|gen|5
|tier|[Gen 5] OU
|rated|
|rule|Sleep Clause Mod: Limit one foe put to sleep
|rule|Species Clause: Limit one of each Pokémon
|rule|OHKO Clause: OHKO moves are banned
|rule|Moody Clause: Moody is banned
|rule|Evasion Moves Clause: Evasion moves are banned
|rule|Endless Battle Clause: Forcing endless battles is banned
|rule|HP Percentage Mod: HP is shown in percentages
|rule|Evasion Abilities Clause: Evasion abilities are banned
|rule|Baton Pass Clause: Limit one Baton Passer, can't pass Spe and other stats simultaneously
|rule|Swagger Clause: Swagger is banned
|clearpoke
|poke|p1|Dragonite, M|item
|poke|p1|Starmie|item
|poke|p1|Ferrothorn, M|item
|poke|p1|Mamoswine, F|item
|poke|p1|Sableye, M|item
|poke|p1|Gothitelle, M|item
|poke|p2|Skarmory, M|item
|poke|p2|Gastrodon-East, F|item
|poke|p2|Reuniclus, M|item
|poke|p2|Tyranitar, M|item
|poke|p2|Latias, F|item
|poke|p2|Heatran, M|item
|teampreview
|
|start
|switch|p1a: Mamoswine|Mamoswine, F|100/100
|switch|p2a: Skarmory|Skarmory, M|100/100
|turn|1
|
|move|p1a: Mamoswine|Stealth Rock|p2a: Skarmory
|-sidestart|p2: Iamaloser314|move: Stealth Rock
|move|p2a: Skarmory|Spikes|p1a: Mamoswine
|-sidestart|p1: porrompompom|Spikes
|
|upkeep
|turn|2
|
|switch|p1a: Ferrothorn|Ferrothorn, M|100/100
|-damage|p1a: Ferrothorn|88/100|[from] Spikes
|move|p2a: Skarmory|Spikes|p1a: Ferrothorn
|-sidestart|p1: porrompompom|Spikes
|
|-heal|p1a: Ferrothorn|94/100|[from] item: Leftovers
|upkeep
|turn|3
|
|switch|p2a: Heatran|Heatran, M|100/100
|-damage|p2a: Heatran|88/100|[from] Stealth Rock
|move|p1a: Ferrothorn|Spikes|p2a: Heatran
|-sidestart|p2: Iamaloser314|Spikes
|
|-heal|p1a: Ferrothorn|99/100|[from] item: Leftovers
|upkeep
|turn|4
|
|move|p1a: Ferrothorn|Protect|p1a: Ferrothorn
|-singleturn|p1a: Ferrothorn|Protect
|move|p2a: Heatran|Hidden Power|p1a: Ferrothorn
|-activate|p1a: Ferrothorn|move: Protect
|
|-heal|p1a: Ferrothorn|100/100|[from] item: Leftovers
|upkeep
|turn|5
|
|switch|p2a: Tyranitar|Tyranitar, M|100/100
|-damage|p2a: Tyranitar|88/100|[from] Stealth Rock
|-damage|p2a: Tyranitar|76/100|[from] Spikes
|-weather|Sandstorm|[from] ability: Sand Stream|[of] p2a: Tyranitar
|switch|p1a: Dragonite|Dragonite, M|100/100
|
|-weather|Sandstorm|[upkeep]
|-damage|p1a: Dragonite|94/100|[from] Sandstorm
|upkeep
|turn|6
|
|switch|p1a: Ferrothorn|Ferrothorn, M|100/100
|-damage|p1a: Ferrothorn|84/100|[from] Spikes
|move|p2a: Tyranitar|Stealth Rock|p1a: Ferrothorn
|-sidestart|p1: porrompompom|move: Stealth Rock
|
|-weather|Sandstorm|[upkeep]
|-heal|p1a: Ferrothorn|90/100|[from] item: Leftovers
|upkeep
|turn|7
|
|switch|p2a: Reuniclus|Reuniclus, M|100/100
|move|p1a: Ferrothorn|Spikes|p2a: Reuniclus
|-sidestart|p2: Iamaloser314|Spikes
|
|-weather|Sandstorm|[upkeep]
|-heal|p1a: Ferrothorn|96/100|[from] item: Leftovers
|upkeep
|turn|8
|
|move|p2a: Reuniclus|Calm Mind|p2a: Reuniclus
|-boost|p2a: Reuniclus|spa|1
|-boost|p2a: Reuniclus|spd|1
|move|p1a: Ferrothorn|Spikes|p2a: Reuniclus
|-sidestart|p2: Iamaloser314|Spikes
|
|-weather|Sandstorm|[upkeep]
|-heal|p1a: Ferrothorn|100/100|[from] item: Leftovers
|upkeep
|turn|9
|
|switch|p1a: Sableye|Sableye, M|100/100
|-damage|p1a: Sableye|84/100|[from] Spikes
|-damage|p1a: Sableye|72/100|[from] Stealth Rock
|move|p2a: Reuniclus|Focus Blast|p1a: Sableye
|-immune|p1a: Sableye
|
|-weather|Sandstorm|[upkeep]
|-damage|p1a: Sableye|66/100|[from] Sandstorm
|-heal|p1a: Sableye|72/100|[from] item: Leftovers
|upkeep
|turn|10
|
|switch|p2a: Heatran|Heatran, M|88/100
|-damage|p2a: Heatran|63/100|[from] Spikes
|-damage|p2a: Heatran|51/100|[from] Stealth Rock
|move|p1a: Sableye|Recover|p1a: Sableye
|-heal|p1a: Sableye|100/100
|
|-weather|Sandstorm|[upkeep]
|-damage|p1a: Sableye|95/100|[from] Sandstorm
|-heal|p1a: Sableye|100/100|[from] item: Leftovers
|upkeep
|turn|11
|
|switch|p1a: Dragonite|Dragonite, M|94/100
|-damage|p1a: Dragonite|70/100|[from] Stealth Rock
|move|p2a: Heatran|Fire Blast|p1a: Dragonite
|-resisted|p1a: Dragonite
|-damage|p1a: Dragonite|36/100
|
|-weather|Sandstorm|[upkeep]
|-damage|p1a: Dragonite|30/100|[from] Sandstorm
|upkeep
|turn|12
|
|move|p1a: Dragonite|Extreme Speed|p2a: Heatran
|-resisted|p2a: Heatran
|-crit|p2a: Heatran
|-damage|p2a: Heatran|8/100
|move|p2a: Heatran|Fire Blast|p1a: Dragonite
|-resisted|p1a: Dragonite
|-damage|p1a: Dragonite|1/100
|
|-weather|Sandstorm|[upkeep]
|-damage|p1a: Dragonite|0 fnt|[from] Sandstorm
|faint|p1a: Dragonite
|upkeep
|
|switch|p1a: Starmie|Starmie|100/100
|-damage|p1a: Starmie|84/100|[from] Spikes
|-damage|p1a: Starmie|72/100|[from] Stealth Rock
|turn|13
|
|move|p2a: Heatran|Fire Blast|p1a: Starmie
|-resisted|p1a: Starmie
|-damage|p1a: Starmie|35/100
|move|p1a: Starmie|Rapid Spin|p2a: Heatran
|-resisted|p2a: Heatran
|-damage|p2a: Heatran|7/100
|-sideend|p1: porrompompom|Spikes|[from] move: Rapid Spin|[of] p1a: Starmie
|-sideend|p1: porrompompom|Stealth Rock|[from] move: Rapid Spin|[of] p1a: Starmie
|
|-weather|Sandstorm|[upkeep]
|-damage|p1a: Starmie|29/100|[from] Sandstorm
|-heal|p1a: Starmie|35/100|[from] item: Leftovers
|upkeep
|turn|14
|
|move|p2a: Heatran|Fire Blast|p1a: Starmie|[miss]
|-miss|p2a: Heatran|p1a: Starmie
|move|p1a: Starmie|Recover|p1a: Starmie
|-heal|p1a: Starmie|85/100
|
|-weather|Sandstorm|[upkeep]
|-damage|p1a: Starmie|79/100|[from] Sandstorm
|-heal|p1a: Starmie|85/100|[from] item: Leftovers
|upkeep
|turn|15
|
|move|p2a: Heatran|Fire Blast|p1a: Starmie
|-resisted|p1a: Starmie
|-damage|p1a: Starmie|48/100
|move|p1a: Starmie|Recover|p1a: Starmie
|-heal|p1a: Starmie|98/100
|
|-weather|Sandstorm|[upkeep]
|-damage|p1a: Starmie|92/100|[from] Sandstorm
|-heal|p1a: Starmie|98/100|[from] item: Leftovers
|upkeep
|turn|16
|
|move|p2a: Heatran|Fire Blast|p1a: Starmie
|-resisted|p1a: Starmie
|-damage|p1a: Starmie|62/100
|move|p1a: Starmie|Scald|p2a: Heatran
|-supereffective|p2a: Heatran
|-damage|p2a: Heatran|0 fnt
|faint|p2a: Heatran
|
|-weather|Sandstorm|[upkeep]
|-damage|p1a: Starmie|56/100|[from] Sandstorm
|-heal|p1a: Starmie|62/100|[from] item: Leftovers
|upkeep
|
|switch|p2a: Gastrodon|Gastrodon-East, F|100/100
|-damage|p2a: Gastrodon|76/100|[from] Spikes
|-damage|p2a: Gastrodon|70/100|[from] Stealth Rock
|turn|17
|inactive|Battle timer is ON: inactive players will automatically lose when time's up. (requested by porrompompom)
|
|move|p1a: Starmie|Recover|p1a: Starmie
|-heal|p1a: Starmie|100/100
|move|p2a: Gastrodon|Earthquake|p1a: Starmie
|-damage|p1a: Starmie|67/100
|
|-weather|Sandstorm|[upkeep]
|-damage|p1a: Starmie|61/100|[from] Sandstorm
|-heal|p1a: Starmie|67/100|[from] item: Leftovers
|-heal|p2a: Gastrodon|76/100|[from] item: Leftovers
|upkeep
|turn|18
|
|switch|p1a: Ferrothorn|Ferrothorn, M|100/100
|move|p2a: Gastrodon|Toxic|p1a: Ferrothorn
|-immune|p1a: Ferrothorn
|
|-weather|Sandstorm|[upkeep]
|-heal|p2a: Gastrodon|82/100|[from] item: Leftovers
|upkeep
|turn|19
|
|switch|p2a: Reuniclus|Reuniclus, M|100/100
|move|p1a: Ferrothorn|Power Whip|p2a: Reuniclus
|-damage|p2a: Reuniclus|71/100
|
|-weather|Sandstorm|[upkeep]
|-heal|p2a: Reuniclus|77/100|[from] item: Leftovers
|upkeep
|turn|20
|
|switch|p1a: Sableye|Sableye, M|100/100
|move|p2a: Reuniclus|Focus Blast|p1a: Sableye
|-immune|p1a: Sableye
|
|-weather|Sandstorm|[upkeep]
|-damage|p1a: Sableye|95/100|[from] Sandstorm
|-heal|p1a: Sableye|100/100|[from] item: Leftovers
|-heal|p2a: Reuniclus|83/100|[from] item: Leftovers
|upkeep
|turn|21
|
|switch|p2a: Tyranitar|Tyranitar, M|76/100
|-damage|p2a: Tyranitar|51/100|[from] Spikes
|-damage|p2a: Tyranitar|39/100|[from] Stealth Rock
|move|p1a: Sableye|Night Shade|p2a: Tyranitar
|-damage|p2a: Tyranitar|13/100
|
|-weather|Sandstorm|[upkeep]
|-damage|p1a: Sableye|95/100|[from] Sandstorm
|-heal|p1a: Sableye|100/100|[from] item: Leftovers
|upkeep
|turn|22
|
|move|p1a: Sableye|Will-O-Wisp|p2a: Tyranitar|[miss]
|-miss|p1a: Sableye|p2a: Tyranitar
|move|p2a: Tyranitar|Stealth Rock|p1a: Sableye
|-sidestart|p1: porrompompom|move: Stealth Rock
|
|-weather|Sandstorm|[upkeep]
|-damage|p1a: Sableye|95/100|[from] Sandstorm
|-heal|p1a: Sableye|100/100|[from] item: Leftovers
|upkeep
|turn|23
|
|move|p1a: Sableye|Will-O-Wisp|p2a: Tyranitar|[miss]
|-miss|p1a: Sableye|p2a: Tyranitar
|move|p2a: Tyranitar|Crunch|p1a: Sableye
|-crit|p1a: Sableye
|-damage|p1a: Sableye|0 fnt
|faint|p1a: Sableye
|
|-weather|Sandstorm|[upkeep]
|upkeep
|c|☆porrompompom|booooooooooom
|
|switch|p1a: Mamoswine|Mamoswine, F|100/100
|-damage|p1a: Mamoswine|88/100|[from] Stealth Rock
|turn|24
|
|move|p1a: Mamoswine|Ice Shard|p2a: Tyranitar
|-damage|p2a: Tyranitar|0 fnt
|-damage|p1a: Mamoswine|78/100|[from] item: Life Orb
|faint|p2a: Tyranitar
|
|-weather|Sandstorm|[upkeep]
|upkeep
|
|switch|p2a: Skarmory|Skarmory, M|100/100
|-damage|p2a: Skarmory|88/100|[from] Stealth Rock
|turn|25
|
|switch|p1a: Starmie|Starmie|67/100
|-damage|p1a: Starmie|54/100|[from] Stealth Rock
|move|p2a: Skarmory|Spikes|p1a: Starmie
|-sidestart|p1: porrompompom|Spikes
|
|-weather|Sandstorm|[upkeep]
|-damage|p1a: Starmie|48/100|[from] Sandstorm
|-heal|p1a: Starmie|54/100|[from] item: Leftovers
|upkeep
|turn|26
|
|move|p1a: Starmie|Rapid Spin|p2a: Skarmory
|-resisted|p2a: Skarmory
|-damage|p2a: Skarmory|87/100
|-damage|p1a: Starmie|38/100|[from] item: Rocky Helmet|[of] p2a: Skarmory
|-sideend|p1: porrompompom|Spikes|[from] move: Rapid Spin|[of] p1a: Starmie
|-sideend|p1: porrompompom|Stealth Rock|[from] move: Rapid Spin|[of] p1a: Starmie
|move|p2a: Skarmory|Whirlwind|p1a: Starmie
|drag|p1a: Ferrothorn|Ferrothorn, M|100/100
|
|-weather|Sandstorm|[upkeep]
|upkeep
|turn|27
|
|move|p2a: Skarmory|Spikes|p1a: Ferrothorn
|-sidestart|p1: porrompompom|Spikes
|move|p1a: Ferrothorn|Leech Seed|p2a: Skarmory
|-start|p2a: Skarmory|move: Leech Seed
|
|-weather|Sandstorm|[upkeep]
|-damage|p2a: Skarmory|75/100|[from] Leech Seed|[of] p1a: Ferrothorn
|upkeep
|turn|28
|
|switch|p1a: Starmie|Starmie|38/100
|-damage|p1a: Starmie|26/100|[from] Spikes
|move|p2a: Skarmory|Spikes|p1a: Starmie
|-sidestart|p1: porrompompom|Spikes
|
|-weather|Sandstorm|[upkeep]
|-damage|p1a: Starmie|19/100|[from] Sandstorm
|-heal|p1a: Starmie|26/100|[from] item: Leftovers
|-damage|p2a: Skarmory|63/100|[from] Leech Seed|[of] p1a: Starmie
|-heal|p1a: Starmie|38/100|[silent]
|upkeep
|turn|29
|
|move|p1a: Starmie|Rapid Spin|p2a: Skarmory
|-resisted|p2a: Skarmory
|-damage|p2a: Skarmory|62/100
|-damage|p1a: Starmie|22/100|[from] item: Rocky Helmet|[of] p2a: Skarmory
|-sideend|p1: porrompompom|Spikes|[from] move: Rapid Spin|[of] p1a: Starmie
|move|p2a: Skarmory|Brave Bird|p1a: Starmie
|-damage|p1a: Starmie|0 fnt
|-damage|p2a: Skarmory|55/100|[from] Recoil
|faint|p1a: Starmie
|
|-weather|Sandstorm|[upkeep]
|upkeep
|
|switch|p1a: Gothitelle|Gothitelle, M|100/100
|turn|30
|
|move|p1a: Gothitelle|Thunderbolt|p2a: Skarmory
|-supereffective|p2a: Skarmory
|-damage|p2a: Skarmory|0 fnt
|faint|p2a: Skarmory
|
|-weather|Sandstorm|[upkeep]
|-damage|p1a: Gothitelle|94/100|[from] Sandstorm
|upkeep
|inactive|Iamaloser314 has 120 seconds left.
|
|switch|p2a: Reuniclus|Reuniclus, M|83/100
|turn|31
|
|switch|p1a: Ferrothorn|Ferrothorn, M|100/100
|move|p2a: Reuniclus|Calm Mind|p2a: Reuniclus
|-boost|p2a: Reuniclus|spa|1
|-boost|p2a: Reuniclus|spd|1
|
|-weather|Sandstorm|[upkeep]
|-heal|p2a: Reuniclus|89/100|[from] item: Leftovers
|upkeep
|turn|32
|
|switch|p1a: Gothitelle|Gothitelle, M|94/100
|move|p2a: Reuniclus|Focus Blast|p1a: Gothitelle
|-resisted|p1a: Gothitelle
|-crit|p1a: Gothitelle
|-damage|p1a: Gothitelle|38/100
|
|-weather|Sandstorm|[upkeep]
|-damage|p1a: Gothitelle|32/100|[from] Sandstorm
|-heal|p2a: Reuniclus|95/100|[from] item: Leftovers
|upkeep
|turn|33
|
|move|p1a: Gothitelle|Trick|p2a: Reuniclus
|-activate|p1a: Gothitelle|move: Trick|[of] p2a: Reuniclus
|-item|p2a: Reuniclus|Choice Scarf|[from] move: Trick
|-item|p1a: Gothitelle|Leftovers|[from] move: Trick
|move|p2a: Reuniclus|Psyshock|p1a: Gothitelle
|-resisted|p1a: Gothitelle
|-damage|p1a: Gothitelle|0 fnt
|faint|p1a: Gothitelle
|
|-weather|Sandstorm|[upkeep]
|upkeep
|
|switch|p1a: Ferrothorn|Ferrothorn, M|100/100
|turn|34
|
|move|p2a: Reuniclus|Psyshock|p1a: Ferrothorn
|-resisted|p1a: Ferrothorn
|-damage|p1a: Ferrothorn|85/100
|move|p1a: Ferrothorn|Power Whip|p2a: Reuniclus|[miss]
|-miss|p1a: Ferrothorn|p2a: Reuniclus
|
|-weather|Sandstorm|[upkeep]
|-heal|p1a: Ferrothorn|91/100|[from] item: Leftovers
|upkeep
|turn|35
|
|switch|p2a: Latias|Latias, F|100/100
|-damage|p2a: Latias|88/100|[from] Stealth Rock
|move|p1a: Ferrothorn|Power Whip|p2a: Latias
|-resisted|p2a: Latias
|-damage|p2a: Latias|66/100
|
|-weather|Sandstorm|[upkeep]
|-damage|p2a: Latias|60/100|[from] Sandstorm
|-heal|p2a: Latias|66/100|[from] item: Leftovers
|-heal|p1a: Ferrothorn|97/100|[from] item: Leftovers
|upkeep
|turn|36
|
|switch|p1a: Mamoswine|Mamoswine, F|78/100
|move|p2a: Latias|Thunder Wave|p1a: Mamoswine
|-immune|p1a: Mamoswine
|
|-weather|Sandstorm|[upkeep]
|-damage|p2a: Latias|60/100|[from] Sandstorm
|-heal|p2a: Latias|66/100|[from] item: Leftovers
|upkeep
|turn|37
|
|move|p2a: Latias|Draco Meteor|p1a: Mamoswine
|-crit|p1a: Mamoswine
|-damage|p1a: Mamoswine|0 fnt
|-unboost|p2a: Latias|spa|2
|faint|p1a: Mamoswine
|
|-weather|Sandstorm|[upkeep]
|-damage|p2a: Latias|60/100|[from] Sandstorm
|-heal|p2a: Latias|66/100|[from] item: Leftovers
|upkeep
|inactive|porrompompom has 120 seconds left.
|
|switch|p1a: Ferrothorn|Ferrothorn, M|97/100
|turn|38
|
|move|p2a: Latias|Thunder Wave|p1a: Ferrothorn
|-status|p1a: Ferrothorn|par
|cant|p1a: Ferrothorn|par
|
|-weather|Sandstorm|[upkeep]
|-damage|p2a: Latias|60/100|[from] Sandstorm
|-heal|p2a: Latias|66/100|[from] item: Leftovers
|-heal|p1a: Ferrothorn|100/100 par|[from] item: Leftovers
|upkeep
|turn|39
|
|move|p2a: Latias|Recover|p2a: Latias
|-heal|p2a: Latias|100/100
|cant|p1a: Ferrothorn|par
|
|-weather|Sandstorm|[upkeep]
|-damage|p2a: Latias|94/100|[from] Sandstorm
|-heal|p2a: Latias|100/100|[from] item: Leftovers
|upkeep
|turn|40
|
|switch|p2a: Gastrodon|Gastrodon-East, F|82/100
|-damage|p2a: Gastrodon|57/100|[from] Spikes
|-damage|p2a: Gastrodon|51/100|[from] Stealth Rock
|cant|p1a: Ferrothorn|par
|
|-weather|Sandstorm|[upkeep]
|-heal|p2a: Gastrodon|57/100|[from] item: Leftovers
|upkeep
|turn|41
|
|move|p2a: Gastrodon|Earthquake|p1a: Ferrothorn
|-crit|p1a: Ferrothorn
|-damage|p1a: Ferrothorn|60/100 par
|move|p1a: Ferrothorn|Power Whip|p2a: Gastrodon
|-supereffective|p2a: Gastrodon
|-crit|p2a: Gastrodon
|-damage|p2a: Gastrodon|0 fnt
|faint|p2a: Gastrodon
|
|-weather|Sandstorm|[upkeep]
|-heal|p1a: Ferrothorn|66/100 par|[from] item: Leftovers
|upkeep
|
|switch|p2a: Reuniclus|Reuniclus, M|95/100
|turn|42
|
|cant|p1a: Ferrothorn|par
|move|p2a: Reuniclus|Focus Blast|p1a: Ferrothorn
|-supereffective|p1a: Ferrothorn
|-damage|p1a: Ferrothorn|21/100 par
|
|-weather|Sandstorm|[upkeep]
|-heal|p1a: Ferrothorn|27/100 par|[from] item: Leftovers
|upkeep
|turn|43
|c|☆Iamaloser314|gg
|inactive|porrompompom has 120 seconds left.
|inactive|porrompompom has 90 seconds left.
|c|☆porrompompom|would like to say the same, but haxing to death the mon which 6-0'ed your entire team with heatran dead, is not like something you may call "good"
|
|move|p1a: Ferrothorn|Protect|p1a: Ferrothorn
|-singleturn|p1a: Ferrothorn|Protect
|move|p2a: Reuniclus|Focus Blast|p1a: Ferrothorn
|-activate|p1a: Ferrothorn|move: Protect
|
|-weather|Sandstorm|[upkeep]
|-heal|p1a: Ferrothorn|33/100 par|[from] item: Leftovers
|upkeep
|turn|44
|inactive|Iamaloser314 has 120 seconds left.
|inactive|Iamaloser314 has 90 seconds left.
|c|☆Iamaloser314|gg
|
|cant|p1a: Ferrothorn|par
|move|p2a: Reuniclus|Focus Blast|p1a: Ferrothorn|[miss]
|-miss|p2a: Reuniclus|p1a: Ferrothorn
|
|-weather|Sandstorm|[upkeep]
|-heal|p1a: Ferrothorn|39/100 par|[from] item: Leftovers
|upkeep
|turn|45
|
|cant|p1a: Ferrothorn|par
|move|p2a: Reuniclus|Focus Blast|p1a: Ferrothorn|[miss]
|-miss|p2a: Reuniclus|p1a: Ferrothorn
|
|-weather|Sandstorm|[upkeep]
|-heal|p1a: Ferrothorn|45/100 par|[from] item: Leftovers
|upkeep
|turn|46
|
|move|p1a: Ferrothorn|Protect|p1a: Ferrothorn
|-singleturn|p1a: Ferrothorn|Protect
|move|p2a: Reuniclus|Focus Blast|p1a: Ferrothorn
|-activate|p1a: Ferrothorn|move: Protect
|
|-weather|Sandstorm|[upkeep]
|-heal|p1a: Ferrothorn|51/100 par|[from] item: Leftovers
|upkeep
|turn|47
|
|switch|p2a: Latias|Latias, F|100/100
|-damage|p2a: Latias|88/100|[from] Stealth Rock
|move|p1a: Ferrothorn|Protect||[still]
|-fail|p1a: Ferrothorn
|
|-weather|Sandstorm|[upkeep]
|-damage|p2a: Latias|82/100|[from] Sandstorm
|-heal|p2a: Latias|88/100|[from] item: Leftovers
|-heal|p1a: Ferrothorn|57/100 par|[from] item: Leftovers
|upkeep
|turn|48
|
|switch|p2a: Reuniclus|Reuniclus, M|95/100
|cant|p1a: Ferrothorn|par
|
|-weather|Sandstorm|[upkeep]
|-heal|p1a: Ferrothorn|63/100 par|[from] item: Leftovers
|upkeep
|turn|49
|
|move|p1a: Ferrothorn|Protect|p1a: Ferrothorn
|-singleturn|p1a: Ferrothorn|Protect
|move|p2a: Reuniclus|Calm Mind|p2a: Reuniclus
|-boost|p2a: Reuniclus|spa|1
|-boost|p2a: Reuniclus|spd|1
|
|-weather|Sandstorm|[upkeep]
|-heal|p1a: Ferrothorn|69/100 par|[from] item: Leftovers
|upkeep
|turn|50
|
|move|p2a: Reuniclus|Calm Mind|p2a: Reuniclus
|-boost|p2a: Reuniclus|spa|1
|-boost|p2a: Reuniclus|spd|1
|cant|p1a: Ferrothorn|par
|
|-weather|Sandstorm|[upkeep]
|-heal|p1a: Ferrothorn|75/100 par|[from] item: Leftovers
|upkeep
|turn|51
|
|move|p2a: Reuniclus|Calm Mind|p2a: Reuniclus
|-boost|p2a: Reuniclus|spa|1
|-boost|p2a: Reuniclus|spd|1
|move|p1a: Ferrothorn|Power Whip|p2a: Reuniclus
|-damage|p2a: Reuniclus|68/100
|
|-weather|Sandstorm|[upkeep]
|-heal|p1a: Ferrothorn|81/100 par|[from] item: Leftovers
|upkeep
|turn|52
|
|move|p2a: Reuniclus|Calm Mind|p2a: Reuniclus
|-boost|p2a: Reuniclus|spa|1
|-boost|p2a: Reuniclus|spd|1
|move|p1a: Ferrothorn|Power Whip|p2a: Reuniclus|[miss]
|-miss|p1a: Ferrothorn|p2a: Reuniclus
|
|-weather|Sandstorm|[upkeep]
|-heal|p1a: Ferrothorn|87/100 par|[from] item: Leftovers
|upkeep
|turn|53
|
|move|p2a: Reuniclus|Calm Mind|p2a: Reuniclus
|-boost|p2a: Reuniclus|spa|1
|-boost|p2a: Reuniclus|spd|1
|cant|p1a: Ferrothorn|par
|
|-weather|Sandstorm|[upkeep]
|-heal|p1a: Ferrothorn|93/100 par|[from] item: Leftovers
|upkeep
|turn|54
|
|move|p2a: Reuniclus|Calm Mind|p2a: Reuniclus
|-boost|p2a: Reuniclus|spa|1
|-boost|p2a: Reuniclus|spd|1
|move|p1a: Ferrothorn|Power Whip|p2a: Reuniclus
|-damage|p2a: Reuniclus|40/100
|
|-weather|Sandstorm|[upkeep]
|-heal|p1a: Ferrothorn|99/100 par|[from] item: Leftovers
|upkeep
|turn|55
|
|switch|p2a: Latias|Latias, F|88/100
|-damage|p2a: Latias|76/100|[from] Stealth Rock
|cant|p1a: Ferrothorn|par
|
|-weather|Sandstorm|[upkeep]
|-damage|p2a: Latias|70/100|[from] Sandstorm
|-heal|p2a: Latias|76/100|[from] item: Leftovers
|-heal|p1a: Ferrothorn|100/100 par|[from] item: Leftovers
|upkeep
|turn|56
|
|switch|p2a: Reuniclus|Reuniclus, M|40/100
|move|p1a: Ferrothorn|Power Whip|p2a: Reuniclus
|-damage|p2a: Reuniclus|13/100
|
|-weather|Sandstorm|[upkeep]
|upkeep
|turn|57
|
|move|p2a: Reuniclus|Recover|p2a: Reuniclus
|-heal|p2a: Reuniclus|63/100
|move|p1a: Ferrothorn|Power Whip|p2a: Reuniclus|[miss]
|-miss|p1a: Ferrothorn|p2a: Reuniclus
|
|-weather|Sandstorm|[upkeep]
|upkeep
|turn|58
|
|move|p2a: Reuniclus|Recover|p2a: Reuniclus
|-heal|p2a: Reuniclus|100/100
|move|p1a: Ferrothorn|Spikes||[still]
|-fail|p1a: Ferrothorn
|
|-weather|Sandstorm|[upkeep]
|upkeep
|turn|59
|
|switch|p2a: Latias|Latias, F|76/100
|-damage|p2a: Latias|63/100|[from] Stealth Rock
|move|p1a: Ferrothorn|Leech Seed|p2a: Latias
|-start|p2a: Latias|move: Leech Seed
|
|-weather|Sandstorm|[upkeep]
|-damage|p2a: Latias|57/100|[from] Sandstorm
|-heal|p2a: Latias|63/100|[from] item: Leftovers
|-damage|p2a: Latias|51/100|[from] Leech Seed|[of] p1a: Ferrothorn
|upkeep
|turn|60
|
|move|p2a: Latias|Recover|p2a: Latias
|-heal|p2a: Latias|100/100
|move|p1a: Ferrothorn|Spikes||[still]
|-fail|p1a: Ferrothorn
|
|-weather|Sandstorm|[upkeep]
|-damage|p2a: Latias|94/100|[from] Sandstorm
|-heal|p2a: Latias|100/100|[from] item: Leftovers
|-damage|p2a: Latias|88/100|[from] Leech Seed|[of] p1a: Ferrothorn
|upkeep
|turn|61
|
|move|p2a: Latias|Thunder Wave|p1a: Ferrothorn
|-fail|p1a: Ferrothorn|par
|move|p1a: Ferrothorn|Spikes||[still]
|-fail|p1a: Ferrothorn
|
|-weather|Sandstorm|[upkeep]
|-damage|p2a: Latias|82/100|[from] Sandstorm
|-heal|p2a: Latias|88/100|[from] item: Leftovers
|-damage|p2a: Latias|76/100|[from] Leech Seed|[of] p1a: Ferrothorn
|upkeep
|turn|62
|c|☆Iamaloser314|I win
|c|☆Iamaloser314|I can out last you
|c|☆Iamaloser314|with pp
|
|move|p2a: Latias|Thunder Wave|p1a: Ferrothorn
|-fail|p1a: Ferrothorn|par
|move|p1a: Ferrothorn|Spikes||[still]
|-fail|p1a: Ferrothorn
|
|-weather|Sandstorm|[upkeep]
|-damage|p2a: Latias|70/100|[from] Sandstorm
|-heal|p2a: Latias|76/100|[from] item: Leftovers
|-damage|p2a: Latias|63/100|[from] Leech Seed|[of] p1a: Ferrothorn
|upkeep
|turn|63
|
|move|p2a: Latias|Thunder Wave|p1a: Ferrothorn
|-fail|p1a: Ferrothorn|par
|move|p1a: Ferrothorn|Spikes||[still]
|-fail|p1a: Ferrothorn
|
|-weather|Sandstorm|[upkeep]
|-damage|p2a: Latias|57/100|[from] Sandstorm
|-heal|p2a: Latias|63/100|[from] item: Leftovers
|-damage|p2a: Latias|51/100|[from] Leech Seed|[of] p1a: Ferrothorn
|upkeep
|turn|64
|
|move|p2a: Latias|Recover|p2a: Latias
|-heal|p2a: Latias|100/100
|move|p1a: Ferrothorn|Power Whip|p2a: Latias
|-resisted|p2a: Latias
|-damage|p2a: Latias|78/100
|
|-weather|Sandstorm|[upkeep]
|-damage|p2a: Latias|72/100|[from] Sandstorm
|-heal|p2a: Latias|78/100|[from] item: Leftovers
|-damage|p2a: Latias|66/100|[from] Leech Seed|[of] p1a: Ferrothorn
|upkeep
|turn|65
|
|move|p2a: Latias|Thunder Wave|p1a: Ferrothorn
|-fail|p1a: Ferrothorn|par
|move|p1a: Ferrothorn|Spikes||[still]
|-fail|p1a: Ferrothorn
|
|-weather|Sandstorm|[upkeep]
|-damage|p2a: Latias|60/100|[from] Sandstorm
|-heal|p2a: Latias|66/100|[from] item: Leftovers
|-damage|p2a: Latias|54/100|[from] Leech Seed|[of] p1a: Ferrothorn
|upkeep
|turn|66
|
|move|p2a: Latias|Thunder Wave|p1a: Ferrothorn
|-fail|p1a: Ferrothorn|par
|cant|p1a: Ferrothorn|par
|
|-weather|Sandstorm|[upkeep]
|-damage|p2a: Latias|47/100|[from] Sandstorm
|-heal|p2a: Latias|54/100|[from] item: Leftovers
|-damage|p2a: Latias|41/100|[from] Leech Seed|[of] p1a: Ferrothorn
|upkeep
|turn|67
|
|move|p2a: Latias|Recover|p2a: Latias
|-heal|p2a: Latias|91/100
|cant|p1a: Ferrothorn|par
|
|-weather|Sandstorm|[upkeep]
|-damage|p2a: Latias|85/100|[from] Sandstorm
|-heal|p2a: Latias|91/100|[from] item: Leftovers
|-damage|p2a: Latias|79/100|[from] Leech Seed|[of] p1a: Ferrothorn
|upkeep
|turn|68
|
|switch|p2a: Reuniclus|Reuniclus, M|100/100
|move|p1a: Ferrothorn|Spikes||[still]
|-fail|p1a: Ferrothorn
|
|-weather|Sandstorm|[upkeep]
|upkeep
|turn|69
|
|move|p1a: Ferrothorn|Protect|p1a: Ferrothorn
|-singleturn|p1a: Ferrothorn|Protect
|move|p2a: Reuniclus|Psyshock|p1a: Ferrothorn
|-activate|p1a: Ferrothorn|move: Protect
|
|-weather|Sandstorm|[upkeep]
|upkeep
|turn|70
|j| Deimurro
|
|move|p2a: Reuniclus|Psyshock|p1a: Ferrothorn
|-resisted|p1a: Ferrothorn
|-damage|p1a: Ferrothorn|89/100 par
|move|p1a: Ferrothorn|Power Whip|p2a: Reuniclus
|-damage|p2a: Reuniclus|73/100
|
|-weather|Sandstorm|[upkeep]
|-heal|p1a: Ferrothorn|95/100 par|[from] item: Leftovers
|upkeep
|turn|71
|
|move|p2a: Reuniclus|Psyshock|p1a: Ferrothorn
|-resisted|p1a: Ferrothorn
|-damage|p1a: Ferrothorn|83/100 par
|cant|p1a: Ferrothorn|par
|
|-weather|Sandstorm|[upkeep]
|-heal|p1a: Ferrothorn|89/100 par|[from] item: Leftovers
|upkeep
|turn|72
|
|switch|p2a: Latias|Latias, F|79/100
|-damage|p2a: Latias|67/100|[from] Stealth Rock
|move|p1a: Ferrothorn|Spikes||[still]
|-fail|p1a: Ferrothorn
|
|-weather|Sandstorm|[upkeep]
|-damage|p2a: Latias|60/100|[from] Sandstorm
|-heal|p2a: Latias|67/100|[from] item: Leftovers
|-heal|p1a: Ferrothorn|95/100 par|[from] item: Leftovers
|upkeep
|turn|73
|
|move|p2a: Latias|Surf|p1a: Ferrothorn
|-resisted|p1a: Ferrothorn
|-damage|p1a: Ferrothorn|85/100 par
|move|p1a: Ferrothorn|Leech Seed|p2a: Latias|[miss]
|-miss|p1a: Ferrothorn|p2a: Latias
|
|-weather|Sandstorm|[upkeep]
|-damage|p2a: Latias|60/100|[from] Sandstorm
|-heal|p2a: Latias|67/100|[from] item: Leftovers
|-heal|p1a: Ferrothorn|91/100 par|[from] item: Leftovers
|upkeep
|turn|74
|
|move|p2a: Latias|Surf|p1a: Ferrothorn
|-resisted|p1a: Ferrothorn
|-damage|p1a: Ferrothorn|81/100 par
|move|p1a: Ferrothorn|Leech Seed|p2a: Latias
|-start|p2a: Latias|move: Leech Seed
|
|-weather|Sandstorm|[upkeep]
|-damage|p2a: Latias|60/100|[from] Sandstorm
|-heal|p2a: Latias|67/100|[from] item: Leftovers
|-heal|p1a: Ferrothorn|87/100 par|[from] item: Leftovers
|-damage|p2a: Latias|54/100|[from] Leech Seed|[of] p1a: Ferrothorn
|-heal|p1a: Ferrothorn|99/100 par|[silent]
|upkeep
|turn|75
|
|move|p2a: Latias|Thunder Wave|p1a: Ferrothorn
|-fail|p1a: Ferrothorn|par
|move|p1a: Ferrothorn|Power Whip|p2a: Latias|[miss]
|-miss|p1a: Ferrothorn|p2a: Latias
|
|-weather|Sandstorm|[upkeep]
|-damage|p2a: Latias|48/100|[from] Sandstorm
|-heal|p2a: Latias|54/100|[from] item: Leftovers
|-heal|p1a: Ferrothorn|100/100 par|[from] item: Leftovers
|-damage|p2a: Latias|42/100|[from] Leech Seed|[of] p1a: Ferrothorn
|upkeep
|turn|76
|
|move|p2a: Latias|Recover|p2a: Latias
|-heal|p2a: Latias|92/100
|move|p1a: Ferrothorn|Spikes||[still]
|-fail|p1a: Ferrothorn
|
|-weather|Sandstorm|[upkeep]
|-damage|p2a: Latias|86/100|[from] Sandstorm
|-heal|p2a: Latias|92/100|[from] item: Leftovers
|-damage|p2a: Latias|80/100|[from] Leech Seed|[of] p1a: Ferrothorn
|upkeep
|turn|77
|
|move|p2a: Latias|Surf|p1a: Ferrothorn
|-resisted|p1a: Ferrothorn
|-damage|p1a: Ferrothorn|90/100 par
|move|p1a: Ferrothorn|Spikes||[still]
|-fail|p1a: Ferrothorn
|
|-weather|Sandstorm|[upkeep]
|-damage|p2a: Latias|73/100|[from] Sandstorm
|-heal|p2a: Latias|80/100|[from] item: Leftovers
|-heal|p1a: Ferrothorn|96/100 par|[from] item: Leftovers
|-damage|p2a: Latias|67/100|[from] Leech Seed|[of] p1a: Ferrothorn
|-heal|p1a: Ferrothorn|100/100 par|[silent]
|upkeep
|turn|78
|
|move|p2a: Latias|Draco Meteor|p1a: Ferrothorn
|-resisted|p1a: Ferrothorn
|-damage|p1a: Ferrothorn|80/100 par
|-unboost|p2a: Latias|spa|2
|move|p1a: Ferrothorn|Spikes||[still]
|-fail|p1a: Ferrothorn
|
|-weather|Sandstorm|[upkeep]
|-damage|p2a: Latias|61/100|[from] Sandstorm
|-heal|p2a: Latias|67/100|[from] item: Leftovers
|-heal|p1a: Ferrothorn|86/100 par|[from] item: Leftovers
|-damage|p2a: Latias|55/100|[from] Leech Seed|[of] p1a: Ferrothorn
|-heal|p1a: Ferrothorn|97/100 par|[silent]
|upkeep
|turn|79
|
|move|p2a: Latias|Draco Meteor|p1a: Ferrothorn
|-resisted|p1a: Ferrothorn
|-damage|p1a: Ferrothorn|85/100 par
|-unboost|p2a: Latias|spa|2
|move|p1a: Ferrothorn|Power Whip|p2a: Latias
|-resisted|p2a: Latias
|-damage|p2a: Latias|32/100
|
|-weather|Sandstorm|[upkeep]
|-damage|p2a: Latias|26/100|[from] Sandstorm
|-heal|p2a: Latias|32/100|[from] item: Leftovers
|-heal|p1a: Ferrothorn|91/100 par|[from] item: Leftovers
|-damage|p2a: Latias|20/100|[from] Leech Seed|[of] p1a: Ferrothorn
|-heal|p1a: Ferrothorn|100/100 par|[silent]
|upkeep
|turn|80
|
|move|p2a: Latias|Recover|p2a: Latias
|-heal|p2a: Latias|70/100
|move|p1a: Ferrothorn|Spikes||[still]
|-fail|p1a: Ferrothorn
|
|-weather|Sandstorm|[upkeep]
|-damage|p2a: Latias|64/100|[from] Sandstorm
|-heal|p2a: Latias|70/100|[from] item: Leftovers
|-damage|p2a: Latias|58/100|[from] Leech Seed|[of] p1a: Ferrothorn
|upkeep
|turn|81
|
|switch|p2a: Reuniclus|Reuniclus, M|73/100
|move|p1a: Ferrothorn|Spikes||[still]
|-fail|p1a: Ferrothorn
|
|-weather|Sandstorm|[upkeep]
|upkeep
|turn|82
|
|move|p1a: Ferrothorn|Protect|p1a: Ferrothorn
|-singleturn|p1a: Ferrothorn|Protect
|move|p2a: Reuniclus|Calm Mind|p2a: Reuniclus
|-boost|p2a: Reuniclus|spa|1
|-boost|p2a: Reuniclus|spd|1
|
|-weather|Sandstorm|[upkeep]
|upkeep
|turn|83
|
|move|p2a: Reuniclus|Calm Mind|p2a: Reuniclus
|-boost|p2a: Reuniclus|spa|1
|-boost|p2a: Reuniclus|spd|1
|move|p1a: Ferrothorn|Spikes||[still]
|-fail|p1a: Ferrothorn
|
|-weather|Sandstorm|[upkeep]
|upkeep
|turn|84
|
|move|p2a: Reuniclus|Calm Mind|p2a: Reuniclus
|-boost|p2a: Reuniclus|spa|1
|-boost|p2a: Reuniclus|spd|1
|move|p1a: Ferrothorn|Spikes||[still]
|-fail|p1a: Ferrothorn
|
|-weather|Sandstorm|[upkeep]
|upkeep
|turn|85
|
|move|p2a: Reuniclus|Calm Mind|p2a: Reuniclus
|-boost|p2a: Reuniclus|spa|1
|-boost|p2a: Reuniclus|spd|1
|cant|p1a: Ferrothorn|par
|
|-weather|Sandstorm|[upkeep]
|upkeep
|turn|86
|
|move|p2a: Reuniclus|Calm Mind|p2a: Reuniclus
|-boost|p2a: Reuniclus|spa|1
|-boost|p2a: Reuniclus|spd|1
|move|p1a: Ferrothorn|Spikes||[still]
|-fail|p1a: Ferrothorn
|
|-weather|Sandstorm|[upkeep]
|upkeep
|turn|87
|
|move|p2a: Reuniclus|Calm Mind|p2a: Reuniclus
|-boost|p2a: Reuniclus|spa|1
|-boost|p2a: Reuniclus|spd|1
|move|p1a: Ferrothorn|Spikes||[still]
|-fail|p1a: Ferrothorn
|
|-weather|Sandstorm|[upkeep]
|upkeep
|turn|88
|
|switch|p2a: Latias|Latias, F|58/100
|-damage|p2a: Latias|45/100|[from] Stealth Rock
|move|p1a: Ferrothorn|Spikes||[still]
|-fail|p1a: Ferrothorn
|
|-weather|Sandstorm|[upkeep]
|-damage|p2a: Latias|39/100|[from] Sandstorm
|-heal|p2a: Latias|45/100|[from] item: Leftovers
|upkeep
|turn|89
|
|move|p2a: Latias|Recover|p2a: Latias
|-heal|p2a: Latias|95/100
|cant|p1a: Ferrothorn|par
|
|-weather|Sandstorm|[upkeep]
|-damage|p2a: Latias|89/100|[from] Sandstorm
|-heal|p2a: Latias|95/100|[from] item: Leftovers
|upkeep
|turn|90
|
|move|p2a: Latias|Thunder Wave|p1a: Ferrothorn
|-fail|p1a: Ferrothorn|par
|move|p1a: Ferrothorn|Leech Seed|p2a: Latias
|-start|p2a: Latias|move: Leech Seed
|
|-weather|Sandstorm|[upkeep]
|-damage|p2a: Latias|89/100|[from] Sandstorm
|-heal|p2a: Latias|95/100|[from] item: Leftovers
|-damage|p2a: Latias|83/100|[from] Leech Seed|[of] p1a: Ferrothorn
|upkeep
|turn|91
|
|move|p2a: Latias|Surf|p1a: Ferrothorn
|-resisted|p1a: Ferrothorn
|-damage|p1a: Ferrothorn|91/100 par
|cant|p1a: Ferrothorn|par
|
|-weather|Sandstorm|[upkeep]
|-damage|p2a: Latias|77/100|[from] Sandstorm
|-heal|p2a: Latias|83/100|[from] item: Leftovers
|-heal|p1a: Ferrothorn|97/100 par|[from] item: Leftovers
|-damage|p2a: Latias|71/100|[from] Leech Seed|[of] p1a: Ferrothorn
|-heal|p1a: Ferrothorn|100/100 par|[silent]
|upkeep
|turn|92
|
|move|p2a: Latias|Thunder Wave|p1a: Ferrothorn
|-fail|p1a: Ferrothorn|par
|move|p1a: Ferrothorn|Spikes||[still]
|-fail|p1a: Ferrothorn
|
|-weather|Sandstorm|[upkeep]
|-damage|p2a: Latias|64/100|[from] Sandstorm
|-heal|p2a: Latias|71/100|[from] item: Leftovers
|-damage|p2a: Latias|58/100|[from] Leech Seed|[of] p1a: Ferrothorn
|upkeep
|turn|93
|
|move|p2a: Latias|Thunder Wave|p1a: Ferrothorn
|-fail|p1a: Ferrothorn|par
|move|p1a: Ferrothorn|Spikes||[still]
|-fail|p1a: Ferrothorn
|
|-weather|Sandstorm|[upkeep]
|-damage|p2a: Latias|52/100|[from] Sandstorm
|-heal|p2a: Latias|58/100|[from] item: Leftovers
|-damage|p2a: Latias|46/100|[from] Leech Seed|[of] p1a: Ferrothorn
|upkeep
|turn|94
|
|move|p2a: Latias|Recover|p2a: Latias
|-heal|p2a: Latias|96/100
|move|p1a: Ferrothorn|Spikes||[still]
|-fail|p1a: Ferrothorn
|
|-weather|Sandstorm|[upkeep]
|-damage|p2a: Latias|90/100|[from] Sandstorm
|-heal|p2a: Latias|96/100|[from] item: Leftovers
|-damage|p2a: Latias|84/100|[from] Leech Seed|[of] p1a: Ferrothorn
|upkeep
|turn|95
|
|move|p2a: Latias|Surf|p1a: Ferrothorn
|-resisted|p1a: Ferrothorn
|-damage|p1a: Ferrothorn|90/100 par
|move|p1a: Ferrothorn|Spikes||[still]
|-fail|p1a: Ferrothorn
|
|-weather|Sandstorm|[upkeep]
|-damage|p2a: Latias|77/100|[from] Sandstorm
|-heal|p2a: Latias|84/100|[from] item: Leftovers
|-heal|p1a: Ferrothorn|96/100 par|[from] item: Leftovers
|-damage|p2a: Latias|71/100|[from] Leech Seed|[of] p1a: Ferrothorn
|-heal|p1a: Ferrothorn|100/100 par|[silent]
|upkeep
|turn|96
|
|move|p2a: Latias|Draco Meteor|p1a: Ferrothorn
|-resisted|p1a: Ferrothorn
|-damage|p1a: Ferrothorn|76/100 par
|-unboost|p2a: Latias|spa|2
|move|p1a: Ferrothorn|Spikes||[still]
|-fail|p1a: Ferrothorn
|
|-weather|Sandstorm|[upkeep]
|-damage|p2a: Latias|65/100|[from] Sandstorm
|-heal|p2a: Latias|71/100|[from] item: Leftovers
|-heal|p1a: Ferrothorn|82/100 par|[from] item: Leftovers
|-damage|p2a: Latias|59/100|[from] Leech Seed|[of] p1a: Ferrothorn
|-heal|p1a: Ferrothorn|94/100 par|[silent]
|upkeep
|turn|97
|
|move|p2a: Latias|Surf|p1a: Ferrothorn
|-resisted|p1a: Ferrothorn
|-damage|p1a: Ferrothorn|89/100 par
|move|p1a: Ferrothorn|Spikes||[still]
|-fail|p1a: Ferrothorn
|
|-weather|Sandstorm|[upkeep]
|-damage|p2a: Latias|53/100|[from] Sandstorm
|-heal|p2a: Latias|59/100|[from] item: Leftovers
|-heal|p1a: Ferrothorn|95/100 par|[from] item: Leftovers
|-damage|p2a: Latias|46/100|[from] Leech Seed|[of] p1a: Ferrothorn
|-heal|p1a: Ferrothorn|100/100 par|[silent]
|upkeep
|turn|98
|
|move|p2a: Latias|Recover|p2a: Latias
|-heal|p2a: Latias|96/100
|move|p1a: Ferrothorn|Leech Seed||[still]
|-fail|p1a: Ferrothorn
|
|-weather|Sandstorm|[upkeep]
|-damage|p2a: Latias|90/100|[from] Sandstorm
|-heal|p2a: Latias|96/100|[from] item: Leftovers
|-damage|p2a: Latias|84/100|[from] Leech Seed|[of] p1a: Ferrothorn
|upkeep
|turn|99
|
|switch|p2a: Reuniclus|Reuniclus, M|73/100
|move|p1a: Ferrothorn|Leech Seed|p2a: Reuniclus
|-start|p2a: Reuniclus|move: Leech Seed
|
|-weather|Sandstorm|[upkeep]
|upkeep
|turn|100
|
|cant|p1a: Ferrothorn|par
|move|p2a: Reuniclus|Calm Mind|p2a: Reuniclus
|-boost|p2a: Reuniclus|spa|1
|-boost|p2a: Reuniclus|spd|1
|
|-weather|Sandstorm|[upkeep]
|upkeep
|turn|101
|
|move|p2a: Reuniclus|Calm Mind|p2a: Reuniclus
|-boost|p2a: Reuniclus|spa|1
|-boost|p2a: Reuniclus|spd|1
|move|p1a: Ferrothorn|Spikes||[still]
|-fail|p1a: Ferrothorn
|
|-weather|Sandstorm|[upkeep]
|upkeep
|turn|102
|
|move|p2a: Reuniclus|Calm Mind|p2a: Reuniclus
|-boost|p2a: Reuniclus|spa|1
|-boost|p2a: Reuniclus|spd|1
|move|p1a: Ferrothorn|Spikes||[still]
|-fail|p1a: Ferrothorn
|
|-weather|Sandstorm|[upkeep]
|upkeep
|turn|103
|
|move|p2a: Reuniclus|Calm Mind|p2a: Reuniclus
|-boost|p2a: Reuniclus|spa|1
|-boost|p2a: Reuniclus|spd|1
|move|p1a: Ferrothorn|Spikes||[still]
|-fail|p1a: Ferrothorn
|
|-weather|Sandstorm|[upkeep]
|upkeep
|turn|104
|
|move|p2a: Reuniclus|Calm Mind|p2a: Reuniclus
|-boost|p2a: Reuniclus|spa|1
|-boost|p2a: Reuniclus|spd|1
|move|p1a: Ferrothorn|Spikes||[still]
|-fail|p1a: Ferrothorn
|
|-weather|Sandstorm|[upkeep]
|upkeep
|turn|105
|
|move|p2a: Reuniclus|Calm Mind|p2a: Reuniclus
|-boost|p2a: Reuniclus|spa|1
|-boost|p2a: Reuniclus|spd|1
|move|p1a: Ferrothorn|Spikes||[still]
|-fail|p1a: Ferrothorn
|
|-weather|Sandstorm|[upkeep]
|upkeep
|turn|106
|
|move|p1a: Ferrothorn|Protect|p1a: Ferrothorn
|-singleturn|p1a: Ferrothorn|Protect
|move|p2a: Reuniclus|Calm Mind|p2a: Reuniclus
|-boost|p2a: Reuniclus|spa|0
|-boost|p2a: Reuniclus|spd|0
|
|-weather|Sandstorm|[upkeep]
|upkeep
|turn|107
|
|move|p1a: Ferrothorn|Protect||[still]
|-fail|p1a: Ferrothorn
|move|p2a: Reuniclus|Calm Mind|p2a: Reuniclus
|-boost|p2a: Reuniclus|spa|0
|-boost|p2a: Reuniclus|spd|0
|
|-weather|Sandstorm|[upkeep]
|upkeep
|turn|108
|
|cant|p1a: Ferrothorn|par
|move|p2a: Reuniclus|Calm Mind|p2a: Reuniclus
|-boost|p2a: Reuniclus|spa|0
|-boost|p2a: Reuniclus|spd|0
|
|-weather|Sandstorm|[upkeep]
|upkeep
|turn|109
|
|cant|p1a: Ferrothorn|par
|move|p2a: Reuniclus|Calm Mind|p2a: Reuniclus
|-boost|p2a: Reuniclus|spa|0
|-boost|p2a: Reuniclus|spd|0
|
|-weather|Sandstorm|[upkeep]
|upkeep
|turn|110
|
|move|p1a: Ferrothorn|Protect|p1a: Ferrothorn
|-singleturn|p1a: Ferrothorn|Protect
|move|p2a: Reuniclus|Calm Mind|p2a: Reuniclus
|-boost|p2a: Reuniclus|spa|0
|-boost|p2a: Reuniclus|spd|0
|
|-weather|Sandstorm|[upkeep]
|upkeep
|turn|111
|
|switch|p2a: Latias|Latias, F|84/100
|-damage|p2a: Latias|72/100|[from] Stealth Rock
|move|p1a: Ferrothorn|Leech Seed|p2a: Latias
|-start|p2a: Latias|move: Leech Seed
|
|-weather|Sandstorm|[upkeep]
|-damage|p2a: Latias|66/100|[from] Sandstorm
|-heal|p2a: Latias|72/100|[from] item: Leftovers
|-damage|p2a: Latias|59/100|[from] Leech Seed|[of] p1a: Ferrothorn
|upkeep
|turn|112
|
|move|p2a: Latias|Recover|p2a: Latias
|-heal|p2a: Latias|100/100
|move|p1a: Ferrothorn|Power Whip|p2a: Latias
|-resisted|p2a: Latias
|-damage|p2a: Latias|78/100
|
|-weather|Sandstorm|[upkeep]
|-damage|p2a: Latias|72/100|[from] Sandstorm
|-heal|p2a: Latias|78/100|[from] item: Leftovers
|-damage|p2a: Latias|66/100|[from] Leech Seed|[of] p1a: Ferrothorn
|upkeep
|turn|113
|
|move|p2a: Latias|Thunder Wave|p1a: Ferrothorn
|-fail|p1a: Ferrothorn|par
|move|p1a: Ferrothorn|Leech Seed||[still]
|-fail|p1a: Ferrothorn
|
|-weather|Sandstorm|[upkeep]
|-damage|p2a: Latias|60/100|[from] Sandstorm
|-heal|p2a: Latias|66/100|[from] item: Leftovers
|-damage|p2a: Latias|54/100|[from] Leech Seed|[of] p1a: Ferrothorn
|upkeep
|turn|114
|
|move|p2a: Latias|Recover|p2a: Latias
|-heal|p2a: Latias|100/100
|move|p1a: Ferrothorn|Power Whip|p2a: Latias
|-resisted|p2a: Latias
|-damage|p2a: Latias|78/100
|
|-weather|Sandstorm|[upkeep]
|-damage|p2a: Latias|72/100|[from] Sandstorm
|-heal|p2a: Latias|78/100|[from] item: Leftovers
|-damage|p2a: Latias|66/100|[from] Leech Seed|[of] p1a: Ferrothorn
|upkeep
|turn|115
|
|move|p2a: Latias|Surf|p1a: Ferrothorn
|-resisted|p1a: Ferrothorn
|-damage|p1a: Ferrothorn|90/100 par
|move|p1a: Ferrothorn|Leech Seed||[still]
|-fail|p1a: Ferrothorn
|
|-weather|Sandstorm|[upkeep]
|-damage|p2a: Latias|60/100|[from] Sandstorm
|-heal|p2a: Latias|66/100|[from] item: Leftovers
|-heal|p1a: Ferrothorn|96/100 par|[from] item: Leftovers
|-damage|p2a: Latias|54/100|[from] Leech Seed|[of] p1a: Ferrothorn
|-heal|p1a: Ferrothorn|100/100 par|[silent]
|upkeep
|turn|116
|
|move|p2a: Latias|Recover|p2a: Latias
|-heal|p2a: Latias|100/100
|move|p1a: Ferrothorn|Power Whip|p2a: Latias|[miss]
|-miss|p1a: Ferrothorn|p2a: Latias
|
|-weather|Sandstorm|[upkeep]
|-damage|p2a: Latias|94/100|[from] Sandstorm
|-heal|p2a: Latias|100/100|[from] item: Leftovers
|-damage|p2a: Latias|88/100|[from] Leech Seed|[of] p1a: Ferrothorn
|upkeep
|turn|117
|inactive|porrompompom has 120 seconds left.
|c|☆porrompompom|aaaaand yes, you were stupid enough to let latias fall in range of ko with power crit but of course this game does enjoy rewarding the dumb playing
|inactive|porrompompom has 90 seconds left.
|-message|porrompompom forfeited.
|
|win|Iamaloser314
|l|☆porrompompom
|raw|porrompompom's rating: 1500 &rarr; <strong>1474</strong><br />(-26 for losing)
|raw|Iamaloser314's rating: 1397 &rarr; <strong>1423</strong><br />(+26 for winning)
|l|☆Iamaloser314
|j|☆porrompompom
