|j|☆Giovanna G
|j|☆Thank You Uzi
|player|p1|Giovanna G|lady-gen4|1529
|player|p2|Thank You Uzi|102|1463
|teamsize|p1|6
|teamsize|p2|6
|gametype|singles
|gen|5
|tier|[Gen 5] OU
|rated|
|clearpoke
|poke|p1|Reuniclus, F|item
|poke|p1|Scizor, F|item
|poke|p1|Landorus-Therian, M|item
|poke|p1|Keldeo|item
|poke|p1|Rotom-Wash|item
|poke|p1|Latios, M|item
|poke|p2|Conkeldurr, F|item
|poke|p2|Rotom-Wash|item
|poke|p2|Latias, F|item
|poke|p2|Ferrothorn, M|item
|poke|p2|Tyranitar, F|item
|poke|p2|Landorus-Therian, M|item
|rule|Species Clause: Limit one of each Pokémon
|rule|OHKO Clause: OHKO moves are banned
|rule|Moody Clause: Moody is banned
|rule|Evasion Moves Clause: Evasion moves are banned
|rule|Endless Battle Clause: Forcing endless battles is banned
|rule|HP Percentage Mod: HP is shown in percentages
|rule|Evasion Abilities Clause: Evasion abilities are banned
|rule|Baton Pass Clause: Limit one Baton Passer, can't pass Spe and other stats simultaneously
|rule|Sleep Clause: Sleep-inducing moves are banned
|rule|Swagger Clause: Swagger is banned
|teampreview
|
|start
|switch|p1a: MOST USED|Landorus-Therian, M|100/100
|switch|p2a: Homecoming|Rotom-Wash, shiny|100/100
|-ability|p1a: MOST USED|Intimidate|boost
|-unboost|p2a: Homecoming|atk|1
|turn|1
|inactive|Battle timer is ON: inactive players will automatically lose when time's up. (requested by Thank You Uzi)
|
|move|p1a: MOST USED|Stealth Rock|p2a: Homecoming
|-sidestart|p2: Thank You Uzi|move: Stealth Rock
|move|p2a: Homecoming|Hydro Pump|p1a: MOST USED
|-supereffective|p1a: MOST USED
|-damage|p1a: MOST USED|0 fnt
|faint|p1a: MOST USED
|
|upkeep
|
|switch|p1a: ITS HALLOWEEN|Reuniclus, F, shiny|100/100
|turn|2
|
|switch|p1a: D'Artagnan|Keldeo|100/100
|move|p2a: Homecoming|Volt Switch|p1a: D'Artagnan
|-supereffective|p1a: D'Artagnan
|-damage|p1a: D'Artagnan|39/100
|j| Fusako Shigenobu
|
|switch|p2a: Venetia|Latias, F|100/100|[from]move: Volt Switch
|-damage|p2a: Venetia|88/100|[from] Stealth Rock
|
|upkeep
|turn|3
|
|switch|p1a: Scizor|Scizor, F|100/100
|move|p2a: Venetia|Draco Meteor|p1a: Scizor
|-resisted|p1a: Scizor
|-damage|p1a: Scizor|64/100
|-unboost|p2a: Venetia|spa|2
|
|upkeep
|turn|4
|
|-activate|p2a: Venetia|move: Pursuit
|move|p1a: Scizor|Pursuit|p2a: Venetia|[from]Pursuit
|-supereffective|p2a: Venetia
|-damage|p2a: Venetia|0 fnt
|-hint|A Pokemon can't switch between when it runs out of HP and when it faints
|faint|p2a: Venetia
|
|upkeep
|
|switch|p2a: That Way|Landorus-Therian, M|100/100
|-damage|p2a: That Way|88/100|[from] Stealth Rock
|-ability|p2a: That Way|Intimidate|boost
|-unboost|p1a: Scizor|atk|1
|turn|5
|
|switch|p1a: OVERUSED|Rotom-Wash, shiny|100/100
|move|p2a: That Way|Stealth Rock|p1a: OVERUSED
|-sidestart|p1: Giovanna G|move: Stealth Rock
|
|upkeep
|turn|6
|inactive|Giovanna G has 120 seconds left.
|
|switch|p2a: Homecoming|Rotom-Wash, shiny|100/100
|-damage|p2a: Homecoming|88/100|[from] Stealth Rock
|move|p1a: OVERUSED|Trick|p2a: Homecoming
|-activate|p1a: OVERUSED|move: Trick|[of] p2a: Homecoming
|-item|p2a: Homecoming|Choice Specs|[from] move: Trick
|-item|p1a: OVERUSED|Leftovers|[from] move: Trick
|
|upkeep
|turn|7
|
|move|p1a: OVERUSED|Volt Switch|p2a: Homecoming
|-damage|p2a: Homecoming|63/100
|
|switch|p1a: ITS HALLOWEEN|Reuniclus, F, shiny|100/100|[from]move: Volt Switch
|move|p2a: Homecoming|Volt Switch|p1a: ITS HALLOWEEN
|-damage|p1a: ITS HALLOWEEN|65/100
|
|switch|p2a: Urgency|Tyranitar, F|100/100|[from]move: Volt Switch
|-damage|p2a: Urgency|88/100|[from] Stealth Rock
|-weather|Sandstorm|[from] ability: Sand Stream|[of] p2a: Urgency
|
|-weather|Sandstorm|[upkeep]
|-heal|p1a: ITS HALLOWEEN|71/100|[from] item: Leftovers
|upkeep
|turn|8
|
|move|p2a: Urgency|Crunch|p1a: ITS HALLOWEEN
|-supereffective|p1a: ITS HALLOWEEN
|-damage|p1a: ITS HALLOWEEN|0 fnt
|faint|p1a: ITS HALLOWEEN
|
|-weather|Sandstorm|[upkeep]
|upkeep
|
|switch|p1a: D'Artagnan|Keldeo|39/100
|-damage|p1a: D'Artagnan|33/100|[from] Stealth Rock
|turn|9
|
|switch|p2a: Pluto|Conkeldurr, F, shiny|100/100
|-damage|p2a: Pluto|94/100|[from] Stealth Rock
|move|p1a: D'Artagnan|Secret Sword|p2a: Pluto
|-damage|p2a: Pluto|34/100
|
|-weather|Sandstorm|[upkeep]
|-damage|p1a: D'Artagnan|27/100|[from] Sandstorm
|-damage|p2a: Pluto|28/100|[from] Sandstorm
|upkeep
|turn|10
|
|move|p2a: Pluto|Mach Punch|p1a: D'Artagnan
|-damage|p1a: D'Artagnan|0 fnt
|-damage|p2a: Pluto|18/100|[from] item: Life Orb
|faint|p1a: D'Artagnan
|
|-weather|Sandstorm|[upkeep]
|-damage|p2a: Pluto|12/100|[from] Sandstorm
|upkeep
|
|switch|p1a: OVERUSED|Rotom-Wash, shiny|100/100
|-damage|p1a: OVERUSED|88/100|[from] Stealth Rock
|turn|11
|
|move|p2a: Pluto|Mach Punch|p1a: OVERUSED
|-crit|p1a: OVERUSED
|-damage|p1a: OVERUSED|22/100
|-damage|p2a: Pluto|2/100|[from] item: Life Orb
|move|p1a: OVERUSED|Hydro Pump|p2a: Pluto
|-damage|p2a: Pluto|0 fnt
|faint|p2a: Pluto
|
|-weather|Sandstorm|[upkeep]
|-damage|p1a: OVERUSED|16/100|[from] Sandstorm
|-heal|p1a: OVERUSED|22/100|[from] item: Leftovers
|upkeep
|
|switch|p2a: Homecoming|Rotom-Wash, shiny|63/100
|-damage|p2a: Homecoming|50/100|[from] Stealth Rock
|turn|12
|
|move|p1a: OVERUSED|Volt Switch|p2a: Homecoming
|-damage|p2a: Homecoming|23/100
|
|switch|p1a: RANDOM SET|Latios, M|100/100|[from]move: Volt Switch
|-damage|p1a: RANDOM SET|88/100|[from] Stealth Rock
|move|p2a: Homecoming|Volt Switch|p1a: RANDOM SET
|-resisted|p1a: RANDOM SET
|-damage|p1a: RANDOM SET|67/100
|
|switch|p2a: Urgency|Tyranitar, F|88/100|[from]move: Volt Switch
|-damage|p2a: Urgency|76/100|[from] Stealth Rock
|
|-weather|Sandstorm|[upkeep]
|-damage|p1a: RANDOM SET|61/100|[from] Sandstorm
|upkeep
|turn|13
|
|move|p1a: RANDOM SET|Surf|p2a: Urgency
|-supereffective|p2a: Urgency
|-damage|p2a: Urgency|38/100
|move|p2a: Urgency|Pursuit|p1a: RANDOM SET
|-supereffective|p1a: RANDOM SET
|-damage|p1a: RANDOM SET|0 fnt
|faint|p1a: RANDOM SET
|
|-weather|Sandstorm|[upkeep]
|upkeep
|
|switch|p1a: Scizor|Scizor, F|64/100
|-damage|p1a: Scizor|52/100|[from] Stealth Rock
|turn|14
|
|switch|p2a: That Way|Landorus-Therian, M|88/100
|-damage|p2a: That Way|76/100|[from] Stealth Rock
|-ability|p2a: That Way|Intimidate|boost
|-unboost|p1a: Scizor|atk|1
|move|p1a: Scizor|U-turn|p2a: That Way
|-resisted|p2a: That Way
|-damage|p2a: That Way|58/100
|-damage|p1a: Scizor|35/100|[from] item: Rocky Helmet|[of] p2a: That Way
|
|switch|p1a: OVERUSED|Rotom-Wash, shiny|22/100|[from]move: U-turn
|-damage|p1a: OVERUSED|10/100|[from] Stealth Rock
|
|-weather|Sandstorm|[upkeep]
|-damage|p1a: OVERUSED|4/100|[from] Sandstorm
|-heal|p1a: OVERUSED|10/100|[from] item: Leftovers
|upkeep
|turn|15
|
|switch|p2a: Homecoming|Rotom-Wash, shiny|23/100
|-damage|p2a: Homecoming|11/100|[from] Stealth Rock
|move|p1a: OVERUSED|Hydro Pump|p2a: Homecoming
|-resisted|p2a: Homecoming
|-damage|p2a: Homecoming|0 fnt
|faint|p2a: Homecoming
|
|-weather|Sandstorm|[upkeep]
|-damage|p1a: OVERUSED|4/100|[from] Sandstorm
|-heal|p1a: OVERUSED|10/100|[from] item: Leftovers
|upkeep
|
|switch|p2a: Lo Mein|Ferrothorn, M|100/100
|-damage|p2a: Lo Mein|95/100|[from] Stealth Rock
|turn|16
|
|move|p1a: OVERUSED|Hidden Power|p2a: Lo Mein
|-supereffective|p2a: Lo Mein
|-damage|p2a: Lo Mein|27/100
|move|p2a: Lo Mein|Power Whip|p1a: OVERUSED
|-supereffective|p1a: OVERUSED
|-crit|p1a: OVERUSED
|-damage|p1a: OVERUSED|0 fnt
|faint|p1a: OVERUSED
|
|-weather|Sandstorm|[upkeep]
|-heal|p2a: Lo Mein|33/100|[from] item: Leftovers
|upkeep
|-message|Giovanna G forfeited.
|
|win|Thank You Uzi
|l|☆Giovanna G
|raw|Giovanna G's rating: 1529 &rarr; <strong>1506</strong><br />(-23 for losing)
|raw|Thank You Uzi's rating: 1463 &rarr; <strong>1487</strong><br />(+24 for winning)
