|j|☆Dovahhkiin64
|j|☆baishii
|t:|1716154160
|gametype|singles
|player|p1|Dovahhkiin64|n|1384
|player|p2|baishii|steven|1594
|teamsize|p1|6
|teamsize|p2|6
|gen|5
|tier|[Gen 5] OU
|rated|
|rule|Species Clause: Limit one of each Pokémon
|rule|OHKO Clause: OHKO moves are banned
|rule|Moody Clause: Moody is banned
|rule|Evasion Items Clause: Evasion items are banned
|rule|Evasion Moves Clause: Evasion moves are banned
|rule|Endless Battle Clause: Forcing endless battles is banned
|rule|HP Percentage Mod: HP is shown in percentages
|rule|Evasion Abilities Clause: Evasion abilities are banned
|rule|Sleep Moves Clause: Sleep-inducing moves are banned
|rule|Swagger Clause: Swagger is banned
|rule|Baton Pass Stat Clause: No Baton Passer may have a way to boost its stats
|clearpoke
|poke|p1|Krookodile, F|item
|poke|p1|Keldeo|item
|poke|p1|Volcarona, M|item
|poke|p1|Ferrothorn, F|item
|poke|p1|Excadrill, M|item
|poke|p1|Dragonite, M|item
|poke|p2|Magnezone|item
|poke|p2|Latios, M|item
|poke|p2|Garchomp, M|item
|poke|p2|Scizor, M|item
|poke|p2|Mamoswine, F|item
|poke|p2|Dragonite, M|item
|teampreview
|inactive|Battle timer is ON: inactive players will automatically lose when time's up. (requested by baishii)
|
|t:|1716154179
|start
|switch|p1a: Excadrill|Excadrill, M|100/100
|switch|p2a: Dragonite|Dragonite, M|100/100
|-ability|p1a: Excadrill|Mold Breaker
|turn|1
|
|t:|1716154186
|move|p1a: Excadrill|Rock Slide|p2a: Dragonite
|-supereffective|p2a: Dragonite
|-damage|p2a: Dragonite|39/100
|move|p2a: Dragonite|Flamethrower|p1a: Excadrill
|-supereffective|p1a: Excadrill
|-damage|p1a: Excadrill|0 fnt
|faint|p1a: Excadrill
|-damage|p2a: Dragonite|29/100|[from] item: Life Orb
|
|upkeep
|
|t:|1716154204
|switch|p1a: Dragonite|Dragonite, M|100/100
|turn|2
|
|t:|1716154208
|move|p1a: Dragonite|Extreme Speed|p2a: Dragonite
|-damage|p2a: Dragonite|0 fnt
|faint|p2a: Dragonite
|
|upkeep
|
|t:|1716154210
|switch|p2a: Mamoswine|Mamoswine, F|100/100
|turn|3
|
|t:|1716154215
|switch|p1a: Ferrothorn|Ferrothorn, F|100/100
|move|p2a: Mamoswine|Stealth Rock|p1a: Ferrothorn
|-sidestart|p1: Dovahhkiin64|move: Stealth Rock
|
|upkeep
|turn|4
|
|t:|1716154221
|switch|p2a: Magnezone|Magnezone|100/100
|move|p1a: Ferrothorn|Stealth Rock|p2a: Magnezone
|-sidestart|p2: baishii|move: Stealth Rock
|
|upkeep
|turn|5
|
|t:|1716154228
|move|p2a: Magnezone|Hidden Power|p1a: Ferrothorn
|-supereffective|p1a: Ferrothorn
|-damage|p1a: Ferrothorn|35/100
|move|p1a: Ferrothorn|Knock Off|p2a: Magnezone
|-resisted|p2a: Magnezone
|-damage|p2a: Magnezone|98/100
|-enditem|p2a: Magnezone|Choice Scarf|[from] move: Knock Off|[of] p1a: Ferrothorn
|
|-heal|p1a: Ferrothorn|41/100|[from] item: Leftovers
|upkeep
|turn|6
|
|t:|1716154238
|move|p2a: Magnezone|Hidden Power|p1a: Ferrothorn
|-supereffective|p1a: Ferrothorn
|-damage|p1a: Ferrothorn|0 fnt
|faint|p1a: Ferrothorn
|
|upkeep
|
|t:|1716154253
|switch|p1a: Keldeo|Keldeo|100/100
|-damage|p1a: Keldeo|94/100|[from] Stealth Rock
|turn|7
|
|t:|1716154264
|move|p1a: Keldeo|Secret Sword|p2a: Magnezone
|-supereffective|p2a: Magnezone
|-damage|p2a: Magnezone|0 fnt
|faint|p2a: Magnezone
|
|upkeep
|
|t:|1716154273
|switch|p2a: Latios|Latios, M, shiny|100/100
|-damage|p2a: Latios|88/100|[from] Stealth Rock
|turn|8
|
|t:|1716154278
|move|p2a: Latios|Draco Meteor|p1a: Keldeo
|-damage|p1a: Keldeo|6/100
|-unboost|p2a: Latios|spa|2
|move|p1a: Keldeo|Secret Sword|p2a: Latios
|-resisted|p2a: Latios
|-damage|p2a: Latios|44/100
|
|upkeep
|turn|9
|
|t:|1716154293
|switch|p2a: Garchomp|Garchomp, M|100/100
|-damage|p2a: Garchomp|94/100|[from] Stealth Rock
|move|p1a: Keldeo|Secret Sword|p2a: Garchomp
|-damage|p2a: Garchomp|29/100
|
|-heal|p2a: Garchomp|35/100|[from] item: Leftovers
|upkeep
|turn|10
|
|t:|1716154306
|move|p1a: Keldeo|Secret Sword|p2a: Garchomp
|-damage|p2a: Garchomp|0 fnt
|faint|p2a: Garchomp
|
|upkeep
|
|t:|1716154313
|switch|p2a: Mamoswine|Mamoswine, F|100/100
|-damage|p2a: Mamoswine|88/100|[from] Stealth Rock
|turn|11
|
|t:|1716154320
|move|p2a: Mamoswine|Ice Shard|p1a: Keldeo
|-resisted|p1a: Keldeo
|-damage|p1a: Keldeo|0 fnt
|faint|p1a: Keldeo
|
|upkeep
|
|t:|1716154325
|switch|p1a: Krookodile|Krookodile, F|100/100
|-damage|p1a: Krookodile|94/100|[from] Stealth Rock
|turn|12
|
|t:|1716154330
|move|p2a: Mamoswine|Ice Shard|p1a: Krookodile
|-supereffective|p1a: Krookodile
|-damage|p1a: Krookodile|29/100
|move|p1a: Krookodile|Superpower|p2a: Mamoswine
|-supereffective|p2a: Mamoswine
|-damage|p2a: Mamoswine|0 fnt
|-unboost|p1a: Krookodile|atk|1
|-unboost|p1a: Krookodile|def|1
|faint|p2a: Mamoswine
|-ability|p1a: Krookodile|Moxie|boost
|-boost|p1a: Krookodile|atk|1
|
|upkeep
|inactive|baishii has 120 seconds left.
|
|t:|1716154370
|switch|p2a: Latios|Latios, M, shiny|44/100
|-damage|p2a: Latios|31/100|[from] Stealth Rock
|turn|13
|inactive|baishii has 120 seconds left.
|
|t:|1716154379
|move|p2a: Latios|Dragon Pulse|p1a: Krookodile
|-damage|p1a: Krookodile|0 fnt
|faint|p1a: Krookodile
|
|upkeep
|
|t:|1716154384
|switch|p1a: Dragonite|Dragonite, M|100/100
|-damage|p1a: Dragonite|76/100|[from] Stealth Rock
|turn|14
|
|t:|1716154389
|switch|p2a: Scizor|Scizor, M|100/100
|-damage|p2a: Scizor|88/100|[from] Stealth Rock
|move|p1a: Dragonite|Extreme Speed|p2a: Scizor
|-resisted|p2a: Scizor
|-crit|p2a: Scizor
|-damage|p2a: Scizor|56/100
|
|upkeep
|turn|15
|
|t:|1716154397
|move|p2a: Scizor|Bullet Punch|p1a: Dragonite
|-damage|p1a: Dragonite|23/100
|move|p1a: Dragonite|Fire Punch|p2a: Scizor
|-supereffective|p2a: Scizor
|-damage|p2a: Scizor|0 fnt
|faint|p2a: Scizor
|
|upkeep
|
|t:|1716154399
|switch|p2a: Latios|Latios, M, shiny|31/100
|-damage|p2a: Latios|19/100|[from] Stealth Rock
|turn|16
|
|t:|1716154407
|move|p1a: Dragonite|Extreme Speed|p2a: Latios
|-damage|p2a: Latios|0 fnt
|faint|p2a: Latios
|
|win|Dovahhkiin64
|raw|Dovahhkiin64's rating: 1384 &rarr; <strong>1415</strong><br />(+31 for winning)
|raw|baishii's rating: 1594 &rarr; <strong>1563</strong><br />(-31 for losing)
|c|☆Dovahhkiin64|gg
|c|☆baishii|gnm
|l|☆baishii
|player|p2|
