|j|☆baixiaohen
|j|☆AltTestingAlt
|t:|1744039783
|gametype|singles
|player|p1|baixiaohen|red|1341
|player|p2|AltTestingAlt|twins-gen4dp|1314
|teamsize|p1|6
|teamsize|p2|6
|gen|5
|tier|[Gen 5] OU
|rated|
|rule|Species Clause: Limit one of each Pokémon
|rule|OHKO Clause: OHKO moves are banned
|rule|Moody Clause: Moody is banned
|rule|Evasion Items Clause: Evasion items are banned
|rule|Evasion Moves Clause: Evasion moves are banned
|rule|Endless Battle Clause: Forcing endless battles is banned
|rule|HP Percentage Mod: HP is shown in percentages
|rule|Evasion Abilities Clause: Evasion abilities are banned
|rule|Sleep Moves Clause: Sleep-inducing moves are banned
|rule|Swagger Clause: Swagger is banned
|rule|Baton Pass Stat Clause: No Baton Passer may have a way to boost its stats
|clearpoke
|poke|p1|Tyranitar, F|item
|poke|p1|Garchomp, F|item
|poke|p1|Skarmory, F|item
|poke|p1|Hydreigon, F|item
|poke|p1|Excadrill, M|item
|poke|p1|Jellicent, M|item
|poke|p2|Alomomola, M|item
|poke|p2|Amoonguss, M|item
|poke|p2|Quagsire, F|item
|poke|p2|Chansey, F|item
|poke|p2|Blissey, F|item
|poke|p2|Xatu, M|item
|teampreview
|inactive|Battle timer is ON: inactive players will automatically lose when time's up. (requested by baixiaohen)
|
|t:|1744039806
|start
|switch|p1a: Hydreigon|Hydreigon, F|100/100
|switch|p2a: Alomomola|Alomomola, M|100/100
|turn|1
|
|t:|1744039815
|switch|p2a: Chansey|Chansey, F|100/100
|move|p1a: Hydreigon|Taunt|p2a: Chansey
|-start|p2a: Chansey|move: Taunt
|
|upkeep
|turn|2
|
|t:|1744039823
|switch|p1a: Skarmory|Skarmory, F|100/100
|move|p2a: Chansey|Seismic Toss|p1a: Skarmory
|-damage|p1a: Skarmory|71/100
|-damage|p2a: Chansey|84/100|[from] item: Rocky Helmet|[of] p1a: Skarmory
|
|upkeep
|turn|3
|
|t:|1744039830
|switch|p2a: Xatu|Xatu, M|100/100
|move|p1a: Skarmory|Spikes|p2a: Xatu
|move|p2a: Xatu|Spikes|p1a: Skarmory|[from] ability: Magic Bounce
|-sidestart|p1: baixiaohen|Spikes
|
|upkeep
|turn|4
|
|t:|1744039839
|move|p2a: Xatu|Toxic|p1a: Skarmory
|-immune|p1a: Skarmory
|move|p1a: Skarmory|Roost|p1a: Skarmory
|-heal|p1a: Skarmory|100/100
|-singleturn|p1a: Skarmory|move: Roost
|
|upkeep
|turn|5
|
|t:|1744039845
|move|p2a: Xatu|Heat Wave|p1a: Skarmory|[miss]
|-miss|p2a: Xatu|p1a: Skarmory
|move|p1a: Skarmory|Whirlwind|p2a: Xatu
|move|p2a: Xatu|Whirlwind|p1a: Skarmory|[from] ability: Magic Bounce
|drag|p1a: Excadrill|Excadrill, M|100/100
|-damage|p1a: Excadrill|88/100|[from] Spikes
|-ability|p1a: Excadrill|Mold Breaker
|
|upkeep
|turn|6
|
|t:|1744039850
|move|p1a: Excadrill|Rock Slide|p2a: Xatu
|-supereffective|p2a: Xatu
|-damage|p2a: Xatu|44/100
|move|p2a: Xatu|Heat Wave|p1a: Excadrill
|-supereffective|p1a: Excadrill
|-damage|p1a: Excadrill|28/100
|
|-heal|p2a: Xatu|50/100|[from] item: Leftovers
|upkeep
|turn|7
|
|t:|1744039858
|switch|p1a: Tyranitar|Tyranitar, F|100/100
|-damage|p1a: Tyranitar|88/100|[from] Spikes
|-weather|Sandstorm|[from] ability: Sand Stream|[of] p1a: Tyranitar
|switch|p2a: Alomomola|Alomomola, M|100/100
|
|-weather|Sandstorm|[upkeep]
|-damage|p2a: Alomomola|94/100|[from] Sandstorm
|upkeep
|turn|8
|
|t:|1744039865
|move|p2a: Alomomola|Toxic|p1a: Tyranitar
|-status|p1a: Tyranitar|tox
|move|p1a: Tyranitar|Stone Edge|p2a: Alomomola
|-damage|p2a: Alomomola|71/100
|
|-weather|Sandstorm|[upkeep]
|-damage|p2a: Alomomola|65/100|[from] Sandstorm
|-damage|p1a: Tyranitar|82/100 tox|[from] psn
|upkeep
|turn|9
|
|t:|1744039883
|switch|p1a: Skarmory|Skarmory, F|100/100
|move|p2a: Alomomola|Wish|p2a: Alomomola
|
|-weather|Sandstorm|[upkeep]
|-damage|p2a: Alomomola|58/100|[from] Sandstorm
|upkeep
|turn|10
|
|t:|1744039889
|switch|p1a: Hydreigon|Hydreigon, F|100/100
|switch|p2a: Xatu|Xatu, M|50/100
|
|-weather|Sandstorm|[upkeep]
|-damage|p1a: Hydreigon|94/100|[from] Sandstorm
|-damage|p2a: Xatu|44/100|[from] Sandstorm
|-heal|p2a: Xatu|100/100|[from] move: Wish|[wisher] Alomomola
|-heal|p1a: Hydreigon|100/100|[from] item: Leftovers
|upkeep
|turn|11
|
|t:|1744039893
|switch|p2a: Blissey|Blissey, F|100/100
|move|p1a: Hydreigon|Dragon Pulse|p2a: Blissey
|-damage|p2a: Blissey|83/100
|
|-weather|Sandstorm|[upkeep]
|-damage|p1a: Hydreigon|94/100|[from] Sandstorm
|-damage|p2a: Blissey|77/100|[from] Sandstorm
|-heal|p1a: Hydreigon|100/100|[from] item: Leftovers
|upkeep
|turn|12
|
|t:|1744039909
|switch|p1a: Tyranitar|Tyranitar, F|82/100 tox
|-damage|p1a: Tyranitar|70/100 tox|[from] Spikes
|move|p2a: Blissey|Ice Beam|p1a: Tyranitar
|-crit|p1a: Tyranitar
|-damage|p1a: Tyranitar|41/100 tox
|
|-weather|Sandstorm|[upkeep]
|-damage|p2a: Blissey|71/100|[from] Sandstorm
|-damage|p1a: Tyranitar|35/100 tox|[from] psn
|upkeep
|turn|13
|-message|baixiaohen forfeited.
|
|win|AltTestingAlt
|raw|baixiaohen's rating: 1341 &rarr; <strong>1319</strong><br />(-22 for losing)
|raw|AltTestingAlt's rating: 1314 &rarr; <strong>1336</strong><br />(+22 for winning)
|l|☆baixiaohen
|player|p1|
