|j|☆qscf331
|j|☆Flame67
|t:|1738816150
|gametype|singles
|player|p1|qscf331|101|1388
|player|p2|Flame67|veteran|1319
|teamsize|p1|6
|teamsize|p2|6
|gen|5
|tier|[Gen 5] OU
|rated|
|rule|Species Clause: Limit one of each Pokémon
|rule|OHKO Clause: OHKO moves are banned
|rule|Moody Clause: Moody is banned
|rule|Evasion Items Clause: Evasion items are banned
|rule|Evasion Moves Clause: Evasion moves are banned
|rule|Endless Battle Clause: Forcing endless battles is banned
|rule|HP Percentage Mod: HP is shown in percentages
|rule|Evasion Abilities Clause: Evasion abilities are banned
|rule|Sleep Moves Clause: Sleep-inducing moves are banned
|rule|Swagger Clause: Swagger is banned
|rule|Baton Pass Stat Clause: No Baton Passer may have a way to boost its stats
|clearpoke
|poke|p1|Latios, M|item
|poke|p1|Skarmory, F|item
|poke|p1|Excadrill, M|item
|poke|p1|Tyranitar, F|item
|poke|p1|Keldeo|item
|poke|p1|Terrakion|item
|poke|p2|Azelf|item
|poke|p2|Dragonite, M|item
|poke|p2|Rampardos, M|item
|poke|p2|Magnezone|item
|poke|p2|Garchomp, M|item
|poke|p2|Latios, M|item
|teampreview
|
|t:|1738816158
|start
|switch|p1a: Tyranitar|Tyranitar, F|100/100
|switch|p2a: Azelf|Azelf|100/100
|-weather|Sandstorm|[from] ability: Sand Stream|[of] p1a: Tyranitar
|turn|1
|inactive|Battle timer is ON: inactive players will automatically lose when time's up. (requested by Flame67)
|
|t:|1738816163
|move|p2a: Azelf|Thunder Wave|p1a: Tyranitar
|-status|p1a: Tyranitar|par
|move|p1a: Tyranitar|Crunch|p2a: Azelf
|-supereffective|p2a: Azelf
|-enditem|p2a: Azelf|Focus Sash
|-damage|p2a: Azelf|1/100
|
|-weather|Sandstorm|[upkeep]
|-damage|p2a: Azelf|0 fnt|[from] Sandstorm
|faint|p2a: Azelf
|upkeep
|
|t:|1738816172
|switch|p2a: Rampardos|Rampardos, M|100/100
|-ability|p2a: Rampardos|Mold Breaker
|turn|2
|
|t:|1738816178
|switch|p1a: Keldeo|Keldeo|100/100
|move|p2a: Rampardos|Head Smash|p1a: Keldeo
|-resisted|p1a: Keldeo
|-damage|p1a: Keldeo|18/100
|-damage|p2a: Rampardos|61/100|[from] Recoil
|
|-weather|Sandstorm|[upkeep]
|-damage|p1a: Keldeo|11/100|[from] Sandstorm
|-heal|p1a: Keldeo|18/100|[from] item: Leftovers
|upkeep
|turn|3
|
|t:|1738816186
|switch|p2a: Latios|Latios, M|100/100
|move|p1a: Keldeo|Scald|p2a: Latios
|-resisted|p2a: Latios
|-damage|p2a: Latios|80/100
|
|-weather|Sandstorm|[upkeep]
|-damage|p2a: Latios|74/100|[from] Sandstorm
|-damage|p1a: Keldeo|11/100|[from] Sandstorm
|-heal|p1a: Keldeo|18/100|[from] item: Leftovers
|upkeep
|turn|4
|
|t:|1738816195
|move|p2a: Latios|Psyshock|p1a: Keldeo
|-supereffective|p1a: Keldeo
|-damage|p1a: Keldeo|0 fnt
|faint|p1a: Keldeo
|
|-weather|Sandstorm|[upkeep]
|-damage|p2a: Latios|68/100|[from] Sandstorm
|upkeep
|
|t:|1738816196
|switch|p1a: Tyranitar|Tyranitar, F|100/100 par
|turn|5
|
|t:|1738816201
|-activate|p2a: Latios|move: Pursuit
|move|p1a: Tyranitar|Pursuit|p2a: Latios|[from] Pursuit
|-supereffective|p2a: Latios
|-damage|p2a: Latios|0 fnt
|faint|p2a: Latios
|-hint|A Pokemon can't switch between when it runs out of HP and when it faints
|
|-weather|Sandstorm|[upkeep]
|upkeep
|
|t:|1738816205
|switch|p2a: Rampardos|Rampardos, M|61/100
|-ability|p2a: Rampardos|Mold Breaker
|turn|6
|
|t:|1738816211
|move|p2a: Rampardos|Earthquake|p1a: Tyranitar
|-supereffective|p1a: Tyranitar
|-damage|p1a: Tyranitar|1/100 par
|move|p1a: Tyranitar|Superpower|p2a: Rampardos
|-supereffective|p2a: Rampardos
|-damage|p2a: Rampardos|0 fnt
|-unboost|p1a: Tyranitar|atk|1
|-unboost|p1a: Tyranitar|def|1
|faint|p2a: Rampardos
|
|-weather|Sandstorm|[upkeep]
|upkeep
|
|t:|1738816219
|switch|p2a: Garchomp|Garchomp, M|100/100
|turn|7
|
|t:|1738816228
|move|p2a: Garchomp|Substitute|p2a: Garchomp
|-start|p2a: Garchomp|Substitute
|-damage|p2a: Garchomp|76/100
|move|p1a: Tyranitar|Crunch|p2a: Garchomp
|-end|p2a: Garchomp|Substitute
|
|-weather|Sandstorm|[upkeep]
|upkeep
|turn|8
|
|t:|1738816236
|move|p2a: Garchomp|Substitute|p2a: Garchomp
|-start|p2a: Garchomp|Substitute
|-damage|p2a: Garchomp|51/100
|move|p1a: Tyranitar|Crunch|p2a: Garchomp
|-end|p2a: Garchomp|Substitute
|
|-weather|Sandstorm|[upkeep]
|upkeep
|turn|9
|
|t:|1738816240
|switch|p1a: Skarmory|Skarmory, F|100/100
|move|p2a: Garchomp|Substitute|p2a: Garchomp
|-start|p2a: Garchomp|Substitute
|-damage|p2a: Garchomp|26/100
|
|-weather|Sandstorm|[upkeep]
|upkeep
|turn|10
|
|t:|1738816242
|move|p2a: Garchomp|Swords Dance|p2a: Garchomp
|-boost|p2a: Garchomp|atk|2
|move|p1a: Skarmory|Taunt|p2a: Garchomp
|-start|p2a: Garchomp|move: Taunt
|
|-weather|Sandstorm|[upkeep]
|upkeep
|turn|11
|
|t:|1738816249
|move|p2a: Garchomp|Outrage|p1a: Skarmory
|-resisted|p1a: Skarmory
|-damage|p1a: Skarmory|44/100
|move|p1a: Skarmory|Stealth Rock|p2a: Garchomp
|-sidestart|p2: Flame67|move: Stealth Rock
|
|-weather|Sandstorm|[upkeep]
|upkeep
|turn|12
|
|t:|1738816255
|switch|p1a: Tyranitar|Tyranitar, F|1/100 par
|move|p2a: Garchomp|Outrage|p1a: Tyranitar|[from] lockedmove
|-damage|p1a: Tyranitar|0 fnt
|faint|p1a: Tyranitar
|
|-weather|Sandstorm|[upkeep]
|upkeep
|
|t:|1738816259
|switch|p1a: Excadrill|Excadrill, M|100/100
|turn|13
|
|t:|1738816260
|move|p2a: Garchomp|Outrage|p1a: Excadrill|[from] lockedmove
|-resisted|p1a: Excadrill
|-damage|p1a: Excadrill|6/100
|-start|p2a: Garchomp|confusion|[fatigue]
|move|p1a: Excadrill|Earthquake|p2a: Garchomp
|-end|p2a: Garchomp|Substitute
|
|-weather|Sandstorm|[upkeep]
|-heal|p1a: Excadrill|12/100|[from] item: Leftovers
|-end|p2a: Garchomp|move: Taunt
|upkeep
|turn|14
|
|t:|1738816272
|switch|p1a: Skarmory|Skarmory, F|44/100
|-activate|p2a: Garchomp|confusion
|-damage|p2a: Garchomp|0 fnt|[from] confusion
|faint|p2a: Garchomp
|
|-weather|Sandstorm|[upkeep]
|upkeep
|
|t:|1738816278
|switch|p2a: Magnezone|Magnezone, shiny|100/100
|-damage|p2a: Magnezone|94/100|[from] Stealth Rock
|-item|p2a: Magnezone|Air Balloon
|turn|15
|
|t:|1738816282
|move|p1a: Skarmory|Brave Bird|p2a: Magnezone
|-resisted|p2a: Magnezone
|-damage|p2a: Magnezone|81/100
|-enditem|p2a: Magnezone|Air Balloon
|-damage|p1a: Skarmory|39/100|[from] Recoil
|move|p2a: Magnezone|Volt Switch|p1a: Skarmory
|-supereffective|p1a: Skarmory
|-damage|p1a: Skarmory|0 fnt
|faint|p1a: Skarmory
|
|t:|1738816284
|switch|p2a: Dragonite|Dragonite, M|100/100|[from] Volt Switch
|-damage|p2a: Dragonite|76/100|[from] Stealth Rock
|
|-weather|Sandstorm|[upkeep]
|-damage|p2a: Dragonite|70/100|[from] Sandstorm
|upkeep
|
|t:|1738816287
|switch|p1a: Latios|Latios, M|100/100
|turn|16
|
|t:|1738816294
|move|p1a: Latios|Dragon Pulse|p2a: Dragonite
|-supereffective|p2a: Dragonite
|-damage|p2a: Dragonite|0 fnt
|faint|p2a: Dragonite
|
|-weather|Sandstorm|[upkeep]
|-damage|p1a: Latios|95/100|[from] Sandstorm
|upkeep
|
|t:|1738816296
|switch|p2a: Magnezone|Magnezone, shiny|81/100
|-damage|p2a: Magnezone|75/100|[from] Stealth Rock
|turn|17
|
|t:|1738816298
|move|p1a: Latios|Dragon Pulse|p2a: Magnezone
|-resisted|p2a: Magnezone
|-damage|p2a: Magnezone|31/100
|move|p2a: Magnezone|Thunder Wave|p1a: Latios
|-status|p1a: Latios|par
|
|-weather|Sandstorm|[upkeep]
|-damage|p1a: Latios|89/100 par|[from] Sandstorm
|upkeep
|turn|18
|
|t:|1738816301
|move|p2a: Magnezone|Flash Cannon|p1a: Latios
|-damage|p1a: Latios|39/100 par
|-unboost|p1a: Latios|spd|1
|move|p1a: Latios|Dragon Pulse|p2a: Magnezone
|-resisted|p2a: Magnezone
|-damage|p2a: Magnezone|0 fnt
|faint|p2a: Magnezone
|
|win|qscf331
|raw|qscf331's rating: 1388 &rarr; <strong>1404</strong><br />(+16 for winning)
|raw|Flame67's rating: 1319 &rarr; <strong>1303</strong><br />(-16 for losing)
