|j|☆Quick
|j|☆JustDarius
|player|p1|Quick|80
|player|p2|JustDarius|129
|teamsize|p1|6
|teamsize|p2|6
|gametype|singles
|gen|5
|tier|[Gen 5] OU
|rated|
|rule|Sleep Clause Mod: Limit one foe put to sleep
|rule|Species Clause: Limit one of each Pokémon
|rule|OHKO Clause: OHKO moves are banned
|rule|Moody Clause: Moody is banned
|rule|Evasion Moves Clause: Evasion moves are banned
|rule|Endless Battle Clause: Forcing endless battles is banned
|rule|HP Percentage Mod: HP is shown in percentages
|rule|Evasion Abilities Clause: Evasion abilities are banned
|rule|Baton Pass Clause: Limit one Baton Passer, can't pass Spe and other stats simultaneously
|rule|Swagger Clause: Swagger is banned
|clearpoke
|poke|p1|Rotom-Wash|item
|poke|p1|Excadrill, M|item
|poke|p1|Landorus-Therian, M|item
|poke|p1|Latios, M|item
|poke|p1|Infernape, M|item
|poke|p1|Tyranitar, M|item
|poke|p2|Rotom-Wash|item
|poke|p2|Excadrill, F|item
|poke|p2|Landorus-Therian, M|item
|poke|p2|Latios, M|item
|poke|p2|Infernape, M|item
|poke|p2|Tyranitar, M|item
|teampreview
|c|☆JustDarius|ohh hey
|c|☆Quick|hey
|c|☆JustDarius|same team XD
|j| Faqqotsarebad
|
|start
|switch|p1a: Rotom|Rotom-Wash|100/100
|switch|p2a: Infernape|Infernape, M|100/100
|turn|1
|
|move|p2a: Infernape|U-turn|p1a: Rotom
|-crit|p1a: Rotom
|-damage|p1a: Rotom|65/100
|
|switch|p2a: Latios|Latios, M|100/100
|move|p1a: Rotom|Volt Switch|p2a: Latios
|-resisted|p2a: Latios
|-damage|p2a: Latios|85/100
|
|switch|p1a: Tyranitar|Tyranitar, M|100/100
|-weather|Sandstorm|[from] ability: Sand Stream|[of] p1a: Tyranitar
|
|-weather|Sandstorm|[upkeep]
|-damage|p2a: Latios|79/100|[from] Sandstorm
|upkeep
|turn|2
|
|move|p2a: Latios|Surf|p1a: Tyranitar
|-supereffective|p1a: Tyranitar
|-damage|p1a: Tyranitar|59/100
|-damage|p2a: Latios|69/100|[from] item: Life Orb
|move|p1a: Tyranitar|Pursuit|p2a: Latios
|-supereffective|p2a: Latios
|-damage|p2a: Latios|6/100
|
|-weather|Sandstorm|[upkeep]
|-damage|p2a: Latios|0|[from] Sandstorm
|upkeep
|faint|p2a: Latios
|
|switch|p2a: Infernape|Infernape, M|100/100
|turn|3
|j| Nine_Tails13
|
|switch|p1a: Rotom|Rotom-Wash|65/100
|move|p2a: Infernape|U-turn|p1a: Rotom
|-crit|p1a: Rotom
|-damage|p1a: Rotom|31/100
|c| Nine_Tails13|What are the odds
|
|switch|p2a: Landorus|Landorus-Therian, M|100/100
|-ability|p2a: Landorus|Intimidate|boost
|-unboost|p1a: Rotom|atk|1
|
|-weather|Sandstorm|[upkeep]
|-damage|p1a: Rotom|25/100|[from] Sandstorm
|-heal|p1a: Rotom|31/100|[from] item: Leftovers
|upkeep
|turn|4
|
|move|p2a: Landorus|Superpower|p1a: Rotom
|-damage|p1a: Rotom|0
|-unboost|p2a: Landorus|atk|1
|-unboost|p2a: Landorus|def|1
|faint|p1a: Rotom
|
|-weather|Sandstorm|[upkeep]
|upkeep
|
|switch|p1a: Landorus|Landorus-Therian, M|100/100
|-ability|p1a: Landorus|Intimidate|boost
|-unboost|p2a: Landorus|atk|1
|turn|5
|
|switch|p2a: Rotom|Rotom-Wash|100/100
|move|p1a: Landorus|U-turn|p2a: Rotom
|-damage|p2a: Rotom|74/100
|
|switch|p1a: Latios|Latios, M|100/100
|
|-weather|Sandstorm|[upkeep]
|-damage|p1a: Latios|95/100|[from] Sandstorm
|-damage|p2a: Rotom|68/100|[from] Sandstorm
|-heal|p2a: Rotom|74/100|[from] item: Leftovers
|upkeep
|turn|6
|
|switch|p1a: Tyranitar|Tyranitar, M|59/100
|switch|p2a: Excadrill|Excadrill, F|100/100
|
|-weather|Sandstorm|[upkeep]
|upkeep
|turn|7
|
|switch|p1a: Landorus|Landorus-Therian, M|100/100
|-ability|p1a: Landorus|Intimidate|boost
|-unboost|p2a: Excadrill|atk|1
|move|p2a: Excadrill|Earthquake|p1a: Landorus
|-immune|p1a: Landorus|[msg]
|
|-weather|Sandstorm|[upkeep]
|upkeep
|turn|8
|
|switch|p2a: Landorus|Landorus-Therian, M|100/100
|-ability|p2a: Landorus|Intimidate|boost
|-unboost|p1a: Landorus|atk|1
|move|p1a: Landorus|U-turn|p2a: Landorus
|-resisted|p2a: Landorus
|-damage|p2a: Landorus|90/100
|
|switch|p1a: Tyranitar|Tyranitar, M|59/100
|
|-weather|Sandstorm|[upkeep]
|upkeep
|turn|9
|
|move|p2a: Landorus|U-turn|p1a: Tyranitar
|-supereffective|p1a: Tyranitar
|-damage|p1a: Tyranitar|15/100
|
|switch|p2a: Rotom|Rotom-Wash|74/100
|move|p1a: Tyranitar|Stealth Rock|p2a: Rotom
|-sidestart|p2: JustDarius|move: Stealth Rock
|
|-weather|Sandstorm|[upkeep]
|-damage|p2a: Rotom|68/100|[from] Sandstorm
|-heal|p2a: Rotom|74/100|[from] item: Leftovers
|upkeep
|turn|10
|
|move|p2a: Rotom|Volt Switch|p1a: Tyranitar
|-damage|p1a: Tyranitar|1/100
|
|-activate|p2a: Rotom|move: Pursuit
|move|p1a: Tyranitar|Pursuit|p2a: Rotom|[from]Pursuit
|-damage|p2a: Rotom|29/100
|switch|p2a: Landorus|Landorus-Therian, M|90/100
|-damage|p2a: Landorus|77/100|[from] Stealth Rock
|-ability|p2a: Landorus|Intimidate|boost
|-unboost|p1a: Tyranitar|atk|1
|
|-weather|Sandstorm|[upkeep]
|upkeep
|turn|11
|
|move|p2a: Landorus|U-turn|p1a: Tyranitar
|-supereffective|p1a: Tyranitar
|-damage|p1a: Tyranitar|0
|faint|p1a: Tyranitar
|
|switch|p2a: Excadrill|Excadrill, F|100/100
|-damage|p2a: Excadrill|97/100|[from] Stealth Rock
|
|-weather|Sandstorm|[upkeep]
|-heal|p2a: Excadrill|100/100|[from] item: Leftovers
|upkeep
|
|switch|p1a: Infernape|Infernape, M|100/100
|turn|12
|
|switch|p2a: Rotom|Rotom-Wash|29/100
|-damage|p2a: Rotom|16/100|[from] Stealth Rock
|move|p1a: Infernape|Close Combat|p2a: Rotom
|-damage|p2a: Rotom|0
|-unboost|p1a: Infernape|def|1
|-unboost|p1a: Infernape|spd|1
|faint|p2a: Rotom
|
|-weather|Sandstorm|[upkeep]
|-damage|p1a: Infernape|94/100|[from] Sandstorm
|upkeep
|
|switch|p2a: Landorus|Landorus-Therian, M|77/100
|-damage|p2a: Landorus|65/100|[from] Stealth Rock
|-ability|p2a: Landorus|Intimidate|boost
|-unboost|p1a: Infernape|atk|1
|turn|13
|
|switch|p1a: Excadrill|Excadrill, M|100/100
|move|p2a: Landorus|U-turn|p1a: Excadrill
|-resisted|p1a: Excadrill
|-damage|p1a: Excadrill|84/100
|
|switch|p2a: Infernape|Infernape, M|100/100
|-damage|p2a: Infernape|88/100|[from] Stealth Rock
|
|-weather|Sandstorm|[upkeep]
|-damage|p2a: Infernape|82/100|[from] Sandstorm
|-heal|p1a: Excadrill|90/100|[from] item: Leftovers
|upkeep
|turn|14
|
|move|p2a: Infernape|Close Combat|p1a: Excadrill
|-supereffective|p1a: Excadrill
|-damage|p1a: Excadrill|0
|-unboost|p2a: Infernape|def|1
|-unboost|p2a: Infernape|spd|1
|faint|p1a: Excadrill
|
|-weather|Sandstorm|[upkeep]
|-damage|p2a: Infernape|76/100|[from] Sandstorm
|upkeep
|
|switch|p1a: Latios|Latios, M|95/100
|turn|15
|
|switch|p2a: Tyranitar|Tyranitar, M|100/100
|-damage|p2a: Tyranitar|88/100|[from] Stealth Rock
|move|p1a: Latios|Surf|p2a: Tyranitar
|-supereffective|p2a: Tyranitar
|-damage|p2a: Tyranitar|49/100
|-damage|p1a: Latios|85/100|[from] item: Life Orb
|
|-weather|Sandstorm|[upkeep]
|-damage|p1a: Latios|79/100|[from] Sandstorm
|upkeep
|turn|16
|
|move|p1a: Latios|Draco Meteor|p2a: Tyranitar
|-damage|p2a: Tyranitar|5/100
|-unboost|p1a: Latios|spa|2
|-damage|p1a: Latios|69/100|[from] item: Life Orb
|move|p2a: Tyranitar|Ice Beam|p1a: Latios
|-supereffective|p1a: Latios
|-damage|p1a: Latios|8/100
|
|-weather|Sandstorm|[upkeep]
|-damage|p1a: Latios|2/100|[from] Sandstorm
|upkeep
|turn|17
|
|-activate|p1a: Latios|move: Pursuit
|move|p2a: Tyranitar|Pursuit|p1a: Latios|[from]Pursuit
|-supereffective|p1a: Latios
|-damage|p1a: Latios|0
|faint|p1a: Latios
|
|-weather|Sandstorm|[upkeep]
|upkeep
|
|switch|p1a: Infernape|Infernape, M|94/100
|turn|18
|
|move|p1a: Infernape|Thunder Punch|p2a: Tyranitar
|-damage|p2a: Tyranitar|0
|faint|p2a: Tyranitar
|
|-weather|Sandstorm|[upkeep]
|-damage|p1a: Infernape|88/100|[from] Sandstorm
|upkeep
|
|switch|p2a: Landorus|Landorus-Therian, M|65/100
|-damage|p2a: Landorus|53/100|[from] Stealth Rock
|-ability|p2a: Landorus|Intimidate|boost
|-unboost|p1a: Infernape|atk|1
|turn|19
|
|switch|p1a: Landorus|Landorus-Therian, M|100/100
|-ability|p1a: Landorus|Intimidate|boost
|-unboost|p2a: Landorus|atk|1
|move|p2a: Landorus|U-turn|p1a: Landorus
|-resisted|p1a: Landorus
|-damage|p1a: Landorus|90/100
|
|switch|p2a: Excadrill|Excadrill, F|100/100
|-damage|p2a: Excadrill|97/100|[from] Stealth Rock
|
|-weather|Sandstorm|[upkeep]
|-heal|p2a: Excadrill|100/100|[from] item: Leftovers
|upkeep
|turn|20
|
|move|p1a: Landorus|Earthquake|p2a: Excadrill
|-supereffective|p2a: Excadrill
|-damage|p2a: Excadrill|0
|faint|p2a: Excadrill
|
|-weather|Sandstorm|[upkeep]
|upkeep
|
|switch|p2a: Landorus|Landorus-Therian, M|53/100
|-damage|p2a: Landorus|41/100|[from] Stealth Rock
|-ability|p2a: Landorus|Intimidate|boost
|-unboost|p1a: Landorus|atk|1
|turn|21
|
|move|p1a: Landorus|Earthquake|p2a: Landorus
|-immune|p2a: Landorus|[msg]
|move|p2a: Landorus|Earthquake|p1a: Landorus
|-immune|p1a: Landorus|[msg]
|
|-weather|Sandstorm|[upkeep]
|upkeep
|turn|22
|c|☆JustDarius|XD
|
|move|p1a: Landorus|Earthquake|p2a: Landorus
|-immune|p2a: Landorus|[msg]
|move|p2a: Landorus|Earthquake|p1a: Landorus
|-immune|p1a: Landorus|[msg]
|
|-weather|Sandstorm|[upkeep]
|upkeep
|turn|23
|
|move|p1a: Landorus|Earthquake|p2a: Landorus
|-immune|p2a: Landorus|[msg]
|move|p2a: Landorus|Earthquake|p1a: Landorus
|-immune|p1a: Landorus|[msg]
|
|-weather|Sandstorm|[upkeep]
|upkeep
|turn|24
|
|move|p2a: Landorus|Earthquake|p1a: Landorus
|-immune|p1a: Landorus|[msg]
|move|p1a: Landorus|Earthquake|p2a: Landorus
|-immune|p2a: Landorus|[msg]
|
|-weather|Sandstorm|[upkeep]
|upkeep
|turn|25
|
|move|p2a: Landorus|Earthquake|p1a: Landorus
|-immune|p1a: Landorus|[msg]
|move|p1a: Landorus|Earthquake|p2a: Landorus
|-immune|p2a: Landorus|[msg]
|
|-weather|Sandstorm|[upkeep]
|upkeep
|turn|26
|c| Nine_Tails13|"Nothing Happened!"
|
|move|p2a: Landorus|Earthquake|p1a: Landorus
|-immune|p1a: Landorus|[msg]
|move|p1a: Landorus|Earthquake|p2a: Landorus
|-immune|p2a: Landorus|[msg]
|
|-weather|Sandstorm|[upkeep]
|upkeep
|turn|27
|
|move|p1a: Landorus|Earthquake|p2a: Landorus
|-immune|p2a: Landorus|[msg]
|move|p2a: Landorus|Earthquake|p1a: Landorus
|-immune|p1a: Landorus|[msg]
|
|-weather|Sandstorm|[upkeep]
|upkeep
|turn|28
|
|move|p2a: Landorus|Earthquake|p1a: Landorus
|-immune|p1a: Landorus|[msg]
|move|p1a: Landorus|Earthquake|p2a: Landorus
|-immune|p2a: Landorus|[msg]
|
|-weather|Sandstorm|[upkeep]
|upkeep
|turn|29
|
|move|p2a: Landorus|Earthquake|p1a: Landorus
|-immune|p1a: Landorus|[msg]
|move|p1a: Landorus|Earthquake|p2a: Landorus
|-immune|p2a: Landorus|[msg]
|
|-weather|Sandstorm|[upkeep]
|upkeep
|turn|30
|
|move|p1a: Landorus|Earthquake|p2a: Landorus
|-immune|p2a: Landorus|[msg]
|move|p2a: Landorus|Earthquake|p1a: Landorus
|-immune|p1a: Landorus|[msg]
|
|-weather|Sandstorm|[upkeep]
|upkeep
|turn|31
|
|move|p1a: Landorus|Earthquake|p2a: Landorus
|-immune|p2a: Landorus|[msg]
|move|p2a: Landorus|Earthquake|p1a: Landorus
|-immune|p1a: Landorus|[msg]
|
|-weather|Sandstorm|[upkeep]
|upkeep
|turn|32
|
|move|p1a: Landorus|Earthquake|p2a: Landorus
|-immune|p2a: Landorus|[msg]
|move|p2a: Landorus|Earthquake|p1a: Landorus
|-immune|p1a: Landorus|[msg]
|
|-weather|Sandstorm|[upkeep]
|upkeep
|turn|33
|
|move|p2a: Landorus|Earthquake|p1a: Landorus
|-immune|p1a: Landorus|[msg]
|move|p1a: Landorus|Earthquake|p2a: Landorus
|-immune|p2a: Landorus|[msg]
|
|-weather|Sandstorm|[upkeep]
|upkeep
|turn|34
|
|move|p2a: Landorus|Earthquake|p1a: Landorus
|-immune|p1a: Landorus|[msg]
|move|p1a: Landorus|Earthquake|p2a: Landorus
|-immune|p2a: Landorus|[msg]
|
|-weather|Sandstorm|[upkeep]
|upkeep
|turn|35
|
|move|p1a: Landorus|Earthquake|p2a: Landorus
|-immune|p2a: Landorus|[msg]
|move|p2a: Landorus|Earthquake|p1a: Landorus
|-immune|p1a: Landorus|[msg]
|
|-weather|Sandstorm|[upkeep]
|upkeep
|turn|36
|
|move|p2a: Landorus|Earthquake|p1a: Landorus
|-immune|p1a: Landorus|[msg]
|-activate|p1a: Landorus|move: Struggle
|move|p1a: Landorus|Struggle|p2a: Landorus
|-damage|p2a: Landorus|26/100
|-damage|p1a: Landorus|64/100|[from] recoil
|
|-weather|Sandstorm|[upkeep]
|upkeep
|turn|37
|
|switch|p2a: Infernape|Infernape, M|76/100
|-damage|p2a: Infernape|64/100|[from] Stealth Rock
|switch|p1a: Infernape|Infernape, M|88/100
|
|-weather|Sandstorm|[upkeep]
|-damage|p1a: Infernape|82/100|[from] Sandstorm
|-damage|p2a: Infernape|57/100|[from] Sandstorm
|upkeep
|turn|38
|
|move|p2a: Infernape|Close Combat|p1a: Infernape
|-damage|p1a: Infernape|12/100
|-unboost|p2a: Infernape|def|1
|-unboost|p2a: Infernape|spd|1
|move|p1a: Infernape|Close Combat|p2a: Infernape
|-damage|p2a: Infernape|0
|-unboost|p1a: Infernape|def|1
|-unboost|p1a: Infernape|spd|1
|faint|p2a: Infernape
|
|-weather|Sandstorm|[upkeep]
|-damage|p1a: Infernape|6/100|[from] Sandstorm
|upkeep
|
|switch|p2a: Landorus|Landorus-Therian, M|26/100
|-damage|p2a: Landorus|13/100|[from] Stealth Rock
|-ability|p2a: Landorus|Intimidate|boost
|-unboost|p1a: Infernape|atk|1
|turn|39
|
|move|p2a: Landorus|Hidden Power|p1a: Infernape
|-resisted|p1a: Infernape
|-damage|p1a: Infernape|0
|faint|p1a: Infernape
|
|-weather|Sandstorm|[upkeep]
|upkeep
|c|☆JustDarius|this next speed tie
|c|☆JustDarius|is the game decider
|
|switch|p1a: Landorus|Landorus-Therian, M|64/100
|-ability|p1a: Landorus|Intimidate|boost
|-unboost|p2a: Landorus|atk|1
|turn|40
|c|☆JustDarius|AAAH
|c|☆Quick|yeah
|
|move|p2a: Landorus|Hidden Power|p1a: Landorus
|-supereffective|p1a: Landorus
|-damage|p1a: Landorus|0
|faint|p1a: Landorus
|
|win|JustDarius
|c|☆JustDarius|ggs
|raw|Quick's rating: 1372 &rarr; <strong>1346</strong><br />(-26 for losing)
|raw|JustDarius's rating: 1273 &rarr; <strong>1305</strong><br />(+32 for winning)
|c|☆Quick|gg
|c|☆Quick|:)
|c| Nine_Tails13|Now that was a good match
