|j|☆the great gazump
|j|‽hussumon2
|t:|1709146848
|gametype|singles
|player|p1|the great gazump|170|1479
|player|p2|hussumon2|palmer|1326
|teamsize|p1|6
|teamsize|p2|6
|gen|5
|tier|[Gen 5] OU
|rated|
|rule|Species Clause: Limit one of each Pokémon
|rule|OHKO Clause: OHKO moves are banned
|rule|Moody Clause: Moody is banned
|rule|Evasion Items Clause: Evasion items are banned
|rule|Evasion Moves Clause: Evasion moves are banned
|rule|Endless Battle Clause: Forcing endless battles is banned
|rule|HP Percentage Mod: HP is shown in percentages
|rule|Evasion Abilities Clause: Evasion abilities are banned
|rule|Sleep Moves Clause: Sleep-inducing moves are banned
|rule|Swagger Clause: Swagger is banned
|rule|Baton Pass Stat Clause: No Baton Passer may have a way to boost its stats
|clearpoke
|poke|p1|Abomasnow, F|item
|poke|p1|Gliscor, M|item
|poke|p1|Blissey, F|item
|poke|p1|Forretress, M|item
|poke|p1|Reuniclus, M|item
|poke|p1|Latios, M|item
|poke|p2|Latias, F|item
|poke|p2|Skarmory, M|item
|poke|p2|Hippowdon, F|item
|poke|p2|Bronzong|item
|poke|p2|Reuniclus, F|item
|poke|p2|Clefable, M|item
|teampreview
|inactive|Battle timer is ON: inactive players will automatically lose when time's up. (requested by the great gazump)
|n|☆hussumon2|hussumon2
|c|☆hussumon2|Hi peng
|inactive|hussumon2 has 120 seconds left.
|
|t:|1709146908
|start
|switch|p1a: Gliscor|Gliscor, M|100/100
|switch|p2a: Skarmory|Skarmory, M|100/100
|turn|1
|
|t:|1709146915
|move|p1a: Gliscor|Knock Off|p2a: Skarmory
|-resisted|p2a: Skarmory
|-damage|p2a: Skarmory|99/100
|-enditem|p2a: Skarmory|Leftovers|[from] move: Knock Off|[of] p1a: Gliscor
|move|p2a: Skarmory|Spikes|p1a: Gliscor
|-sidestart|p1: the great gazump|Spikes
|
|-status|p1a: Gliscor|tox|[from] item: Toxic Orb
|upkeep
|turn|2
|
|t:|1709146921
|move|p1a: Gliscor|Stealth Rock|p2a: Skarmory
|-sidestart|p2: hussumon2|move: Stealth Rock
|move|p2a: Skarmory|Whirlwind|p1a: Gliscor
|drag|p1a: Reuniclus|Reuniclus, M|100/100
|
|upkeep
|turn|3
|
|t:|1709146929
|switch|p2a: Latias|Latias, F|100/100
|-damage|p2a: Latias|88/100|[from] Stealth Rock
|move|p1a: Reuniclus|Calm Mind|p1a: Reuniclus
|-boost|p1a: Reuniclus|spa|1
|-boost|p1a: Reuniclus|spd|1
|
|upkeep
|turn|4
|
|t:|1709146940
|switch|p1a: Blissey|Blissey, F|100/100
|-damage|p1a: Blissey|88/100|[from] Spikes
|move|p2a: Latias|Thunder Wave|p1a: Blissey
|-status|p1a: Blissey|par
|
|-heal|p1a: Blissey|94/100 par|[from] item: Leftovers
|upkeep
|turn|5
|
|t:|1709146956
|switch|p2a: Hippowdon|Hippowdon, F|100/100
|-damage|p2a: Hippowdon|94/100|[from] Stealth Rock
|-weather|Sandstorm|[from] ability: Sand Stream|[of] p2a: Hippowdon
|-curestatus|p1a: Blissey|par|[from] ability: Natural Cure
|switch|p1a: Abomasnow|Abomasnow, F|100/100
|-damage|p1a: Abomasnow|88/100|[from] Spikes
|-weather|Hail|[from] ability: Snow Warning|[of] p1a: Abomasnow
|
|-weather|Hail|[upkeep]
|-damage|p2a: Hippowdon|88/100|[from] Hail
|-heal|p1a: Abomasnow|94/100|[from] item: Leftovers
|-heal|p2a: Hippowdon|94/100|[from] item: Leftovers
|upkeep
|turn|6
|
|t:|1709146967
|switch|p2a: Bronzong|Bronzong|100/100
|-damage|p2a: Bronzong|94/100|[from] Stealth Rock
|move|p1a: Abomasnow|Blizzard|p2a: Bronzong
|-resisted|p2a: Bronzong
|-damage|p2a: Bronzong|77/100
|
|-weather|Hail|[upkeep]
|-damage|p2a: Bronzong|71/100|[from] Hail
|-heal|p1a: Abomasnow|99/100|[from] item: Leftovers
|-heal|p2a: Bronzong|77/100|[from] item: Leftovers
|upkeep
|turn|7
|j| hw ghost
|
|t:|1709146982
|move|p2a: Bronzong|Protect|p2a: Bronzong
|-singleturn|p2a: Bronzong|Protect
|move|p1a: Abomasnow|Leech Seed|p2a: Bronzong
|-activate|p2a: Bronzong|move: Protect
|
|-weather|Hail|[upkeep]
|-damage|p2a: Bronzong|71/100|[from] Hail
|-heal|p1a: Abomasnow|100/100|[from] item: Leftovers
|-heal|p2a: Bronzong|77/100|[from] item: Leftovers
|upkeep
|turn|8
|
|t:|1709146987
|switch|p1a: Gliscor|Gliscor, M|100/100 tox
|switch|p2a: Clefable|Clefable, M|100/100
|
|-weather|Hail|[upkeep]
|-damage|p1a: Gliscor|94/100 tox|[from] Hail
|-heal|p1a: Gliscor|100/100 tox|[from] ability: Poison Heal
|upkeep
|turn|9
|
|t:|1709146989
|move|p1a: Gliscor|Knock Off|p2a: Clefable
|-damage|p2a: Clefable|96/100
|-enditem|p2a: Clefable|Leftovers|[from] move: Knock Off|[of] p1a: Gliscor
|move|p2a: Clefable|Seismic Toss|p1a: Gliscor
|-damage|p1a: Gliscor|72/100 tox
|
|-weather|Hail|[upkeep]
|-damage|p1a: Gliscor|66/100 tox|[from] Hail
|-heal|p1a: Gliscor|78/100 tox|[from] ability: Poison Heal
|upkeep
|turn|10
|
|t:|1709146996
|move|p1a: Gliscor|Earthquake|p2a: Clefable
|-damage|p2a: Clefable|58/100
|move|p2a: Clefable|Seismic Toss|p1a: Gliscor
|-damage|p1a: Gliscor|50/100 tox
|
|-weather|Hail|[upkeep]
|-damage|p1a: Gliscor|44/100 tox|[from] Hail
|-heal|p1a: Gliscor|56/100 tox|[from] ability: Poison Heal
|upkeep
|turn|11
|
|t:|1709147002
|move|p1a: Gliscor|Earthquake|p2a: Clefable
|-crit|p2a: Clefable
|-damage|p2a: Clefable|0 fnt
|faint|p2a: Clefable
|
|-weather|Hail|[upkeep]
|-damage|p1a: Gliscor|50/100 tox|[from] Hail
|-heal|p1a: Gliscor|63/100 tox|[from] ability: Poison Heal
|upkeep
|
|t:|1709147013
|switch|p2a: Reuniclus|Reuniclus, F|100/100
|turn|12
|
|t:|1709147015
|switch|p1a: Latios|Latios, M|100/100
|move|p2a: Reuniclus|Calm Mind|p2a: Reuniclus
|-boost|p2a: Reuniclus|spa|1
|-boost|p2a: Reuniclus|spd|1
|
|-weather|Hail|[upkeep]
|-damage|p1a: Latios|95/100|[from] Hail
|upkeep
|turn|13
|
|t:|1709147021
|move|p1a: Latios|Thunder Wave|p2a: Reuniclus
|-status|p2a: Reuniclus|par
|cant|p2a: Reuniclus|par
|
|-weather|Hail|[upkeep]
|-damage|p1a: Latios|89/100|[from] Hail
|upkeep
|turn|14
|
|t:|1709147024
|switch|p1a: Reuniclus|Reuniclus, M|100/100
|move|p2a: Reuniclus|Calm Mind|p2a: Reuniclus
|-boost|p2a: Reuniclus|spa|1
|-boost|p2a: Reuniclus|spd|1
|
|-weather|Hail|[upkeep]
|upkeep
|turn|15
|
|t:|1709147026
|move|p1a: Reuniclus|Calm Mind|p1a: Reuniclus
|-boost|p1a: Reuniclus|spa|1
|-boost|p1a: Reuniclus|spd|1
|cant|p2a: Reuniclus|par
|
|-weather|Hail|[upkeep]
|upkeep
|turn|16
|
|t:|1709147031
|switch|p2a: Bronzong|Bronzong|77/100
|-damage|p2a: Bronzong|71/100|[from] Stealth Rock
|move|p1a: Reuniclus|Calm Mind|p1a: Reuniclus
|-boost|p1a: Reuniclus|spa|1
|-boost|p1a: Reuniclus|spd|1
|
|-weather|Hail|[upkeep]
|-damage|p2a: Bronzong|64/100|[from] Hail
|-heal|p2a: Bronzong|71/100|[from] item: Leftovers
|upkeep
|turn|17
|
|t:|1709147035
|move|p1a: Reuniclus|Focus Blast|p2a: Bronzong|[miss]
|-miss|p1a: Reuniclus|p2a: Bronzong
|move|p2a: Bronzong|Toxic|p1a: Reuniclus
|-status|p1a: Reuniclus|tox
|
|-weather|Hail|[upkeep]
|-damage|p2a: Bronzong|64/100|[from] Hail
|-heal|p2a: Bronzong|71/100|[from] item: Leftovers
|upkeep
|turn|18
|
|t:|1709147043
|move|p1a: Reuniclus|Focus Blast|p2a: Bronzong
|-crit|p2a: Bronzong
|-damage|p2a: Bronzong|0 fnt
|faint|p2a: Bronzong
|
|-weather|Hail|[upkeep]
|upkeep
|
|t:|1709147050
|switch|p2a: Latias|Latias, F|88/100
|-damage|p2a: Latias|76/100|[from] Stealth Rock
|turn|19
|
|t:|1709147060
|move|p2a: Latias|Dragon Pulse|p1a: Reuniclus
|-damage|p1a: Reuniclus|83/100 tox
|move|p1a: Reuniclus|Psyshock|p2a: Latias
|-resisted|p2a: Latias
|-crit|p2a: Latias
|-damage|p2a: Latias|4/100
|
|-weather|Hail|[upkeep]
|-damage|p2a: Latias|0 fnt|[from] Hail
|faint|p2a: Latias
|-heal|p1a: Reuniclus|89/100 tox|[from] item: Leftovers
|upkeep
|
|t:|1709147065
|switch|p2a: Hippowdon|Hippowdon, F|94/100
|-damage|p2a: Hippowdon|88/100|[from] Stealth Rock
|-weather|Sandstorm|[from] ability: Sand Stream|[of] p2a: Hippowdon
|turn|20
|
|t:|1709147075
|switch|p1a: Abomasnow|Abomasnow, F|100/100
|-damage|p1a: Abomasnow|88/100|[from] Spikes
|-weather|Hail|[from] ability: Snow Warning|[of] p1a: Abomasnow
|move|p2a: Hippowdon|Whirlwind|p1a: Abomasnow
|drag|p1a: Reuniclus|Reuniclus, M|89/100 tox
|
|-weather|Hail|[upkeep]
|-damage|p2a: Hippowdon|82/100|[from] Hail
|-heal|p2a: Hippowdon|88/100|[from] item: Leftovers
|-heal|p1a: Reuniclus|95/100 tox|[from] item: Leftovers
|upkeep
|turn|21
|
|t:|1709147084
|switch|p1a: Gliscor|Gliscor, M|63/100 tox
|move|p2a: Hippowdon|Whirlwind|p1a: Gliscor
|drag|p1a: Abomasnow|Abomasnow, F|88/100
|-damage|p1a: Abomasnow|76/100|[from] Spikes
|
|-weather|Hail|[upkeep]
|-damage|p2a: Hippowdon|82/100|[from] Hail
|-heal|p1a: Abomasnow|82/100|[from] item: Leftovers
|-heal|p2a: Hippowdon|88/100|[from] item: Leftovers
|upkeep
|turn|22
|
|t:|1709147089
|switch|p2a: Skarmory|Skarmory, M|99/100
|-damage|p2a: Skarmory|86/100|[from] Stealth Rock
|move|p1a: Abomasnow|Blizzard|p2a: Skarmory
|-damage|p2a: Skarmory|40/100
|
|-weather|Hail|[upkeep]
|-damage|p2a: Skarmory|34/100|[from] Hail
|-heal|p1a: Abomasnow|88/100|[from] item: Leftovers
|upkeep
|turn|23
|
|t:|1709147094
|move|p2a: Skarmory|Roost|p2a: Skarmory
|-heal|p2a: Skarmory|84/100
|-singleturn|p2a: Skarmory|move: Roost
|move|p1a: Abomasnow|Blizzard|p2a: Skarmory
|-resisted|p2a: Skarmory
|-damage|p2a: Skarmory|64/100
|
|-weather|Hail|[upkeep]
|-damage|p2a: Skarmory|58/100|[from] Hail
|-heal|p1a: Abomasnow|94/100|[from] item: Leftovers
|upkeep
|turn|24
|
|t:|1709147100
|move|p2a: Skarmory|Roost|p2a: Skarmory
|-heal|p2a: Skarmory|100/100
|-singleturn|p2a: Skarmory|move: Roost
|move|p1a: Abomasnow|Blizzard|p2a: Skarmory
|-resisted|p2a: Skarmory
|-damage|p2a: Skarmory|79/100
|
|-weather|Hail|[upkeep]
|-damage|p2a: Skarmory|73/100|[from] Hail
|-heal|p1a: Abomasnow|99/100|[from] item: Leftovers
|upkeep
|turn|25
|
|t:|1709147110
|switch|p1a: Forretress|Forretress, M|100/100
|-damage|p1a: Forretress|88/100|[from] Spikes
|move|p2a: Skarmory|Roost|p2a: Skarmory
|-heal|p2a: Skarmory|100/100
|-singleturn|p2a: Skarmory|move: Roost
|
|-weather|Hail|[upkeep]
|-damage|p2a: Skarmory|95/100|[from] Hail
|-heal|p1a: Forretress|94/100|[from] item: Leftovers
|upkeep
|turn|26
|
|t:|1709147113
|switch|p2a: Reuniclus|Reuniclus, F|100/100 par
|move|p1a: Forretress|Rapid Spin|p2a: Reuniclus
|-damage|p2a: Reuniclus|98/100 par
|-sideend|p1: the great gazump|Spikes|[from] move: Rapid Spin|[of] p1a: Forretress
|
|-weather|Hail|[upkeep]
|-heal|p1a: Forretress|100/100|[from] item: Leftovers
|upkeep
|turn|27
|
|t:|1709147116
|switch|p1a: Reuniclus|Reuniclus, M|95/100 tox
|move|p2a: Reuniclus|Calm Mind|p2a: Reuniclus
|-boost|p2a: Reuniclus|spa|1
|-boost|p2a: Reuniclus|spd|1
|
|-weather|Hail|[upkeep]
|-heal|p1a: Reuniclus|100/100 tox|[from] item: Leftovers
|upkeep
|turn|28
|
|t:|1709147118
|move|p1a: Reuniclus|Calm Mind|p1a: Reuniclus
|-boost|p1a: Reuniclus|spa|1
|-boost|p1a: Reuniclus|spd|1
|move|p2a: Reuniclus|Psyshock|p1a: Reuniclus
|-resisted|p1a: Reuniclus
|-damage|p1a: Reuniclus|84/100 tox
|
|-weather|Hail|[upkeep]
|-heal|p1a: Reuniclus|90/100 tox|[from] item: Leftovers
|upkeep
|turn|29
|
|t:|1709147119
|move|p1a: Reuniclus|Calm Mind|p1a: Reuniclus
|-boost|p1a: Reuniclus|spa|1
|-boost|p1a: Reuniclus|spd|1
|move|p2a: Reuniclus|Psyshock|p1a: Reuniclus
|-resisted|p1a: Reuniclus
|-damage|p1a: Reuniclus|72/100 tox
|
|-weather|Hail|[upkeep]
|-heal|p1a: Reuniclus|79/100 tox|[from] item: Leftovers
|upkeep
|turn|30
|
|t:|1709147121
|move|p1a: Reuniclus|Calm Mind|p1a: Reuniclus
|-boost|p1a: Reuniclus|spa|1
|-boost|p1a: Reuniclus|spd|1
|cant|p2a: Reuniclus|par
|
|-weather|Hail|[upkeep]
|-heal|p1a: Reuniclus|85/100 tox|[from] item: Leftovers
|upkeep
|turn|31
|
|t:|1709147122
|move|p1a: Reuniclus|Calm Mind|p1a: Reuniclus
|-boost|p1a: Reuniclus|spa|1
|-boost|p1a: Reuniclus|spd|1
|cant|p2a: Reuniclus|par
|
|-weather|Hail|[upkeep]
|-heal|p1a: Reuniclus|91/100 tox|[from] item: Leftovers
|upkeep
|turn|32
|
|t:|1709147124
|move|p1a: Reuniclus|Calm Mind|p1a: Reuniclus
|-boost|p1a: Reuniclus|spa|1
|-boost|p1a: Reuniclus|spd|1
|move|p2a: Reuniclus|Calm Mind|p2a: Reuniclus
|-boost|p2a: Reuniclus|spa|1
|-boost|p2a: Reuniclus|spd|1
|
|-weather|Hail|[upkeep]
|-heal|p1a: Reuniclus|97/100 tox|[from] item: Leftovers
|upkeep
|turn|33
|
|t:|1709147126
|move|p1a: Reuniclus|Calm Mind|p1a: Reuniclus
|-boost|p1a: Reuniclus|spa|1
|-boost|p1a: Reuniclus|spd|1
|move|p2a: Reuniclus|Calm Mind|p2a: Reuniclus
|-boost|p2a: Reuniclus|spa|1
|-boost|p2a: Reuniclus|spd|1
|
|-weather|Hail|[upkeep]
|-heal|p1a: Reuniclus|100/100 tox|[from] item: Leftovers
|upkeep
|turn|34
|
|t:|1709147128
|move|p1a: Reuniclus|Psyshock|p2a: Reuniclus
|-resisted|p2a: Reuniclus
|-damage|p2a: Reuniclus|53/100 par
|move|p2a: Reuniclus|Calm Mind|p2a: Reuniclus
|-boost|p2a: Reuniclus|spa|1
|-boost|p2a: Reuniclus|spd|1
|
|-weather|Hail|[upkeep]
|upkeep
|turn|35
|
|t:|1709147130
|move|p1a: Reuniclus|Psyshock|p2a: Reuniclus
|-resisted|p2a: Reuniclus
|-damage|p2a: Reuniclus|4/100 par
|-enditem|p2a: Reuniclus|Sitrus Berry|[eat]
|-heal|p2a: Reuniclus|29/100 par|[from] item: Sitrus Berry
|move|p2a: Reuniclus|Recover|p2a: Reuniclus
|-heal|p2a: Reuniclus|79/100 par
|
|-weather|Hail|[upkeep]
|upkeep
|turn|36
|
|t:|1709147135
|move|p1a: Reuniclus|Psyshock|p2a: Reuniclus
|-resisted|p2a: Reuniclus
|-damage|p2a: Reuniclus|29/100 par
|move|p2a: Reuniclus|Calm Mind|p2a: Reuniclus
|-boost|p2a: Reuniclus|spa|1
|-boost|p2a: Reuniclus|spd|1
|
|-weather|Hail|[upkeep]
|upkeep
|turn|37
|
|t:|1709147138
|move|p1a: Reuniclus|Psyshock|p2a: Reuniclus
|-resisted|p2a: Reuniclus
|-damage|p2a: Reuniclus|0 fnt
|faint|p2a: Reuniclus
|
|-weather|Hail|[upkeep]
|upkeep
|-message|hussumon2 forfeited.
|
|win|the great gazump
|raw|the great gazump's rating: 1479 &rarr; <strong>1491</strong><br />(+12 for winning)
|raw|hussumon2's rating: 1326 &rarr; <strong>1314</strong><br />(-12 for losing)
|l|☆hussumon2
|player|p2|
|l| hw ghost
