|j|☆chomp29
|j|☆L9 ka6
|t:|1708414124
|gametype|singles
|player|p1|chomp29|hiker-gen4|1501
|player|p2|L9 ka6|unknown|1492
|teamsize|p1|6
|teamsize|p2|6
|gen|5
|tier|[Gen 5] OU
|rated|
|rule|Species Clause: Limit one of each Pokémon
|rule|OHKO Clause: OHKO moves are banned
|rule|Moody Clause: Moody is banned
|rule|Evasion Items Clause: Evasion items are banned
|rule|Evasion Moves Clause: Evasion moves are banned
|rule|Endless Battle Clause: Forcing endless battles is banned
|rule|HP Percentage Mod: HP is shown in percentages
|rule|Evasion Abilities Clause: Evasion abilities are banned
|rule|Sleep Moves Clause: Sleep-inducing moves are banned
|rule|Swagger Clause: Swagger is banned
|rule|Baton Pass Stat Clause: No Baton Passer may have a way to boost its stats
|clearpoke
|poke|p1|Garchomp, M|item
|poke|p1|Starmie|item
|poke|p1|Dragonite, M|item
|poke|p1|Aerodactyl, M|item
|poke|p1|Scizor, F|item
|poke|p1|Breloom, F|item
|poke|p2|Politoed, F|item
|poke|p2|Ferrothorn, M|item
|poke|p2|Tentacruel, F|item
|poke|p2|Keldeo-Resolute|item
|poke|p2|Thundurus-Therian, M|item
|poke|p2|Latios, M|item
|teampreview
|inactive|Battle timer is ON: inactive players will automatically lose when time's up. (requested by L9 ka6)
|
|t:|1708414140
|start
|switch|p1a: Aerodactyl|Aerodactyl, M|100/100
|switch|p2a: Politoed|Politoed, F, shiny|100/100
|-ability|p1a: Aerodactyl|Pressure
|-weather|RainDance|[from] ability: Drizzle|[of] p2a: Politoed
|turn|1
|
|t:|1708414148
|move|p1a: Aerodactyl|Stealth Rock|p2a: Politoed
|-sidestart|p2: L9 ka6|move: Stealth Rock
|move|p2a: Politoed|Scald|p1a: Aerodactyl
|-supereffective|p1a: Aerodactyl
|-enditem|p1a: Aerodactyl|Focus Sash
|-damage|p1a: Aerodactyl|1/100
|
|-weather|RainDance|[upkeep]
|upkeep
|turn|2
|
|t:|1708414160
|switch|p1a: Breloom|Breloom, F|100/100
|move|p2a: Politoed|Scald|p1a: Breloom
|-resisted|p1a: Breloom
|-damage|p1a: Breloom|67/100
|
|-weather|RainDance|[upkeep]
|upkeep
|turn|3
|
|t:|1708414168
|move|p2a: Politoed|Protect|p2a: Politoed
|-singleturn|p2a: Politoed|Protect
|move|p1a: Breloom|Low Sweep|p2a: Politoed
|-activate|p2a: Politoed|move: Protect
|
|-weather|RainDance|[upkeep]
|upkeep
|turn|4
|
|t:|1708414176
|move|p1a: Breloom|Low Sweep|p2a: Politoed
|-damage|p2a: Politoed|52/100
|-unboost|p2a: Politoed|spe|1
|-damage|p1a: Breloom|57/100|[from] item: Life Orb
|move|p2a: Politoed|Scald|p1a: Breloom
|-resisted|p1a: Breloom
|-damage|p1a: Breloom|21/100
|-status|p1a: Breloom|brn
|
|-weather|RainDance|[upkeep]
|-heal|p2a: Politoed|58/100|[from] item: Leftovers
|-damage|p1a: Breloom|9/100 brn|[from] brn
|upkeep
|turn|5
|
|t:|1708414191
|switch|p1a: Starmie|Starmie|100/100
|-item|p1a: Starmie|Air Balloon
|move|p2a: Politoed|Protect||[still]
|-fail|p2a: Politoed
|
|-weather|RainDance|[upkeep]
|-heal|p2a: Politoed|64/100|[from] item: Leftovers
|upkeep
|turn|6
|
|t:|1708414207
|switch|p2a: Latios|Latios, M|100/100
|-damage|p2a: Latios|88/100|[from] Stealth Rock
|move|p1a: Starmie|Hydro Pump|p2a: Latios
|-resisted|p2a: Latios
|-damage|p2a: Latios|37/100
|
|-weather|RainDance|[upkeep]
|upkeep
|turn|7
|inactive|chomp29 has 120 seconds left.
|inactive|chomp29 has 90 seconds left.
|
|t:|1708414277
|switch|p1a: Breloom|Breloom, F|9/100 brn
|move|p2a: Latios|Draco Meteor|p1a: Breloom
|-damage|p1a: Breloom|0 fnt
|-unboost|p2a: Latios|spa|2
|faint|p1a: Breloom
|
|-weather|RainDance|[upkeep]
|upkeep
|
|t:|1708414278
|switch|p1a: Scizor|Scizor, F|100/100
|turn|8
|
|t:|1708414282
|move|p2a: Latios|Draco Meteor|p1a: Scizor
|-resisted|p1a: Scizor
|-damage|p1a: Scizor|59/100
|-unboost|p2a: Latios|spa|2
|move|p1a: Scizor|Pursuit|p2a: Latios
|-supereffective|p2a: Latios
|-damage|p2a: Latios|0 fnt
|faint|p2a: Latios
|-damage|p1a: Scizor|49/100|[from] item: Life Orb
|
|-weather|RainDance|[upkeep]
|upkeep
|
|t:|1708414298
|switch|p2a: Not too fond of|Ferrothorn, M|100/100
|-damage|p2a: Not too fond of|94/100|[from] Stealth Rock
|turn|9
|
|t:|1708414301
|move|p1a: Scizor|Superpower|p2a: Not too fond of
|-supereffective|p2a: Not too fond of
|-damage|p2a: Not too fond of|29/100
|-unboost|p1a: Scizor|atk|1
|-unboost|p1a: Scizor|def|1
|-damage|p1a: Scizor|37/100|[from] ability: Iron Barbs|[of] p2a: Not too fond of
|-damage|p1a: Scizor|27/100|[from] item: Life Orb
|move|p2a: Not too fond of|Spikes|p1a: Scizor
|-sidestart|p1: chomp29|Spikes
|
|-weather|RainDance|[upkeep]
|-heal|p2a: Not too fond of|35/100|[from] item: Leftovers
|upkeep
|turn|10
|inactive|chomp29 has 120 seconds left.
|
|t:|1708414313
|move|p1a: Scizor|Superpower|p2a: Not too fond of
|-supereffective|p2a: Not too fond of
|-damage|p2a: Not too fond of|0 fnt
|-unboost|p1a: Scizor|atk|1
|-unboost|p1a: Scizor|def|1
|-damage|p1a: Scizor|15/100|[from] ability: Iron Barbs|[of] p2a: Not too fond of
|faint|p2a: Not too fond of
|-damage|p1a: Scizor|5/100|[from] item: Life Orb
|
|-weather|RainDance|[upkeep]
|upkeep
|
|t:|1708414323
|switch|p2a: Tentacruel|Tentacruel, F|100/100
|-damage|p2a: Tentacruel|88/100|[from] Stealth Rock
|turn|11
|inactive|chomp29 has 120 seconds left.
|inactive|chomp29 has 90 seconds left.
|
|t:|1708414372
|switch|p1a: Starmie|Starmie|100/100
|-item|p1a: Starmie|Air Balloon
|move|p2a: Tentacruel|Substitute|p2a: Tentacruel
|-start|p2a: Tentacruel|Substitute
|-damage|p2a: Tentacruel|63/100
|
|-weather|RainDance|[upkeep]
|-heal|p2a: Tentacruel|69/100|[from] ability: Rain Dish
|-heal|p2a: Tentacruel|75/100|[from] item: Black Sludge
|upkeep
|turn|12
|
|t:|1708414384
|move|p1a: Starmie|Rapid Spin|p2a: Tentacruel
|-activate|p2a: Tentacruel|Substitute|[damage]
|-sideend|p1: chomp29|Spikes|[from] move: Rapid Spin|[of] p1a: Starmie
|move|p2a: Tentacruel|Toxic|p1a: Starmie
|-status|p1a: Starmie|tox
|
|-weather|RainDance|[upkeep]
|-heal|p2a: Tentacruel|81/100|[from] ability: Rain Dish
|-heal|p2a: Tentacruel|88/100|[from] item: Black Sludge
|-damage|p1a: Starmie|94/100 tox|[from] psn
|upkeep
|turn|13
|
|t:|1708414390
|move|p1a: Starmie|Thunder|p2a: Tentacruel
|-supereffective|p2a: Tentacruel
|-end|p2a: Tentacruel|Substitute
|move|p2a: Tentacruel|Surf|p1a: Starmie
|-resisted|p1a: Starmie
|-damage|p1a: Starmie|63/100 tox
|-enditem|p1a: Starmie|Air Balloon
|
|-weather|RainDance|[upkeep]
|-heal|p2a: Tentacruel|94/100|[from] ability: Rain Dish
|-heal|p2a: Tentacruel|99/100|[from] item: Black Sludge
|-damage|p1a: Starmie|51/100 tox|[from] psn
|upkeep
|turn|14
|
|t:|1708414401
|move|p2a: Tentacruel|Protect|p2a: Tentacruel
|-singleturn|p2a: Tentacruel|Protect
|move|p1a: Starmie|Thunder|p2a: Tentacruel
|-activate|p2a: Tentacruel|move: Protect
|
|-weather|RainDance|[upkeep]
|-heal|p2a: Tentacruel|100/100|[from] ability: Rain Dish
|-damage|p1a: Starmie|33/100 tox|[from] psn
|upkeep
|turn|15
|
|t:|1708414407
|move|p1a: Starmie|Thunder|p2a: Tentacruel
|-supereffective|p2a: Tentacruel
|-damage|p2a: Tentacruel|58/100
|move|p2a: Tentacruel|Substitute|p2a: Tentacruel
|-start|p2a: Tentacruel|Substitute
|-damage|p2a: Tentacruel|33/100
|
|-weather|RainDance|[upkeep]
|-heal|p2a: Tentacruel|39/100|[from] ability: Rain Dish
|-heal|p2a: Tentacruel|45/100|[from] item: Black Sludge
|-damage|p1a: Starmie|8/100 tox|[from] psn
|upkeep
|turn|16
|inactive|chomp29 has 120 seconds left.
|
|t:|1708414425
|move|p2a: Tentacruel|Protect|p2a: Tentacruel
|-singleturn|p2a: Tentacruel|Protect
|move|p1a: Starmie|Thunder|p2a: Tentacruel
|-activate|p2a: Tentacruel|move: Protect
|
|-weather|RainDance|[upkeep]
|-heal|p2a: Tentacruel|51/100|[from] ability: Rain Dish
|-heal|p2a: Tentacruel|57/100|[from] item: Black Sludge
|-damage|p1a: Starmie|0 fnt|[from] psn
|faint|p1a: Starmie
|upkeep
|inactive|chomp29 has 90 seconds left.
|
|t:|1708414466
|switch|p1a: Garchomp|Garchomp, M|100/100
|turn|17
|
|t:|1708414471
|move|p1a: Garchomp|Earthquake|p2a: Tentacruel
|-supereffective|p2a: Tentacruel
|-crit|p2a: Tentacruel
|-end|p2a: Tentacruel|Substitute
|move|p2a: Tentacruel|Surf|p1a: Garchomp
|-damage|p1a: Garchomp|58/100
|
|-weather|RainDance|[upkeep]
|-heal|p2a: Tentacruel|63/100|[from] ability: Rain Dish
|-heal|p2a: Tentacruel|69/100|[from] item: Black Sludge
|upkeep
|turn|18
|
|t:|1708414479
|move|p2a: Tentacruel|Protect|p2a: Tentacruel
|-singleturn|p2a: Tentacruel|Protect
|move|p1a: Garchomp|Swords Dance|p1a: Garchomp
|-boost|p1a: Garchomp|atk|2
|
|-weather|RainDance|[upkeep]
|-heal|p2a: Tentacruel|75/100|[from] ability: Rain Dish
|-heal|p2a: Tentacruel|81/100|[from] item: Black Sludge
|upkeep
|turn|19
|
|t:|1708414499
|switch|p2a: Politoed|Politoed, F, shiny|64/100
|-damage|p2a: Politoed|52/100|[from] Stealth Rock
|move|p1a: Garchomp|Outrage|p2a: Politoed
|-damage|p2a: Politoed|0 fnt
|faint|p2a: Politoed
|
|-weather|RainDance|[upkeep]
|upkeep
|
|t:|1708414509
|switch|p2a: Keldeo|Keldeo-Resolute|100/100
|-damage|p2a: Keldeo|94/100|[from] Stealth Rock
|turn|20
|
|t:|1708414518
|move|p2a: Keldeo|Hidden Power|p1a: Garchomp
|-supereffective|p1a: Garchomp
|-damage|p1a: Garchomp|0 fnt
|faint|p1a: Garchomp
|
|-weather|RainDance|[upkeep]
|upkeep
|
|t:|1708414520
|switch|p1a: Dragonite|Dragonite, M|100/100
|turn|21
|
|t:|1708414530
|move|p2a: Keldeo|Hidden Power|p1a: Dragonite
|-supereffective|p1a: Dragonite
|-enditem|p1a: Dragonite|Yache Berry|[eat]
|-enditem|p1a: Dragonite|Yache Berry|[weaken]
|-damage|p1a: Dragonite|76/100
|move|p1a: Dragonite|Dragon Dance|p1a: Dragonite
|-boost|p1a: Dragonite|atk|1
|-boost|p1a: Dragonite|spe|1
|
|-weather|RainDance|[upkeep]
|upkeep
|turn|22
|
|t:|1708414551
|move|p1a: Dragonite|Extreme Speed|p2a: Keldeo
|-damage|p2a: Keldeo|37/100
|move|p2a: Keldeo|Hidden Power|p1a: Dragonite
|-supereffective|p1a: Dragonite
|-damage|p1a: Dragonite|0 fnt
|faint|p1a: Dragonite
|
|-weather|RainDance|[upkeep]
|upkeep
|inactive|chomp29 has 120 seconds left.
|c|☆chomp29|Well ahit
|c|☆chomp29|Shit
|c|☆L9 ka6|lol
|c|☆L9 ka6|gg
|
|t:|1708414572
|switch|p1a: Aerodactyl|Aerodactyl, M|1/100
|-ability|p1a: Aerodactyl|Pressure
|turn|23
|
|t:|1708414576
|move|p2a: Keldeo|Hidden Power|p1a: Aerodactyl
|-supereffective|p1a: Aerodactyl
|-damage|p1a: Aerodactyl|0 fnt
|faint|p1a: Aerodactyl
|
|-weather|RainDance|[upkeep]
|upkeep
|-message|chomp29 forfeited.
|
|win|L9 ka6
|raw|chomp29's rating: 1501 &rarr; <strong>1480</strong><br />(-21 for losing)
|raw|L9 ka6's rating: 1492 &rarr; <strong>1513</strong><br />(+21 for winning)
|l|☆chomp29
|player|p1|
