|j|☆Hans Bloodsmith
|j|☆le imposteur
|t:|1743724167
|gametype|singles
|player|p1|Hans Bloodsmith|plasmagrunt|1395
|player|p2|le imposteur|harlequin|1408
|teamsize|p1|6
|teamsize|p2|6
|gen|5
|tier|[Gen 5] OU
|rated|
|rule|Species Clause: Limit one of each Pokémon
|rule|OHKO Clause: OHKO moves are banned
|rule|Moody Clause: Moody is banned
|rule|Evasion Items Clause: Evasion items are banned
|rule|Evasion Moves Clause: Evasion moves are banned
|rule|Endless Battle Clause: Forcing endless battles is banned
|rule|HP Percentage Mod: HP is shown in percentages
|rule|Evasion Abilities Clause: Evasion abilities are banned
|rule|Sleep Moves Clause: Sleep-inducing moves are banned
|rule|Swagger Clause: Swagger is banned
|rule|Baton Pass Stat Clause: No Baton Passer may have a way to boost its stats
|clearpoke
|poke|p1|Volcarona, M|item
|poke|p1|Hydreigon, M|item
|poke|p1|Mamoswine, M|item
|poke|p1|Magnezone|item
|poke|p1|Toxicroak, F|item
|poke|p1|Politoed, M|item
|poke|p2|Tyranitar, M|item
|poke|p2|Rotom-Wash|item
|poke|p2|Latios, M|item
|poke|p2|Ferrothorn, F|item
|poke|p2|Alakazam, F|item
|poke|p2|Landorus-Therian, M|item
|teampreview
|inactive|Battle timer is ON: inactive players will automatically lose when time's up. (requested by Hans Bloodsmith)
|inactive|le imposteur also wants the timer to be on.
|
|t:|1743724192
|start
|switch|p1a: Hannibal|Hydreigon, M|100/100
|switch|p2a: Rotom|Rotom-Wash|100/100
|turn|1
|
|t:|1743724199
|move|p2a: Rotom|Volt Switch|p1a: Hannibal
|-resisted|p1a: Hannibal
|-damage|p1a: Hannibal|81/100
|
|t:|1743724206
|switch|p2a: Ferrothorn|Ferrothorn, F|100/100|[from] Volt Switch
|move|p1a: Hannibal|U-turn|p2a: Ferrothorn
|-damage|p2a: Ferrothorn|89/100
|-damage|p1a: Hannibal|69/100|[from] ability: Iron Barbs|[of] p2a: Ferrothorn
|
|t:|1743724222
|switch|p1a: Francis|Politoed, M|100/100|[from] U-turn
|-weather|RainDance|[from] ability: Drizzle|[of] p1a: Francis
|
|-weather|RainDance|[upkeep]
|-heal|p2a: Ferrothorn|95/100|[from] item: Leftovers
|upkeep
|turn|2
|
|t:|1743724242
|switch|p1a: Stein|Magnezone|100/100
|switch|p2a: Rotom|Rotom-Wash|100/100
|
|-weather|RainDance|[upkeep]
|upkeep
|turn|3
|
|t:|1743724246
|switch|p1a: Verona|Toxicroak, F|100/100
|move|p2a: Rotom|Hydro Pump|p1a: Verona
|-immune|p1a: Verona|[from] ability: Dry Skin
|
|-weather|RainDance|[upkeep]
|upkeep
|turn|4
|
|t:|1743724258
|switch|p2a: Landorus|Landorus-Therian, M|100/100
|-ability|p2a: Landorus|Intimidate|boost
|-unboost|p1a: Verona|atk|1
|move|p1a: Verona|Ice Punch|p2a: Landorus
|-supereffective|p2a: Landorus
|-damage|p2a: Landorus|14/100
|-damage|p1a: Verona|91/100|[from] item: Life Orb
|
|-weather|RainDance|[upkeep]
|-heal|p1a: Verona|100/100|[from] ability: Dry Skin
|-heal|p2a: Landorus|20/100|[from] item: Leftovers
|upkeep
|turn|5
|
|t:|1743724267
|move|p1a: Verona|Sucker Punch||[still]
|-fail|p1a: Verona
|move|p2a: Landorus|Stealth Rock|p1a: Verona
|-sidestart|p1: Hans Bloodsmith|move: Stealth Rock
|
|-weather|RainDance|[upkeep]
|-heal|p2a: Landorus|26/100|[from] item: Leftovers
|upkeep
|turn|6
|
|t:|1743724286
|move|p2a: Landorus|Earthquake|p1a: Verona
|-supereffective|p1a: Verona
|-damage|p1a: Verona|0 fnt
|faint|p1a: Verona
|
|-weather|RainDance|[upkeep]
|-heal|p2a: Landorus|33/100|[from] item: Leftovers
|upkeep
|
|t:|1743724293
|switch|p1a: Francis|Politoed, M|100/100
|-damage|p1a: Francis|88/100|[from] Stealth Rock
|turn|7
|
|t:|1743724296
|move|p2a: Landorus|U-turn|p1a: Francis
|-damage|p1a: Francis|63/100
|
|t:|1743724300
|switch|p2a: Ferrothorn|Ferrothorn, F|95/100|[from] U-turn
|move|p1a: Francis|Surf|p2a: Ferrothorn
|-resisted|p2a: Ferrothorn
|-damage|p2a: Ferrothorn|57/100
|
|-weather|RainDance|[upkeep]
|-heal|p2a: Ferrothorn|63/100|[from] item: Leftovers
|upkeep
|turn|8
|
|t:|1743724304
|switch|p1a: Stein|Magnezone|100/100
|-damage|p1a: Stein|94/100|[from] Stealth Rock
|move|p2a: Ferrothorn|Spikes|p1a: Stein
|-sidestart|p1: Hans Bloodsmith|Spikes
|
|-weather|RainDance|[upkeep]
|-heal|p1a: Stein|100/100|[from] item: Leftovers
|-heal|p2a: Ferrothorn|69/100|[from] item: Leftovers
|upkeep
|turn|9
|
|t:|1743724309
|move|p1a: Stein|Substitute|p1a: Stein
|-start|p1a: Stein|Substitute
|-damage|p1a: Stein|76/100
|move|p2a: Ferrothorn|Thunder Wave||[still]
|-fail|p2a: Ferrothorn
|
|-weather|RainDance|[upkeep]
|-heal|p1a: Stein|82/100|[from] item: Leftovers
|-heal|p2a: Ferrothorn|75/100|[from] item: Leftovers
|upkeep
|turn|10
|
|t:|1743724313
|move|p1a: Stein|Charge Beam|p2a: Ferrothorn
|-resisted|p2a: Ferrothorn
|-damage|p2a: Ferrothorn|64/100
|move|p2a: Ferrothorn|Power Whip|p1a: Stein|[miss]
|-miss|p2a: Ferrothorn|p1a: Stein
|
|-weather|RainDance|[upkeep]
|-heal|p1a: Stein|88/100|[from] item: Leftovers
|-heal|p2a: Ferrothorn|70/100|[from] item: Leftovers
|upkeep
|turn|11
|
|t:|1743724317
|move|p1a: Stein|Charge Beam|p2a: Ferrothorn
|-resisted|p2a: Ferrothorn
|-damage|p2a: Ferrothorn|59/100
|-boost|p1a: Stein|spa|1
|move|p2a: Ferrothorn|Power Whip|p1a: Stein
|-resisted|p1a: Stein
|-activate|p1a: Stein|Substitute|[damage]
|
|-weather|RainDance|[upkeep]
|-heal|p1a: Stein|94/100|[from] item: Leftovers
|-heal|p2a: Ferrothorn|65/100|[from] item: Leftovers
|upkeep
|turn|12
|
|t:|1743724321
|move|p1a: Stein|Charge Beam|p2a: Ferrothorn
|-resisted|p2a: Ferrothorn
|-damage|p2a: Ferrothorn|48/100
|-boost|p1a: Stein|spa|1
|move|p2a: Ferrothorn|Power Whip|p1a: Stein
|-resisted|p1a: Stein
|-end|p1a: Stein|Substitute
|
|-weather|RainDance|[upkeep]
|-heal|p1a: Stein|99/100|[from] item: Leftovers
|-heal|p2a: Ferrothorn|53/100|[from] item: Leftovers
|upkeep
|turn|13
|
|t:|1743724324
|move|p1a: Stein|Substitute|p1a: Stein
|-start|p1a: Stein|Substitute
|-damage|p1a: Stein|75/100
|move|p2a: Ferrothorn|Spikes|p1a: Stein
|-sidestart|p1: Hans Bloodsmith|Spikes
|
|-weather|RainDance|[upkeep]
|-heal|p1a: Stein|81/100|[from] item: Leftovers
|-heal|p2a: Ferrothorn|59/100|[from] item: Leftovers
|upkeep
|turn|14
|
|t:|1743724326
|move|p1a: Stein|Thunder|p2a: Ferrothorn
|-resisted|p2a: Ferrothorn
|-damage|p2a: Ferrothorn|12/100
|move|p2a: Ferrothorn|Spikes|p1a: Stein
|-sidestart|p1: Hans Bloodsmith|Spikes
|
|-weather|RainDance|[upkeep]
|-heal|p1a: Stein|87/100|[from] item: Leftovers
|-heal|p2a: Ferrothorn|18/100|[from] item: Leftovers
|upkeep
|turn|15
|
|t:|1743724329
|move|p1a: Stein|Charge Beam|p2a: Ferrothorn|[miss]
|-miss|p1a: Stein|p2a: Ferrothorn
|move|p2a: Ferrothorn|Power Whip|p1a: Stein
|-resisted|p1a: Stein
|-activate|p1a: Stein|Substitute|[damage]
|
|-weather|RainDance|[upkeep]
|-heal|p1a: Stein|93/100|[from] item: Leftovers
|-heal|p2a: Ferrothorn|24/100|[from] item: Leftovers
|upkeep
|turn|16
|
|t:|1743724332
|move|p1a: Stein|Charge Beam|p2a: Ferrothorn
|-resisted|p2a: Ferrothorn
|-damage|p2a: Ferrothorn|1/100
|move|p2a: Ferrothorn|Power Whip|p1a: Stein|[miss]
|-miss|p2a: Ferrothorn|p1a: Stein
|
|-weather|RainDance|[upkeep]
|-heal|p1a: Stein|99/100|[from] item: Leftovers
|-heal|p2a: Ferrothorn|7/100|[from] item: Leftovers
|upkeep
|turn|17
|
|t:|1743724335
|move|p1a: Stein|Charge Beam|p2a: Ferrothorn
|-resisted|p2a: Ferrothorn
|-damage|p2a: Ferrothorn|0 fnt
|faint|p2a: Ferrothorn
|
|-weather|RainDance|[upkeep]
|-heal|p1a: Stein|100/100|[from] item: Leftovers
|upkeep
|
|t:|1743724339
|switch|p2a: Landorus|Landorus-Therian, M|33/100
|-ability|p2a: Landorus|Intimidate|boost
|-immune|p1a: Stein
|turn|18
|
|t:|1743724341
|move|p2a: Landorus|Earthquake|p1a: Stein
|-supereffective|p1a: Stein
|-end|p1a: Stein|Substitute
|move|p1a: Stein|Hidden Power|p2a: Landorus
|-supereffective|p2a: Landorus
|-damage|p2a: Landorus|0 fnt
|faint|p2a: Landorus
|
|-weather|RainDance|[upkeep]
|upkeep
|
|t:|1743724353
|switch|p2a: Rotom|Rotom-Wash|100/100
|turn|19
|
|t:|1743724360
|move|p2a: Rotom|Hydro Pump|p1a: Stein
|-damage|p1a: Stein|0 fnt
|faint|p1a: Stein
|
|-weather|RainDance|[upkeep]
|upkeep
|
|t:|1743724366
|switch|p1a: Francis|Politoed, M|63/100
|-damage|p1a: Francis|51/100|[from] Stealth Rock
|-damage|p1a: Francis|26/100|[from] Spikes
|turn|20
|
|t:|1743724370
|move|p2a: Rotom|Hydro Pump|p1a: Francis|[miss]
|-miss|p2a: Rotom|p1a: Francis
|move|p1a: Francis|Hydro Pump|p2a: Rotom
|-resisted|p2a: Rotom
|-crit|p2a: Rotom
|-damage|p2a: Rotom|0 fnt
|faint|p2a: Rotom
|
|-weather|RainDance|[upkeep]
|upkeep
|
|t:|1743724374
|switch|p2a: Tyranitar|Tyranitar, M|100/100
|-weather|Sandstorm|[from] ability: Sand Stream|[of] p2a: Tyranitar
|turn|21
|
|t:|1743724380
|switch|p2a: Latios|Latios, M|100/100
|move|p1a: Francis|Hydro Pump|p2a: Latios
|-resisted|p2a: Latios
|-damage|p2a: Latios|60/100
|
|-weather|Sandstorm|[upkeep]
|-damage|p2a: Latios|54/100|[from] Sandstorm
|-damage|p1a: Francis|20/100|[from] Sandstorm
|upkeep
|turn|22
|
|t:|1743724386
|move|p2a: Latios|Recover|p2a: Latios
|-heal|p2a: Latios|100/100
|move|p1a: Francis|Hydro Pump|p2a: Latios|[miss]
|-miss|p1a: Francis|p2a: Latios
|
|-weather|Sandstorm|[upkeep]
|-damage|p2a: Latios|95/100|[from] Sandstorm
|-damage|p1a: Francis|14/100|[from] Sandstorm
|upkeep
|turn|23
|
|t:|1743724390
|move|p2a: Latios|Surf|p1a: Francis
|-resisted|p1a: Francis
|-crit|p1a: Francis
|-damage|p1a: Francis|0 fnt
|faint|p1a: Francis
|
|-weather|Sandstorm|[upkeep]
|-damage|p2a: Latios|89/100|[from] Sandstorm
|upkeep
|
|t:|1743724407
|switch|p1a: Hannibal|Hydreigon, M|69/100
|-damage|p1a: Hannibal|57/100|[from] Stealth Rock
|turn|24
|
|t:|1743724424
|move|p1a: Hannibal|Draco Meteor|p2a: Latios
|-supereffective|p2a: Latios
|-damage|p2a: Latios|0 fnt
|-unboost|p1a: Hannibal|spa|2
|faint|p2a: Latios
|
|-weather|Sandstorm|[upkeep]
|-damage|p1a: Hannibal|50/100|[from] Sandstorm
|upkeep
|inactive|le imposteur has 120 seconds left.
|
|t:|1743724450
|switch|p2a: Tyranitar|Tyranitar, M|100/100
|turn|25
|inactive|le imposteur has 120 seconds left.
|
|t:|1743724456
|switch|p1a: Dante|Volcarona, M|100/100
|-damage|p1a: Dante|50/100|[from] Stealth Rock
|-damage|p1a: Dante|26/100|[from] Spikes
|-enditem|p1a: Dante|Sitrus Berry|[eat]
|-heal|p1a: Dante|50/100|[from] item: Sitrus Berry
|move|p2a: Tyranitar|Superpower|p1a: Dante
|-resisted|p1a: Dante
|-damage|p1a: Dante|27/100
|-unboost|p2a: Tyranitar|atk|1
|-unboost|p2a: Tyranitar|def|1
|
|-weather|Sandstorm|[upkeep]
|-damage|p1a: Dante|21/100|[from] Sandstorm
|upkeep
|turn|26
|
|t:|1743724461
|move|p1a: Dante|Bug Buzz|p2a: Tyranitar
|-supereffective|p2a: Tyranitar
|-damage|p2a: Tyranitar|59/100
|move|p2a: Tyranitar|Crunch|p1a: Dante
|-damage|p1a: Dante|0 fnt
|-status|p2a: Tyranitar|brn|[from] ability: Flame Body|[of] p1a: Dante
|faint|p1a: Dante
|
|-weather|Sandstorm|[upkeep]
|-damage|p2a: Tyranitar|46/100 brn|[from] brn
|upkeep
|
|t:|1743724472
|switch|p1a: Klaus|Mamoswine, M|100/100
|-damage|p1a: Klaus|88/100|[from] Stealth Rock
|-damage|p1a: Klaus|63/100|[from] Spikes
|turn|27
|
|t:|1743724482
|move|p1a: Klaus|Earthquake|p2a: Tyranitar
|-supereffective|p2a: Tyranitar
|-damage|p2a: Tyranitar|0 fnt
|faint|p2a: Tyranitar
|
|-weather|Sandstorm|[upkeep]
|upkeep
|
|t:|1743724485
|switch|p2a: Alakazam|Alakazam, F|100/100
|turn|28
|
|t:|1743724487
|move|p1a: Klaus|Ice Shard|p2a: Alakazam
|-damage|p2a: Alakazam|45/100
|move|p2a: Alakazam|Grass Knot|p1a: Klaus
|-supereffective|p1a: Klaus
|-damage|p1a: Klaus|0 fnt
|faint|p1a: Klaus
|
|-weather|Sandstorm|[upkeep]
|upkeep
|
|t:|1743724490
|switch|p1a: Hannibal|Hydreigon, M|50/100
|-damage|p1a: Hannibal|38/100|[from] Stealth Rock
|turn|29
|
|t:|1743724494
|move|p1a: Hannibal|Dark Pulse|p2a: Alakazam
|-supereffective|p2a: Alakazam
|-crit|p2a: Alakazam
|-damage|p2a: Alakazam|0 fnt
|faint|p2a: Alakazam
|
|win|Hans Bloodsmith
|raw|Hans Bloodsmith's rating: 1395 &rarr; <strong>1416</strong><br />(+21 for winning)
|raw|le imposteur's rating: 1408 &rarr; <strong>1387</strong><br />(-21 for losing)
|c|☆Hans Bloodsmith|Gg
|c|☆le imposteur|gg!
|l|☆le imposteur
|player|p2|
