|j|☆phosphor
|j|☆Darkortex
|t:|1724833068
|gametype|singles
|player|p1|phosphor|#phosphor|1333
|player|p2|Darkortex|hilbert|1606
|teamsize|p1|6
|teamsize|p2|6
|gen|5
|tier|[Gen 5] OU
|rated|
|rule|Species Clause: Limit one of each Pokémon
|rule|OHKO Clause: OHKO moves are banned
|rule|Moody Clause: Moody is banned
|rule|Evasion Items Clause: Evasion items are banned
|rule|Evasion Moves Clause: Evasion moves are banned
|rule|Endless Battle Clause: Forcing endless battles is banned
|rule|HP Percentage Mod: HP is shown in percentages
|rule|Evasion Abilities Clause: Evasion abilities are banned
|rule|Sleep Moves Clause: Sleep-inducing moves are banned
|rule|Swagger Clause: Swagger is banned
|rule|Baton Pass Stat Clause: No Baton Passer may have a way to boost its stats
|clearpoke
|poke|p1|Abomasnow, M|item
|poke|p1|Garchomp, M|item
|poke|p1|Jirachi|item
|poke|p1|Starmie|item
|poke|p1|Salamence, M|item
|poke|p1|Mamoswine, M|item
|poke|p2|Politoed, M|item
|poke|p2|Ferrothorn, F|item
|poke|p2|Tentacruel, F|item
|poke|p2|Latios, M|item
|poke|p2|Suicune|item
|poke|p2|Thundurus-Therian, M|item
|teampreview
|inactive|Battle timer is ON: inactive players will automatically lose when time's up. (requested by Darkortex)
|
|t:|1724833085
|start
|switch|p1a: Abomasnow|Abomasnow, M|100/100
|switch|p2a: Latios|Latios, M|100/100
|-weather|Hail|[from] ability: Snow Warning|[of] p1a: Abomasnow
|turn|1
|
|t:|1724833094
|move|p2a: Latios|Draco Meteor|p1a: Abomasnow
|-damage|p1a: Abomasnow|12/100
|-unboost|p2a: Latios|spa|2
|move|p1a: Abomasnow|Blizzard|p2a: Latios
|-supereffective|p2a: Latios
|-damage|p2a: Latios|0 fnt
|faint|p2a: Latios
|
|-weather|Hail|[upkeep]
|upkeep
|
|t:|1724833100
|switch|p2a: Politoed|Politoed, M|100/100
|-weather|RainDance|[from] ability: Drizzle|[of] p2a: Politoed
|turn|2
|
|t:|1724833106
|switch|p2a: Ferrothorn|Ferrothorn, F|100/100
|move|p1a: Abomasnow|Giga Drain|p2a: Ferrothorn
|-resisted|p2a: Ferrothorn
|-crit|p2a: Ferrothorn
|-damage|p2a: Ferrothorn|89/100
|-heal|p1a: Abomasnow|19/100|[from] drain|[of] p2a: Ferrothorn
|
|-weather|RainDance|[upkeep]
|-heal|p2a: Ferrothorn|95/100|[from] item: Leftovers
|upkeep
|turn|3
|
|t:|1724833113
|switch|p1a: Jirachi|Jirachi|100/100
|move|p2a: Ferrothorn|Stealth Rock|p1a: Jirachi
|-sidestart|p1: phosphor|move: Stealth Rock
|
|-weather|RainDance|[upkeep]
|-heal|p2a: Ferrothorn|100/100|[from] item: Leftovers
|upkeep
|turn|4
|
|t:|1724833117
|switch|p2a: Thundurus|Thundurus-Therian, M|100/100
|move|p1a: Jirachi|Calm Mind|p1a: Jirachi
|-boost|p1a: Jirachi|spa|1
|-boost|p1a: Jirachi|spd|1
|
|-weather|RainDance|[upkeep]
|upkeep
|turn|5
|
|t:|1724833122
|move|p1a: Jirachi|Psychic|p2a: Thundurus
|-damage|p2a: Thundurus|25/100
|move|p2a: Thundurus|Thunder|p1a: Jirachi
|-damage|p1a: Jirachi|49/100
|
|-weather|RainDance|[upkeep]
|-heal|p1a: Jirachi|55/100|[from] item: Leftovers
|-heal|p2a: Thundurus|31/100|[from] item: Leftovers
|upkeep
|turn|6
|
|t:|1724833130
|move|p1a: Jirachi|Psychic|p2a: Thundurus
|-damage|p2a: Thundurus|0 fnt
|faint|p2a: Thundurus
|
|-weather|RainDance|[upkeep]
|-heal|p1a: Jirachi|61/100|[from] item: Leftovers
|upkeep
|
|t:|1724833132
|switch|p2a: Suicune|Suicune|100/100
|-ability|p2a: Suicune|Pressure
|turn|7
|
|t:|1724833134
|move|p1a: Jirachi|Grass Knot|p2a: Suicune
|-supereffective|p2a: Suicune
|-damage|p2a: Suicune|39/100
|move|p2a: Suicune|Calm Mind|p2a: Suicune
|-boost|p2a: Suicune|spa|1
|-boost|p2a: Suicune|spd|1
|
|-weather|RainDance|[upkeep]
|-heal|p1a: Jirachi|67/100|[from] item: Leftovers
|-heal|p2a: Suicune|45/100|[from] item: Leftovers
|upkeep
|turn|8
|
|t:|1724833140
|move|p2a: Suicune|Protect|p2a: Suicune
|-singleturn|p2a: Suicune|Protect
|move|p1a: Jirachi|Calm Mind|p1a: Jirachi
|-boost|p1a: Jirachi|spa|1
|-boost|p1a: Jirachi|spd|1
|
|-weather|RainDance|[upkeep]
|-heal|p1a: Jirachi|73/100|[from] item: Leftovers
|-heal|p2a: Suicune|51/100|[from] item: Leftovers
|upkeep
|turn|9
|
|t:|1724833143
|move|p1a: Jirachi|Grass Knot|p2a: Suicune
|-supereffective|p2a: Suicune
|-damage|p2a: Suicune|0 fnt
|faint|p2a: Suicune
|
|-weather|RainDance|[upkeep]
|-heal|p1a: Jirachi|79/100|[from] item: Leftovers
|upkeep
|
|t:|1724833145
|switch|p2a: Tentacruel|Tentacruel, F|100/100
|turn|10
|
|t:|1724833147
|move|p1a: Jirachi|Psychic|p2a: Tentacruel
|-supereffective|p2a: Tentacruel
|-damage|p2a: Tentacruel|0 fnt
|faint|p2a: Tentacruel
|
|-weather|RainDance|[upkeep]
|-heal|p1a: Jirachi|85/100|[from] item: Leftovers
|upkeep
|
|t:|1724833149
|switch|p2a: Ferrothorn|Ferrothorn, F|100/100
|turn|11
|
|t:|1724833151
|move|p1a: Jirachi|Hidden Power|p2a: Ferrothorn
|-supereffective|p2a: Ferrothorn
|-damage|p2a: Ferrothorn|49/100
|move|p2a: Ferrothorn|Knock Off|p1a: Jirachi
|-damage|p1a: Jirachi|80/100
|-enditem|p1a: Jirachi|Leftovers|[from] move: Knock Off|[of] p2a: Ferrothorn
|
|-weather|RainDance|[upkeep]
|-heal|p2a: Ferrothorn|56/100|[from] item: Leftovers
|upkeep
|turn|12
|-message|Darkortex forfeited.
|
|win|phosphor
|raw|phosphor's rating: 1333 &rarr; <strong>1366</strong><br />(+33 for winning)
|raw|Darkortex's rating: 1606 &rarr; <strong>1573</strong><br />(-33 for losing)
|l|☆Darkortex
|player|p2|
