|j|☆Testo junkie
|j|☆chomp29
|t:|1725542596
|gametype|singles
|player|p1|Testo junkie|aromalady|1551
|player|p2|chomp29|lucas|1494
|teamsize|p1|6
|teamsize|p2|6
|gen|5
|tier|[Gen 5] OU
|rated|
|rule|Species Clause: Limit one of each Pokémon
|rule|OHKO Clause: OHKO moves are banned
|rule|Moody Clause: Moody is banned
|rule|Evasion Items Clause: Evasion items are banned
|rule|Evasion Moves Clause: Evasion moves are banned
|rule|Endless Battle Clause: Forcing endless battles is banned
|rule|HP Percentage Mod: HP is shown in percentages
|rule|Evasion Abilities Clause: Evasion abilities are banned
|rule|Sleep Moves Clause: Sleep-inducing moves are banned
|rule|Swagger Clause: Swagger is banned
|rule|Baton Pass Stat Clause: No Baton Passer may have a way to boost its stats
|clearpoke
|poke|p1|Skarmory, M|item
|poke|p1|Mienshao, M|item
|poke|p1|Gliscor, F|item
|poke|p1|Slowbro, M|item
|poke|p1|Clefable, M|item
|poke|p1|Latias, F|item
|poke|p2|Keldeo|item
|poke|p2|Thundurus-Therian, M|item
|poke|p2|Politoed, M|item
|poke|p2|Starmie|item
|poke|p2|Ferrothorn, M|item
|poke|p2|Landorus-Therian, M|item
|teampreview
|inactive|Battle timer is ON: inactive players will automatically lose when time's up. (requested by chomp29)
|inactive|Testo junkie has 120 seconds left.
|
|t:|1725542645
|start
|switch|p1a: Clefable|Clefable, M|100/100
|switch|p2a: Politoed|Politoed, M|100/100
|-weather|RainDance|[from] ability: Drizzle|[of] p2a: Politoed
|turn|1
|
|t:|1725542655
|switch|p2a: Landorus|Landorus-Therian, M|100/100
|-ability|p2a: Landorus|Intimidate|boost
|-unboost|p1a: Clefable|atk|1
|move|p1a: Clefable|Thunder Wave|p2a: Landorus
|-immune|p2a: Landorus
|
|-weather|RainDance|[upkeep]
|upkeep
|turn|2
|
|t:|1725542660
|switch|p1a: Gliscor|Gliscor, F|100/100
|move|p2a: Landorus|Earthquake|p1a: Gliscor
|-immune|p1a: Gliscor
|
|-weather|RainDance|[upkeep]
|-status|p1a: Gliscor|tox|[from] item: Toxic Orb
|upkeep
|turn|3
|
|t:|1725542668
|switch|p2a: Ferrothorn|Ferrothorn, M|100/100
|move|p1a: Gliscor|Stealth Rock|p2a: Ferrothorn
|-sidestart|p2: chomp29|move: Stealth Rock
|
|-weather|RainDance|[upkeep]
|upkeep
|turn|4
|
|t:|1725542675
|move|p1a: Gliscor|Knock Off|p2a: Ferrothorn
|-resisted|p2a: Ferrothorn
|-damage|p2a: Ferrothorn|99/100
|-damage|p1a: Gliscor|88/100 tox|[from] ability: Iron Barbs|[of] p2a: Ferrothorn
|-enditem|p2a: Ferrothorn|Leftovers|[from] move: Knock Off|[of] p1a: Gliscor
|move|p2a: Ferrothorn|Power Whip|p1a: Gliscor
|-damage|p1a: Gliscor|62/100 tox
|
|-weather|RainDance|[upkeep]
|-heal|p1a: Gliscor|74/100 tox|[from] ability: Poison Heal
|upkeep
|turn|5
|
|t:|1725542678
|move|p1a: Gliscor|Earthquake|p2a: Ferrothorn
|-damage|p2a: Ferrothorn|75/100
|move|p2a: Ferrothorn|Stealth Rock|p1a: Gliscor
|-sidestart|p1: Testo junkie|move: Stealth Rock
|
|-weather|RainDance|[upkeep]
|-heal|p1a: Gliscor|87/100 tox|[from] ability: Poison Heal
|upkeep
|turn|6
|
|t:|1725542682
|move|p1a: Gliscor|Earthquake|p2a: Ferrothorn
|-damage|p2a: Ferrothorn|49/100
|move|p2a: Ferrothorn|Power Whip|p1a: Gliscor
|-damage|p1a: Gliscor|59/100 tox
|
|-weather|RainDance|[upkeep]
|-heal|p1a: Gliscor|72/100 tox|[from] ability: Poison Heal
|upkeep
|turn|7
|
|t:|1725542685
|switch|p2a: Landorus|Landorus-Therian, M|100/100
|-damage|p2a: Landorus|88/100|[from] Stealth Rock
|-ability|p2a: Landorus|Intimidate|boost
|-unboost|p1a: Gliscor|atk|1
|move|p1a: Gliscor|Earthquake|p2a: Landorus
|-immune|p2a: Landorus
|
|-weather|RainDance|[upkeep]
|-heal|p1a: Gliscor|84/100 tox|[from] ability: Poison Heal
|upkeep
|turn|8
|
|t:|1725542690
|switch|p2a: Starmie|Starmie|100/100
|-damage|p2a: Starmie|88/100|[from] Stealth Rock
|-item|p2a: Starmie|Air Balloon
|move|p1a: Gliscor|Protect||[still]
|-fail|p1a: Gliscor
|
|-weather|RainDance|[upkeep]
|-heal|p1a: Gliscor|97/100 tox|[from] ability: Poison Heal
|upkeep
|turn|9
|
|t:|1725542697
|switch|p1a: Clefable|Clefable, M|100/100
|move|p2a: Starmie|Hydro Pump|p1a: Clefable
|-damage|p1a: Clefable|39/100
|
|-weather|RainDance|[upkeep]
|-heal|p1a: Clefable|45/100|[from] item: Leftovers
|upkeep
|turn|10
|
|t:|1725542706
|move|p2a: Starmie|Thunder|p1a: Clefable
|-damage|p1a: Clefable|21/100
|move|p1a: Clefable|Thunder Wave|p2a: Starmie
|-status|p2a: Starmie|par
|
|-weather|RainDance|[upkeep]
|-heal|p1a: Clefable|27/100|[from] item: Leftovers
|upkeep
|turn|11
|
|t:|1725542711
|move|p1a: Clefable|Soft-Boiled|p1a: Clefable
|-heal|p1a: Clefable|78/100
|move|p2a: Starmie|Hydro Pump|p1a: Clefable
|-damage|p1a: Clefable|13/100
|
|-weather|RainDance|[upkeep]
|-heal|p1a: Clefable|20/100|[from] item: Leftovers
|upkeep
|turn|12
|
|t:|1725542714
|move|p1a: Clefable|Soft-Boiled|p1a: Clefable
|-heal|p1a: Clefable|70/100
|cant|p2a: Starmie|par
|
|-weather|RainDance|[upkeep]
|-heal|p1a: Clefable|76/100|[from] item: Leftovers
|upkeep
|turn|13
|
|t:|1725542725
|move|p1a: Clefable|Seismic Toss|p2a: Starmie
|-damage|p2a: Starmie|54/100 par
|-enditem|p2a: Starmie|Air Balloon
|move|p2a: Starmie|Thunder|p1a: Clefable
|-damage|p1a: Clefable|47/100
|
|-weather|RainDance|[upkeep]
|-heal|p1a: Clefable|53/100|[from] item: Leftovers
|upkeep
|turn|14
|
|t:|1725542728
|move|p1a: Clefable|Soft-Boiled|p1a: Clefable
|-heal|p1a: Clefable|100/100
|cant|p2a: Starmie|par
|
|-weather|RainDance|[upkeep]
|upkeep
|turn|15
|
|t:|1725542731
|move|p1a: Clefable|Seismic Toss|p2a: Starmie
|-damage|p2a: Starmie|20/100 par
|move|p2a: Starmie|Rapid Spin|p1a: Clefable
|-damage|p1a: Clefable|97/100
|-sideend|p2: chomp29|Stealth Rock|[from] move: Rapid Spin|[of] p2a: Starmie
|
|-weather|RainDance|[upkeep]
|-heal|p1a: Clefable|100/100|[from] item: Leftovers
|upkeep
|turn|16
|
|t:|1725542741
|switch|p2a: Landorus|Landorus-Therian, M|88/100
|-ability|p2a: Landorus|Intimidate|boost
|-unboost|p1a: Clefable|atk|1
|move|p1a: Clefable|Seismic Toss|p2a: Landorus
|-damage|p2a: Landorus|58/100
|
|-weather|RainDance|[upkeep]
|upkeep
|turn|17
|
|t:|1725542745
|move|p2a: Landorus|Earthquake|p1a: Clefable
|-damage|p1a: Clefable|35/100
|move|p1a: Clefable|Seismic Toss|p2a: Landorus
|-damage|p2a: Landorus|29/100
|
|-weather|RainDance|[upkeep]
|-heal|p1a: Clefable|41/100|[from] item: Leftovers
|upkeep
|turn|18
|
|t:|1725542749
|switch|p2a: Keldeo|Keldeo|100/100
|move|p1a: Clefable|Soft-Boiled|p1a: Clefable
|-heal|p1a: Clefable|91/100
|
|-weather|RainDance|[upkeep]
|-heal|p1a: Clefable|97/100|[from] item: Leftovers
|upkeep
|turn|19
|
|t:|1725542755
|switch|p1a: Slowbro|Slowbro, M|100/100
|-damage|p1a: Slowbro|88/100|[from] Stealth Rock
|move|p2a: Keldeo|Hydro Pump|p1a: Slowbro
|-resisted|p1a: Slowbro
|-damage|p1a: Slowbro|21/100
|
|-weather|RainDance|[upkeep]
|upkeep
|turn|20
|
|t:|1725542759
|switch|p1a: Latias|Latias, F|100/100
|-damage|p1a: Latias|88/100|[from] Stealth Rock
|move|p2a: Keldeo|Hydro Pump|p1a: Latias
|-resisted|p1a: Latias
|-damage|p1a: Latias|37/100
|
|-weather|RainDance|[upkeep]
|-heal|p1a: Latias|43/100|[from] item: Leftovers
|upkeep
|turn|21
|
|t:|1725542762
|switch|p2a: Landorus|Landorus-Therian, M|29/100
|-ability|p2a: Landorus|Intimidate|boost
|-unboost|p1a: Latias|atk|1
|move|p1a: Latias|Roost|p1a: Latias
|-heal|p1a: Latias|93/100
|-singleturn|p1a: Latias|move: Roost
|
|-weather|RainDance|[upkeep]
|-heal|p1a: Latias|99/100|[from] item: Leftovers
|upkeep
|turn|22
|
|t:|1725542769
|switch|p1a: Slowbro|Slowbro, M|54/100
|-damage|p1a: Slowbro|42/100|[from] Stealth Rock
|move|p2a: Landorus|U-turn|p1a: Slowbro
|-supereffective|p1a: Slowbro
|-damage|p1a: Slowbro|7/100
|-damage|p2a: Landorus|12/100|[from] item: Rocky Helmet|[of] p1a: Slowbro
|
|t:|1725542791
|switch|p2a: Keldeo|Keldeo|100/100|[from] U-turn
|
|-weather|RainDance|[upkeep]
|upkeep
|turn|23
|
|t:|1725542795
|switch|p1a: Latias|Latias, F|99/100
|-damage|p1a: Latias|87/100|[from] Stealth Rock
|move|p2a: Keldeo|Hidden Power|p1a: Latias
|-supereffective|p1a: Latias
|-damage|p1a: Latias|32/100
|
|-weather|RainDance|[upkeep]
|-heal|p1a: Latias|38/100|[from] item: Leftovers
|upkeep
|turn|24
|
|t:|1725542803
|move|p1a: Latias|Roost|p1a: Latias
|-heal|p1a: Latias|88/100
|-singleturn|p1a: Latias|move: Roost
|move|p2a: Keldeo|Hidden Power|p1a: Latias
|-supereffective|p1a: Latias
|-damage|p1a: Latias|32/100
|
|-weather|RainDance|[upkeep]
|-heal|p1a: Latias|38/100|[from] item: Leftovers
|upkeep
|turn|25
|
|t:|1725542807
|switch|p1a: Gliscor|Gliscor, F|97/100 tox
|-damage|p1a: Gliscor|84/100 tox|[from] Stealth Rock
|switch|p2a: Landorus|Landorus-Therian, M|12/100
|-ability|p2a: Landorus|Intimidate|boost
|-unboost|p1a: Gliscor|atk|1
|
|-weather|RainDance|[upkeep]
|-heal|p1a: Gliscor|97/100 tox|[from] ability: Poison Heal
|upkeep
|turn|26
|
|t:|1725542818
|move|p2a: Landorus|U-turn|p1a: Gliscor
|-resisted|p1a: Gliscor
|-damage|p1a: Gliscor|87/100 tox
|
|t:|1725542837
|switch|p2a: Thundurus|Thundurus-Therian, M|100/100|[from] U-turn
|move|p1a: Gliscor|Stealth Rock|p2a: Thundurus
|-sidestart|p2: chomp29|move: Stealth Rock
|
|-weather|RainDance|[upkeep]
|-heal|p1a: Gliscor|99/100 tox|[from] ability: Poison Heal
|upkeep
|turn|27
|
|t:|1725542845
|move|p2a: Thundurus|Agility|p2a: Thundurus
|-boost|p2a: Thundurus|spe|2
|move|p1a: Gliscor|Knock Off|p2a: Thundurus
|-damage|p2a: Thundurus|96/100
|-enditem|p2a: Thundurus|Sitrus Berry|[from] move: Knock Off|[of] p1a: Gliscor
|
|-weather|RainDance|[upkeep]
|-heal|p1a: Gliscor|100/100 tox|[from] ability: Poison Heal
|upkeep
|turn|28
|
|t:|1725542853
|switch|p1a: Slowbro|Slowbro, M|40/100
|-damage|p1a: Slowbro|28/100|[from] Stealth Rock
|move|p2a: Thundurus|Thunder|p1a: Slowbro
|-supereffective|p1a: Slowbro
|-crit|p1a: Slowbro
|-damage|p1a: Slowbro|0 fnt
|faint|p1a: Slowbro
|
|-weather|RainDance|[upkeep]
|upkeep
|
|t:|1725542858
|switch|p1a: Clefable|Clefable, M|97/100
|turn|29
|
|t:|1725542864
|move|p2a: Thundurus|Thunder|p1a: Clefable
|-damage|p1a: Clefable|53/100
|move|p1a: Clefable|Soft-Boiled|p1a: Clefable
|-heal|p1a: Clefable|100/100
|
|-weather|RainDance|[upkeep]
|upkeep
|turn|30
|
|t:|1725542869
|move|p2a: Thundurus|Thunder|p1a: Clefable
|-damage|p1a: Clefable|56/100
|move|p1a: Clefable|Seismic Toss|p2a: Thundurus
|-damage|p2a: Thundurus|65/100
|
|-weather|RainDance|[upkeep]
|-heal|p1a: Clefable|62/100|[from] item: Leftovers
|upkeep
|turn|31
|
|t:|1725542873
|move|p2a: Thundurus|Focus Blast|p1a: Clefable
|-supereffective|p1a: Clefable
|-damage|p1a: Clefable|0 fnt
|faint|p1a: Clefable
|
|-weather|RainDance|[upkeep]
|upkeep
|
|t:|1725542878
|switch|p1a: Mienshao|Mienshao, M|100/100
|-damage|p1a: Mienshao|95/100|[from] Stealth Rock
|turn|32
|
|t:|1725542907
|switch|p1a: Gliscor|Gliscor, F|100/100 tox
|-damage|p1a: Gliscor|88/100 tox|[from] Stealth Rock
|move|p2a: Thundurus|Thunder|p1a: Gliscor
|-immune|p1a: Gliscor
|
|-weather|RainDance|[upkeep]
|-heal|p1a: Gliscor|100/100 tox|[from] ability: Poison Heal
|upkeep
|turn|33
|
|t:|1725542914
|move|p2a: Thundurus|Hidden Power|p1a: Gliscor
|-supereffective|p1a: Gliscor
|-damage|p1a: Gliscor|0 fnt
|faint|p1a: Gliscor
|
|-weather|RainDance|[upkeep]
|upkeep
|
|t:|1725542921
|switch|p1a: Mienshao|Mienshao, M|100/100
|-damage|p1a: Mienshao|95/100|[from] Stealth Rock
|turn|34
|
|t:|1725542924
|move|p2a: Thundurus|Thunder|p1a: Mienshao
|-damage|p1a: Mienshao|0 fnt
|faint|p1a: Mienshao
|
|-weather|RainDance|[upkeep]
|upkeep
|-message|Testo junkie forfeited.
|
|win|chomp29
|raw|Testo junkie's rating: 1551 &rarr; <strong>1528</strong><br />(-23 for losing)
|raw|chomp29's rating: 1494 &rarr; <strong>1517</strong><br />(+23 for winning)
|l|☆Testo junkie
|player|p1|
