|j|☆django kill
|j|☆baixiaohen
|t:|1745147321
|gametype|singles
|player|p1|django kill|1|1339
|player|p2|baixiaohen|n|1316
|teamsize|p1|6
|teamsize|p2|6
|gen|5
|tier|[Gen 5] OU
|rated|
|rule|Species Clause: Limit one of each Pokémon
|rule|OHKO Clause: OHKO moves are banned
|rule|Moody Clause: Moody is banned
|rule|Evasion Items Clause: Evasion items are banned
|rule|Evasion Moves Clause: Evasion moves are banned
|rule|Endless Battle Clause: Forcing endless battles is banned
|rule|HP Percentage Mod: HP is shown in percentages
|rule|Evasion Abilities Clause: Evasion abilities are banned
|rule|Sleep Moves Clause: Sleep-inducing moves are banned
|rule|Swagger Clause: Swagger is banned
|rule|Baton Pass Stat Clause: No Baton Passer may have a way to boost its stats
|clearpoke
|poke|p1|Abomasnow, F|item
|poke|p1|Blissey, F|item
|poke|p1|Gliscor, F|item
|poke|p1|Jirachi|item
|poke|p1|Starmie|item
|poke|p1|Kyurem|item
|poke|p2|Skarmory, F|item
|poke|p2|Tentacruel, M|item
|poke|p2|Chansey, F|item
|poke|p2|Gliscor, F|item
|poke|p2|Jellicent, M|item
|poke|p2|Quagsire, F|item
|teampreview
|inactive|Battle timer is ON: inactive players will automatically lose when time's up. (requested by baixiaohen)
|c|☆django kill|gl hf
|inactive|baixiaohen has 120 seconds left.
|
|t:|1745147357
|start
|switch|p1a: Abomasnow|Abomasnow, F|100/100
|switch|p2a: Skarmory|Skarmory, F|100/100
|-weather|Hail|[from] ability: Snow Warning|[of] p1a: Abomasnow
|turn|1
|
|t:|1745147371
|move|p1a: Abomasnow|Blizzard|p2a: Skarmory
|-damage|p2a: Skarmory|33/100
|move|p2a: Skarmory|Stealth Rock|p1a: Abomasnow
|-sidestart|p1: django kill|move: Stealth Rock
|
|-weather|Hail|[upkeep]
|-damage|p2a: Skarmory|27/100|[from] Hail
|upkeep
|turn|2
|
|t:|1745147377
|switch|p2a: Chansey|Chansey, F|100/100
|move|p1a: Abomasnow|Hidden Power|p2a: Chansey
|-damage|p2a: Chansey|94/100
|
|-weather|Hail|[upkeep]
|-damage|p2a: Chansey|88/100|[from] Hail
|upkeep
|turn|3
|
|t:|1745147387
|switch|p1a: Blissey|Blissey, F|100/100
|-damage|p1a: Blissey|88/100|[from] Stealth Rock
|move|p2a: Chansey|Wish|p2a: Chansey
|
|-weather|Hail|[upkeep]
|-damage|p1a: Blissey|82/100|[from] Hail
|-damage|p2a: Chansey|81/100|[from] Hail
|-heal|p1a: Blissey|88/100|[from] item: Leftovers
|upkeep
|turn|4
|
|t:|1745147397
|switch|p2a: Skarmory|Skarmory, F|27/100
|move|p1a: Blissey|Seismic Toss|p2a: Skarmory
|-damage|p2a: Skarmory|0 fnt
|-damage|p1a: Blissey|72/100|[from] item: Rocky Helmet|[of] p2a: Skarmory
|faint|p2a: Skarmory
|
|-weather|Hail|[upkeep]
|-damage|p1a: Blissey|65/100|[from] Hail
|-heal|p1a: Blissey|72/100|[from] item: Leftovers
|upkeep
|
|t:|1745147410
|switch|p2a: Gliscor|Gliscor, F|100/100
|turn|5
|
|t:|1745147421
|switch|p1a: Starmie|Starmie|100/100
|-damage|p1a: Starmie|88/100|[from] Stealth Rock
|move|p2a: Gliscor|Earthquake|p1a: Starmie
|-damage|p1a: Starmie|46/100
|
|-weather|Hail|[upkeep]
|-damage|p1a: Starmie|40/100|[from] Hail
|-damage|p2a: Gliscor|94/100|[from] Hail
|-heal|p1a: Starmie|46/100|[from] item: Leftovers
|-status|p2a: Gliscor|tox|[from] item: Toxic Orb
|upkeep
|turn|6
|
|t:|1745147436
|move|p1a: Starmie|Rapid Spin|p2a: Gliscor
|-damage|p2a: Gliscor|91/100 tox
|-sideend|p1: django kill|Stealth Rock|[from] move: Rapid Spin|[of] p1a: Starmie
|move|p2a: Gliscor|Substitute|p2a: Gliscor
|-start|p2a: Gliscor|Substitute
|-damage|p2a: Gliscor|67/100 tox
|
|-weather|Hail|[upkeep]
|-damage|p1a: Starmie|40/100|[from] Hail
|-damage|p2a: Gliscor|60/100 tox|[from] Hail
|-heal|p1a: Starmie|46/100|[from] item: Leftovers
|-heal|p2a: Gliscor|73/100 tox|[from] ability: Poison Heal
|upkeep
|turn|7
|
|t:|1745147446
|switch|p2a: Tentacruel|Tentacruel, M|100/100
|move|p1a: Starmie|Recover|p1a: Starmie
|-heal|p1a: Starmie|96/100
|
|-weather|Hail|[upkeep]
|-damage|p1a: Starmie|90/100|[from] Hail
|-damage|p2a: Tentacruel|94/100|[from] Hail
|-heal|p1a: Starmie|96/100|[from] item: Leftovers
|-heal|p2a: Tentacruel|100/100|[from] item: Black Sludge
|upkeep
|turn|8
|
|t:|1745147465
|switch|p1a: Kyurem|Kyurem|100/100
|-ability|p1a: Kyurem|Pressure
|move|p2a: Tentacruel|Toxic Spikes|p1a: Kyurem
|-sidestart|p1: django kill|move: Toxic Spikes
|
|-weather|Hail|[upkeep]
|-damage|p2a: Tentacruel|94/100|[from] Hail
|-heal|p2a: Tentacruel|100/100|[from] item: Black Sludge
|upkeep
|turn|9
|
|t:|1745147469
|switch|p2a: Chansey|Chansey, F|81/100
|move|p1a: Kyurem|Draco Meteor|p2a: Chansey
|-damage|p2a: Chansey|49/100
|-unboost|p1a: Kyurem|spa|2
|
|-weather|Hail|[upkeep]
|-damage|p2a: Chansey|42/100|[from] Hail
|upkeep
|turn|10
|
|t:|1745147482
|switch|p1a: Gliscor|Gliscor, F|100/100
|move|p2a: Chansey|Wish|p2a: Chansey
|
|-weather|Hail|[upkeep]
|-damage|p1a: Gliscor|94/100|[from] Hail
|-damage|p2a: Chansey|36/100|[from] Hail
|-status|p1a: Gliscor|tox|[from] item: Toxic Orb
|upkeep
|turn|11
|
|t:|1745147499
|move|p2a: Chansey|Protect|p2a: Chansey
|-singleturn|p2a: Chansey|Protect
|move|p1a: Gliscor|Ice Fang|p2a: Chansey
|-activate|p2a: Chansey|move: Protect
|
|-weather|Hail|[upkeep]
|-damage|p1a: Gliscor|88/100 tox|[from] Hail
|-damage|p2a: Chansey|30/100|[from] Hail
|-heal|p2a: Chansey|80/100|[from] move: Wish|[wisher] Chansey
|-heal|p1a: Gliscor|100/100 tox|[from] ability: Poison Heal
|upkeep
|turn|12
|
|t:|1745147520
|move|p1a: Gliscor|Earthquake|p2a: Chansey
|-damage|p2a: Chansey|60/100
|move|p2a: Chansey|Wish|p2a: Chansey
|
|-weather|Hail|[upkeep]
|-damage|p1a: Gliscor|94/100 tox|[from] Hail
|-damage|p2a: Chansey|54/100|[from] Hail
|-heal|p1a: Gliscor|100/100 tox|[from] ability: Poison Heal
|upkeep
|turn|13
|
|t:|1745147528
|switch|p1a: Blissey|Blissey, F|72/100
|-status|p1a: Blissey|psn
|move|p2a: Chansey|Protect||[still]
|-fail|p2a: Chansey
|
|-weather|Hail|[upkeep]
|-damage|p1a: Blissey|65/100 psn|[from] Hail
|-damage|p2a: Chansey|48/100|[from] Hail
|-heal|p2a: Chansey|98/100|[from] move: Wish|[wisher] Chansey
|-heal|p1a: Blissey|72/100 psn|[from] item: Leftovers
|-damage|p1a: Blissey|59/100 psn|[from] psn
|upkeep
|turn|14
|
|t:|1745147544
|switch|p2a: Tentacruel|Tentacruel, M|100/100
|move|p1a: Blissey|Stealth Rock|p2a: Tentacruel
|-sidestart|p2: baixiaohen|move: Stealth Rock
|
|-weather|Hail|[upkeep]
|-damage|p2a: Tentacruel|94/100|[from] Hail
|-damage|p1a: Blissey|53/100 psn|[from] Hail
|-heal|p2a: Tentacruel|100/100|[from] item: Black Sludge
|-heal|p1a: Blissey|59/100 psn|[from] item: Leftovers
|-damage|p1a: Blissey|47/100 psn|[from] psn
|upkeep
|turn|15
|
|t:|1745147549
|move|p2a: Tentacruel|Toxic Spikes|p1a: Blissey
|-sidestart|p1: django kill|move: Toxic Spikes
|move|p1a: Blissey|Thunder Wave|p2a: Tentacruel
|-status|p2a: Tentacruel|par
|
|-weather|Hail|[upkeep]
|-damage|p1a: Blissey|40/100 psn|[from] Hail
|-damage|p2a: Tentacruel|94/100 par|[from] Hail
|-heal|p1a: Blissey|47/100 psn|[from] item: Leftovers
|-heal|p2a: Tentacruel|100/100 par|[from] item: Black Sludge
|-damage|p1a: Blissey|34/100 psn|[from] psn
|upkeep
|turn|16
|
|t:|1745147553
|move|p1a: Blissey|Soft-Boiled|p1a: Blissey
|-heal|p1a: Blissey|84/100 psn
|move|p2a: Tentacruel|Rapid Spin|p1a: Blissey
|-damage|p1a: Blissey|82/100 psn
|-sideend|p2: baixiaohen|Stealth Rock|[from] move: Rapid Spin|[of] p2a: Tentacruel
|
|-weather|Hail|[upkeep]
|-damage|p1a: Blissey|76/100 psn|[from] Hail
|-damage|p2a: Tentacruel|94/100 par|[from] Hail
|-heal|p1a: Blissey|82/100 psn|[from] item: Leftovers
|-heal|p2a: Tentacruel|100/100 par|[from] item: Black Sludge
|-damage|p1a: Blissey|69/100 psn|[from] psn
|upkeep
|turn|17
|
|t:|1745147560
|switch|p2a: Quagsire|Quagsire, F|100/100
|move|p1a: Blissey|Stealth Rock|p2a: Quagsire
|-sidestart|p2: baixiaohen|move: Stealth Rock
|
|-weather|Hail|[upkeep]
|-damage|p1a: Blissey|63/100 psn|[from] Hail
|-damage|p2a: Quagsire|94/100|[from] Hail
|-heal|p1a: Blissey|69/100 psn|[from] item: Leftovers
|-heal|p2a: Quagsire|100/100|[from] item: Leftovers
|-damage|p1a: Blissey|57/100 psn|[from] psn
|upkeep
|turn|18
|
|t:|1745147568
|-curestatus|p1a: Blissey|psn|[from] ability: Natural Cure
|switch|p1a: Kyurem|Kyurem|100/100
|-status|p1a: Kyurem|tox
|-ability|p1a: Kyurem|Pressure
|move|p2a: Quagsire|Stockpile|p2a: Quagsire
|-start|p2a: Quagsire|stockpile1
|-boost|p2a: Quagsire|def|1
|-boost|p2a: Quagsire|spd|1
|
|-weather|Hail|[upkeep]
|-damage|p2a: Quagsire|94/100|[from] Hail
|-heal|p2a: Quagsire|100/100|[from] item: Leftovers
|-damage|p1a: Kyurem|94/100 tox|[from] psn
|upkeep
|turn|19
|
|t:|1745147577
|switch|p1a: Abomasnow|Abomasnow, F|100/100
|-status|p1a: Abomasnow|tox
|move|p2a: Quagsire|Recover||[still]
|-fail|p2a: Quagsire|heal
|
|-weather|Hail|[upkeep]
|-damage|p2a: Quagsire|94/100|[from] Hail
|-heal|p2a: Quagsire|100/100|[from] item: Leftovers
|-damage|p1a: Abomasnow|94/100 tox|[from] psn
|upkeep
|turn|20
|
|t:|1745147582
|switch|p2a: Chansey|Chansey, F|98/100
|-damage|p2a: Chansey|85/100|[from] Stealth Rock
|move|p1a: Abomasnow|Giga Drain|p2a: Chansey
|-crit|p2a: Chansey
|-damage|p2a: Chansey|62/100
|-heal|p1a: Abomasnow|100/100 tox|[from] drain|[of] p2a: Chansey
|
|-weather|Hail|[upkeep]
|-damage|p2a: Chansey|56/100|[from] Hail
|-damage|p1a: Abomasnow|88/100 tox|[from] psn
|upkeep
|turn|21
|
|t:|1745147589
|switch|p1a: Gliscor|Gliscor, F|100/100 tox
|move|p2a: Chansey|Wish|p2a: Chansey
|
|-weather|Hail|[upkeep]
|-damage|p1a: Gliscor|94/100 tox|[from] Hail
|-damage|p2a: Chansey|50/100|[from] Hail
|-heal|p1a: Gliscor|100/100 tox|[from] ability: Poison Heal
|upkeep
|turn|22
|
|t:|1745147594
|move|p2a: Chansey|Protect|p2a: Chansey
|-singleturn|p2a: Chansey|Protect
|move|p1a: Gliscor|Earthquake|p2a: Chansey
|-activate|p2a: Chansey|move: Protect
|
|-weather|Hail|[upkeep]
|-damage|p1a: Gliscor|94/100 tox|[from] Hail
|-damage|p2a: Chansey|43/100|[from] Hail
|-heal|p2a: Chansey|93/100|[from] move: Wish|[wisher] Chansey
|-heal|p1a: Gliscor|100/100 tox|[from] ability: Poison Heal
|upkeep
|turn|23
|
|t:|1745147599
|move|p1a: Gliscor|Taunt|p2a: Chansey
|-start|p2a: Chansey|move: Taunt
|cant|p2a: Chansey|move: Taunt|Wish
|
|-weather|Hail|[upkeep]
|-damage|p1a: Gliscor|94/100 tox|[from] Hail
|-damage|p2a: Chansey|87/100|[from] Hail
|-heal|p1a: Gliscor|100/100 tox|[from] ability: Poison Heal
|upkeep
|turn|24
|
|t:|1745147607
|switch|p2a: Quagsire|Quagsire, F|100/100
|-damage|p2a: Quagsire|94/100|[from] Stealth Rock
|move|p1a: Gliscor|Ice Fang|p2a: Quagsire
|-damage|p2a: Quagsire|84/100
|
|-weather|Hail|[upkeep]
|-damage|p1a: Gliscor|94/100 tox|[from] Hail
|-damage|p2a: Quagsire|78/100|[from] Hail
|-heal|p2a: Quagsire|84/100|[from] item: Leftovers
|-heal|p1a: Gliscor|100/100 tox|[from] ability: Poison Heal
|upkeep
|turn|25
|
|t:|1745147610
|move|p1a: Gliscor|Taunt|p2a: Quagsire
|-start|p2a: Quagsire|move: Taunt
|move|p2a: Quagsire|Scald|p1a: Gliscor
|-supereffective|p1a: Gliscor
|-damage|p1a: Gliscor|60/100 tox
|
|-weather|Hail|[upkeep]
|-damage|p1a: Gliscor|53/100 tox|[from] Hail
|-damage|p2a: Quagsire|78/100|[from] Hail
|-heal|p2a: Quagsire|84/100|[from] item: Leftovers
|-heal|p1a: Gliscor|66/100 tox|[from] ability: Poison Heal
|upkeep
|turn|26
|
|t:|1745147617
|move|p1a: Gliscor|Protect|p1a: Gliscor
|-singleturn|p1a: Gliscor|Protect
|move|p2a: Quagsire|Scald|p1a: Gliscor
|-activate|p1a: Gliscor|move: Protect
|
|-weather|Hail|[upkeep]
|-damage|p1a: Gliscor|60/100 tox|[from] Hail
|-damage|p2a: Quagsire|78/100|[from] Hail
|-heal|p2a: Quagsire|84/100|[from] item: Leftovers
|-heal|p1a: Gliscor|72/100 tox|[from] ability: Poison Heal
|upkeep
|turn|27
|
|t:|1745147629
|switch|p1a: Kyurem|Kyurem|94/100 tox
|-ability|p1a: Kyurem|Pressure
|move|p2a: Quagsire|Scald|p1a: Kyurem
|-resisted|p1a: Kyurem
|-damage|p1a: Kyurem|86/100 tox
|
|-weather|Hail|[upkeep]
|-damage|p2a: Quagsire|78/100|[from] Hail
|-heal|p2a: Quagsire|84/100|[from] item: Leftovers
|-damage|p1a: Kyurem|80/100 tox|[from] psn
|-end|p2a: Quagsire|move: Taunt
|upkeep
|turn|28
|
|t:|1745147641
|switch|p2a: Chansey|Chansey, F|87/100
|-damage|p2a: Chansey|75/100|[from] Stealth Rock
|move|p1a: Kyurem|Blizzard|p2a: Chansey
|-damage|p2a: Chansey|46/100
|
|-weather|Hail|[upkeep]
|-damage|p2a: Chansey|39/100|[from] Hail
|-damage|p1a: Kyurem|68/100 tox|[from] psn
|upkeep
|turn|29
|
|t:|1745147655
|move|p1a: Kyurem|Blizzard|p2a: Chansey
|-damage|p2a: Chansey|9/100
|move|p2a: Chansey|Wish|p2a: Chansey
|
|-weather|Hail|[upkeep]
|-damage|p2a: Chansey|3/100|[from] Hail
|-damage|p1a: Kyurem|50/100 tox|[from] psn
|upkeep
|turn|30
|
|t:|1745147667
|switch|p1a: Gliscor|Gliscor, F|72/100 tox
|move|p2a: Chansey|Protect||[still]
|-fail|p2a: Chansey
|
|-weather|Hail|[upkeep]
|-damage|p1a: Gliscor|66/100 tox|[from] Hail
|-damage|p2a: Chansey|0 fnt|[from] Hail
|faint|p2a: Chansey
|-heal|p1a: Gliscor|78/100 tox|[from] ability: Poison Heal
|upkeep
|
|t:|1745147680
|switch|p2a: Jellicent|Jellicent, M|100/100
|-damage|p2a: Jellicent|88/100|[from] Stealth Rock
|turn|31
|
|t:|1745147684
|move|p1a: Gliscor|Protect|p1a: Gliscor
|-singleturn|p1a: Gliscor|Protect
|move|p2a: Jellicent|Scald|p1a: Gliscor
|-activate|p1a: Gliscor|move: Protect
|
|-weather|Hail|[upkeep]
|-damage|p1a: Gliscor|72/100 tox|[from] Hail
|-damage|p2a: Jellicent|82/100|[from] Hail
|-heal|p2a: Jellicent|88/100|[from] item: Leftovers
|-heal|p1a: Gliscor|85/100 tox|[from] ability: Poison Heal
|upkeep
|turn|32
|
|t:|1745147691
|switch|p1a: Abomasnow|Abomasnow, F|88/100 tox
|move|p2a: Jellicent|Taunt|p1a: Abomasnow
|-start|p1a: Abomasnow|move: Taunt
|
|-weather|Hail|[upkeep]
|-damage|p2a: Jellicent|82/100|[from] Hail
|-heal|p2a: Jellicent|88/100|[from] item: Leftovers
|-damage|p1a: Abomasnow|82/100 tox|[from] psn
|upkeep
|turn|33
|
|t:|1745147699
|move|p1a: Abomasnow|Giga Drain|p2a: Jellicent
|-supereffective|p2a: Jellicent
|-damage|p2a: Jellicent|33/100
|-heal|p1a: Abomasnow|100/100 tox|[from] drain|[of] p2a: Jellicent
|-start|p1a: Abomasnow|Disable|Giga Drain|[from] ability: Cursed Body|[of] p2a: Jellicent
|move|p2a: Jellicent|Recover|p2a: Jellicent
|-heal|p2a: Jellicent|83/100
|
|-weather|Hail|[upkeep]
|-damage|p2a: Jellicent|76/100|[from] Hail
|-heal|p2a: Jellicent|83/100|[from] item: Leftovers
|-damage|p1a: Abomasnow|88/100 tox|[from] psn
|upkeep
|turn|34
|
|t:|1745147714
|switch|p1a: Starmie|Starmie|96/100
|-status|p1a: Starmie|tox
|move|p2a: Jellicent|Taunt|p1a: Starmie
|-start|p1a: Starmie|move: Taunt
|
|-weather|Hail|[upkeep]
|-damage|p1a: Starmie|90/100 tox|[from] Hail
|-damage|p2a: Jellicent|76/100|[from] Hail
|-heal|p1a: Starmie|96/100 tox|[from] item: Leftovers
|-heal|p2a: Jellicent|83/100|[from] item: Leftovers
|-damage|p1a: Starmie|90/100 tox|[from] psn
|upkeep
|turn|35
|
|t:|1745147719
|-curestatus|p1a: Starmie|tox|[from] ability: Natural Cure
|switch|p1a: Abomasnow|Abomasnow, F|88/100 tox
|move|p2a: Jellicent|Scald|p1a: Abomasnow
|-resisted|p1a: Abomasnow
|-damage|p1a: Abomasnow|74/100 tox
|
|-weather|Hail|[upkeep]
|-damage|p2a: Jellicent|76/100|[from] Hail
|-heal|p2a: Jellicent|83/100|[from] item: Leftovers
|-damage|p1a: Abomasnow|68/100 tox|[from] psn
|upkeep
|turn|36
|
|t:|1745147731
|move|p1a: Abomasnow|Giga Drain|p2a: Jellicent
|-supereffective|p2a: Jellicent
|-damage|p2a: Jellicent|25/100
|-heal|p1a: Abomasnow|100/100 tox|[from] drain|[of] p2a: Jellicent
|move|p2a: Jellicent|Recover|p2a: Jellicent
|-heal|p2a: Jellicent|75/100
|
|-weather|Hail|[upkeep]
|-damage|p2a: Jellicent|68/100|[from] Hail
|-heal|p2a: Jellicent|75/100|[from] item: Leftovers
|-damage|p1a: Abomasnow|88/100 tox|[from] psn
|upkeep
|turn|37
|
|t:|1745147734
|move|p1a: Abomasnow|Giga Drain|p2a: Jellicent
|-supereffective|p2a: Jellicent
|-damage|p2a: Jellicent|23/100
|-heal|p1a: Abomasnow|100/100 tox|[from] drain|[of] p2a: Jellicent
|move|p2a: Jellicent|Recover|p2a: Jellicent
|-heal|p2a: Jellicent|73/100
|
|-weather|Hail|[upkeep]
|-damage|p2a: Jellicent|67/100|[from] Hail
|-heal|p2a: Jellicent|73/100|[from] item: Leftovers
|-damage|p1a: Abomasnow|82/100 tox|[from] psn
|upkeep
|turn|38
|
|t:|1745147736
|move|p1a: Abomasnow|Rest|p1a: Abomasnow
|-status|p1a: Abomasnow|slp|[from] move: Rest
|-heal|p1a: Abomasnow|100/100 slp|[silent]
|-enditem|p1a: Abomasnow|Chesto Berry|[eat]
|-curestatus|p1a: Abomasnow|slp|[msg]
|move|p2a: Jellicent|Recover|p2a: Jellicent
|-heal|p2a: Jellicent|100/100
|
|-weather|Hail|[upkeep]
|-damage|p2a: Jellicent|94/100|[from] Hail
|-heal|p2a: Jellicent|100/100|[from] item: Leftovers
|upkeep
|turn|39
|
|t:|1745147742
|switch|p2a: Tentacruel|Tentacruel, M|100/100 par
|-damage|p2a: Tentacruel|88/100 par|[from] Stealth Rock
|move|p1a: Abomasnow|Giga Drain|p2a: Tentacruel
|-damage|p2a: Tentacruel|63/100 par
|-damage|p1a: Abomasnow|86/100|[from] ability: Liquid Ooze|[of] p2a: Tentacruel
|
|-weather|Hail|[upkeep]
|-damage|p2a: Tentacruel|57/100 par|[from] Hail
|-heal|p2a: Tentacruel|63/100 par|[from] item: Black Sludge
|upkeep
|turn|40
|
|t:|1745147746
|move|p1a: Abomasnow|Giga Drain|p2a: Tentacruel
|-damage|p2a: Tentacruel|34/100 par
|-damage|p1a: Abomasnow|71/100|[from] ability: Liquid Ooze|[of] p2a: Tentacruel
|move|p2a: Tentacruel|Rapid Spin|p1a: Abomasnow
|-damage|p1a: Abomasnow|67/100
|-sideend|p2: baixiaohen|Stealth Rock|[from] move: Rapid Spin|[of] p2a: Tentacruel
|
|-weather|Hail|[upkeep]
|-damage|p2a: Tentacruel|28/100 par|[from] Hail
|-heal|p2a: Tentacruel|34/100 par|[from] item: Black Sludge
|upkeep
|turn|41
|
|t:|1745147757
|move|p1a: Abomasnow|Giga Drain|p2a: Tentacruel
|-damage|p2a: Tentacruel|8/100 par
|-damage|p1a: Abomasnow|53/100|[from] ability: Liquid Ooze|[of] p2a: Tentacruel
|move|p2a: Tentacruel|Ice Beam|p1a: Abomasnow
|-crit|p1a: Abomasnow
|-damage|p1a: Abomasnow|8/100
|
|-weather|Hail|[upkeep]
|-damage|p2a: Tentacruel|2/100 par|[from] Hail
|-heal|p2a: Tentacruel|8/100 par|[from] item: Black Sludge
|upkeep
|turn|42
|
|t:|1745147773
|move|p1a: Abomasnow|Blizzard|p2a: Tentacruel
|-resisted|p2a: Tentacruel
|-damage|p2a: Tentacruel|0 fnt
|faint|p2a: Tentacruel
|
|-weather|Hail|[upkeep]
|upkeep
|
|t:|1745147775
|switch|p2a: Gliscor|Gliscor, F|73/100 tox
|turn|43
|
|t:|1745147778
|switch|p1a: Gliscor|Gliscor, F|85/100 tox
|move|p2a: Gliscor|Earthquake|p1a: Gliscor
|-immune|p1a: Gliscor
|
|-weather|Hail|[upkeep]
|-damage|p1a: Gliscor|78/100 tox|[from] Hail
|-damage|p2a: Gliscor|67/100 tox|[from] Hail
|-heal|p1a: Gliscor|91/100 tox|[from] ability: Poison Heal
|-heal|p2a: Gliscor|79/100 tox|[from] ability: Poison Heal
|upkeep
|turn|44
|
|t:|1745147791
|switch|p2a: Jellicent|Jellicent, M|100/100
|move|p1a: Gliscor|Ice Fang|p2a: Jellicent
|-resisted|p2a: Jellicent
|-damage|p2a: Jellicent|95/100
|
|-weather|Hail|[upkeep]
|-damage|p1a: Gliscor|85/100 tox|[from] Hail
|-damage|p2a: Jellicent|89/100|[from] Hail
|-heal|p2a: Jellicent|95/100|[from] item: Leftovers
|-heal|p1a: Gliscor|97/100 tox|[from] ability: Poison Heal
|upkeep
|turn|45
|
|t:|1745147803
|switch|p1a: Starmie|Starmie|90/100
|-status|p1a: Starmie|tox
|move|p2a: Jellicent|Scald|p1a: Starmie
|-resisted|p1a: Starmie
|-damage|p1a: Starmie|75/100 tox
|
|-weather|Hail|[upkeep]
|-damage|p1a: Starmie|68/100 tox|[from] Hail
|-damage|p2a: Jellicent|89/100|[from] Hail
|-heal|p1a: Starmie|75/100 tox|[from] item: Leftovers
|-heal|p2a: Jellicent|95/100|[from] item: Leftovers
|-damage|p1a: Starmie|68/100 tox|[from] psn
|upkeep
|turn|46
|
|t:|1745147821
|move|p1a: Starmie|Recover|p1a: Starmie
|-heal|p1a: Starmie|100/100 tox
|move|p2a: Jellicent|Scald|p1a: Starmie
|-resisted|p1a: Starmie
|-damage|p1a: Starmie|87/100 tox
|
|-weather|Hail|[upkeep]
|-damage|p1a: Starmie|81/100 tox|[from] Hail
|-damage|p2a: Jellicent|89/100|[from] Hail
|-heal|p1a: Starmie|87/100 tox|[from] item: Leftovers
|-heal|p2a: Jellicent|95/100|[from] item: Leftovers
|-damage|p1a: Starmie|75/100 tox|[from] psn
|upkeep
|turn|47
|
|t:|1745147841
|-curestatus|p1a: Starmie|tox|[from] ability: Natural Cure
|switch|p1a: Blissey|Blissey, F|57/100
|-status|p1a: Blissey|tox
|move|p2a: Jellicent|Scald|p1a: Blissey
|-damage|p1a: Blissey|48/100 tox
|
|-weather|Hail|[upkeep]
|-damage|p2a: Jellicent|89/100|[from] Hail
|-damage|p1a: Blissey|42/100 tox|[from] Hail
|-heal|p2a: Jellicent|95/100|[from] item: Leftovers
|-heal|p1a: Blissey|48/100 tox|[from] item: Leftovers
|-damage|p1a: Blissey|42/100 tox|[from] psn
|upkeep
|turn|48
|
|t:|1745147849
|-curestatus|p1a: Blissey|tox|[from] ability: Natural Cure
|switch|p1a: Kyurem|Kyurem|50/100 tox
|-ability|p1a: Kyurem|Pressure
|move|p2a: Jellicent|Taunt|p1a: Kyurem
|-start|p1a: Kyurem|move: Taunt
|
|-weather|Hail|[upkeep]
|-damage|p2a: Jellicent|89/100|[from] Hail
|-heal|p2a: Jellicent|95/100|[from] item: Leftovers
|-damage|p1a: Kyurem|44/100 tox|[from] psn
|upkeep
|turn|49
|
|t:|1745147857
|move|p1a: Kyurem|Dragon Pulse|p2a: Jellicent
|-damage|p2a: Jellicent|35/100
|-start|p1a: Kyurem|Disable|Dragon Pulse|[from] ability: Cursed Body|[of] p2a: Jellicent
|move|p2a: Jellicent|Recover|p2a: Jellicent
|-heal|p2a: Jellicent|85/100
|
|-weather|Hail|[upkeep]
|-damage|p2a: Jellicent|79/100|[from] Hail
|-heal|p2a: Jellicent|85/100|[from] item: Leftovers
|-damage|p1a: Kyurem|32/100 tox|[from] psn
|upkeep
|turn|50
|
|t:|1745147875
|switch|p1a: Abomasnow|Abomasnow, F|8/100
|-status|p1a: Abomasnow|tox
|move|p2a: Jellicent|Scald|p1a: Abomasnow
|-resisted|p1a: Abomasnow
|-crit|p1a: Abomasnow
|-damage|p1a: Abomasnow|0 fnt
|faint|p1a: Abomasnow
|
|-weather|Hail|[upkeep]
|-damage|p2a: Jellicent|79/100|[from] Hail
|-heal|p2a: Jellicent|85/100|[from] item: Leftovers
|upkeep
|
|t:|1745147884
|switch|p1a: Kyurem|Kyurem|32/100 tox
|-ability|p1a: Kyurem|Pressure
|turn|51
|j| lc555
|
|t:|1745147890
|move|p1a: Kyurem|Draco Meteor|p2a: Jellicent
|-damage|p2a: Jellicent|0 fnt
|-unboost|p1a: Kyurem|spa|2
|faint|p2a: Jellicent
|
|-weather|Hail|[upkeep]
|-damage|p1a: Kyurem|26/100 tox|[from] psn
|upkeep
|
|t:|1745147900
|switch|p2a: Quagsire|Quagsire, F|84/100
|turn|52
|
|t:|1745147908
|switch|p1a: Starmie|Starmie|75/100
|-status|p1a: Starmie|tox
|move|p2a: Quagsire|Recover|p2a: Quagsire
|-heal|p2a: Quagsire|100/100
|
|-weather|Hail|[upkeep]
|-damage|p1a: Starmie|68/100 tox|[from] Hail
|-damage|p2a: Quagsire|94/100|[from] Hail
|-heal|p1a: Starmie|75/100 tox|[from] item: Leftovers
|-heal|p2a: Quagsire|100/100|[from] item: Leftovers
|-damage|p1a: Starmie|68/100 tox|[from] psn
|upkeep
|turn|53
|
|t:|1745147910
|move|p1a: Starmie|Rapid Spin|p2a: Quagsire
|-damage|p2a: Quagsire|98/100
|-sideend|p1: django kill|Toxic Spikes|[from] move: Rapid Spin|[of] p1a: Starmie
|move|p2a: Quagsire|Stockpile|p2a: Quagsire
|-start|p2a: Quagsire|stockpile1
|-boost|p2a: Quagsire|def|1
|-boost|p2a: Quagsire|spd|1
|
|-weather|Hail|[upkeep]
|-damage|p1a: Starmie|62/100 tox|[from] Hail
|-damage|p2a: Quagsire|92/100|[from] Hail
|-heal|p1a: Starmie|68/100 tox|[from] item: Leftovers
|-heal|p2a: Quagsire|98/100|[from] item: Leftovers
|-damage|p1a: Starmie|56/100 tox|[from] psn
|upkeep
|turn|54
|
|t:|1745147917
|move|p1a: Starmie|Scald|p2a: Quagsire
|-damage|p2a: Quagsire|74/100
|move|p2a: Quagsire|Stockpile|p2a: Quagsire
|-start|p2a: Quagsire|stockpile2
|-boost|p2a: Quagsire|def|1
|-boost|p2a: Quagsire|spd|1
|
|-weather|Hail|[upkeep]
|-damage|p1a: Starmie|50/100 tox|[from] Hail
|-damage|p2a: Quagsire|68/100|[from] Hail
|-heal|p1a: Starmie|56/100 tox|[from] item: Leftovers
|-heal|p2a: Quagsire|74/100|[from] item: Leftovers
|-damage|p1a: Starmie|38/100 tox|[from] psn
|upkeep
|turn|55
|
|t:|1745147921
|move|p1a: Starmie|Scald|p2a: Quagsire
|-damage|p2a: Quagsire|58/100
|move|p2a: Quagsire|Stockpile|p2a: Quagsire
|-start|p2a: Quagsire|stockpile3
|-boost|p2a: Quagsire|def|1
|-boost|p2a: Quagsire|spd|1
|
|-weather|Hail|[upkeep]
|-damage|p1a: Starmie|31/100 tox|[from] Hail
|-damage|p2a: Quagsire|52/100|[from] Hail
|-heal|p1a: Starmie|38/100 tox|[from] item: Leftovers
|-heal|p2a: Quagsire|58/100|[from] item: Leftovers
|-damage|p1a: Starmie|13/100 tox|[from] psn
|upkeep
|turn|56
|
|t:|1745147932
|move|p1a: Starmie|Scald|p2a: Quagsire
|-crit|p2a: Quagsire
|-damage|p2a: Quagsire|0 fnt
|faint|p2a: Quagsire
|
|-weather|Hail|[upkeep]
|-damage|p1a: Starmie|7/100 tox|[from] Hail
|-heal|p1a: Starmie|13/100 tox|[from] item: Leftovers
|-damage|p1a: Starmie|0 fnt|[from] psn
|faint|p1a: Starmie
|upkeep
|-message|baixiaohen forfeited.
|
|win|django kill
|raw|django kill's rating: 1339 &rarr; <strong>1358</strong><br />(+19 for winning)
|raw|baixiaohen's rating: 1316 &rarr; <strong>1297</strong><br />(-19 for losing)
|l|☆baixiaohen
|player|p2|
