|j|‽bluridrache
|j|☆Keysoul
|player|p1|bluridrache|265
|player|p2|Keysoul|129
|teamsize|p1|6
|teamsize|p2|6
|gametype|singles
|gen|5
|tier|[Gen 5] OU
|rated|
|rule|Sleep Clause Mod: Limit one foe put to sleep
|rule|Species Clause: Limit one of each Pokémon
|rule|OHKO Clause: OHKO moves are banned
|rule|Moody Clause: Moody is banned
|rule|Evasion Moves Clause: Evasion moves are banned
|rule|Endless Battle Clause: Forcing endless battles is banned
|rule|HP Percentage Mod: HP is shown in percentages
|rule|Evasion Abilities Clause: Evasion abilities are banned
|rule|Baton Pass Clause: Limit one Baton Passer, can't pass Spe and other stats simultaneously
|rule|Swagger Clause: Swagger is banned
|clearpoke
|poke|p1|Ninetales, F|item
|poke|p1|Chansey, F|item
|poke|p1|Cresselia, F|item
|poke|p1|Forretress, F|item
|poke|p1|Dugtrio, F|item
|poke|p1|Gothitelle, M|item
|poke|p2|Venomoth, M|item
|poke|p2|Forretress, F|item
|poke|p2|Yanmega, M|item
|poke|p2|Scizor, M|item
|poke|p2|Volcarona, M|item
|poke|p2|Volbeat, M|item
|teampreview
|inactive|Battle timer is ON: inactive players will automatically lose when time's up. (requested by bluridrache)
|
|start
|switch|p1a: Ninetales|Ninetales, F|100/100
|switch|p2a: Venomoth|Venomoth, M|100/100
|-weather|SunnyDay|[from] ability: Drought|[of] p1a: Ninetales
|turn|1
|inactive|bluridrache has 135 seconds left.
|inactive|bluridrache has 120 seconds left.
|inactive|bluridrache has 105 seconds left.
|
|switch|p1a: Cresselia|Cresselia, F|100/100
|move|p2a: Venomoth|Sleep Powder|p1a: Cresselia
|-status|p1a: Cresselia|slp
|
|-weather|SunnyDay|[upkeep]
|upkeep
|turn|2
|
|switch|p1a: Ninetales|Ninetales, F|100/100
|move|p2a: Venomoth|U-turn|p1a: Ninetales
|-resisted|p1a: Ninetales
|-damage|p1a: Ninetales|91/100
|inactive|Keysoul has 135 seconds left.
|inactive|Keysoul has 120 seconds left.
|
|switch|p2a: Forretress|Forretress, F|100/100
|
|-weather|SunnyDay|[upkeep]
|-heal|p1a: Ninetales|97/100|[from] item: Leftovers
|upkeep
|turn|3
|
|move|p1a: Ninetales|Flamethrower|p2a: Forretress
|-supereffective|p2a: Forretress
|-ability|p2a: Forretress|Sturdy
|-damage|p2a: Forretress|1/100
|-status|p2a: Forretress|brn
|move|p2a: Forretress|Stealth Rock|p1a: Ninetales
|-sidestart|p1: bluridrache|move: Stealth Rock
|
|-weather|SunnyDay|[upkeep]
|-heal|p1a: Ninetales|100/100|[from] item: Leftovers
|-damage|p2a: Forretress|0 fnt|[from] brn
|upkeep
|faint|p2a: Forretress
|inactive|Keysoul has 135 seconds left.
|inactive|Keysoul has 120 seconds left.
|
|switch|p2a: Venomoth|Venomoth, M|100/100
|turn|4
|
|move|p2a: Venomoth|Stun Spore|p1a: Ninetales
|-status|p1a: Ninetales|par
|move|p1a: Ninetales|Flamethrower|p2a: Venomoth
|-supereffective|p2a: Venomoth
|-enditem|p2a: Venomoth|Focus Sash
|-damage|p2a: Venomoth|1/100
|
|-weather|SunnyDay|[upkeep]
|upkeep
|turn|5
|
|move|p2a: Venomoth|Toxic Spikes|p1a: Ninetales
|-sidestart|p1: bluridrache|move: Toxic Spikes
|move|p1a: Ninetales|Flamethrower|p2a: Venomoth
|-supereffective|p2a: Venomoth
|-damage|p2a: Venomoth|0 fnt
|faint|p2a: Venomoth
|
|-weather|SunnyDay|[upkeep]
|upkeep
|inactive|Keysoul has 135 seconds left.
|
|switch|p2a: Volcarona|Volcarona, M|100/100
|turn|6
|
|move|p2a: Volcarona|Quiver Dance|p2a: Volcarona
|-boost|p2a: Volcarona|spa|1
|-boost|p2a: Volcarona|spd|1
|-boost|p2a: Volcarona|spe|1
|move|p1a: Ninetales|Roar|p2a: Volcarona
|drag|p2a: Yanmega|Yanmega, M|100/100
|
|-weather|SunnyDay|[upkeep]
|upkeep
|turn|7
|
|switch|p2a: Volcarona|Volcarona, M|100/100
|move|p1a: Ninetales|Flamethrower|p2a: Volcarona
|-damage|p2a: Volcarona|60/100
|
|-weather|SunnyDay|[upkeep]
|upkeep
|turn|8
|
|move|p2a: Volcarona|Fiery Dance|p1a: Ninetales
|-resisted|p1a: Ninetales
|-damage|p1a: Ninetales|72/100 par
|-boost|p2a: Volcarona|spa|1
|cant|p1a: Ninetales|par
|
|-weather|SunnyDay|[upkeep]
|-heal|p1a: Ninetales|78/100 par|[from] item: Leftovers
|upkeep
|turn|9
|
|move|p2a: Volcarona|Hidden Power|p1a: Ninetales
|-supereffective|p1a: Ninetales
|-damage|p1a: Ninetales|17/100 par
|move|p1a: Ninetales|Roar|p2a: Volcarona
|drag|p2a: Volbeat|Volbeat, M|100/100
|
|-weather|SunnyDay|[upkeep]
|-heal|p1a: Ninetales|23/100 par|[from] item: Leftovers
|upkeep
|turn|10
|inactive|Keysoul has 135 seconds left.
|
|switch|p1a: Forretress|Forretress, F|100/100
|-damage|p1a: Forretress|88/100|[from] Stealth Rock
|move|p2a: Volbeat|Substitute|p2a: Volbeat
|-start|p2a: Volbeat|Substitute
|-damage|p2a: Volbeat|76/100
|
|-weather|SunnyDay|[upkeep]
|-heal|p2a: Volbeat|82/100|[from] item: Leftovers
|-heal|p1a: Forretress|94/100|[from] item: Leftovers
|upkeep
|turn|11
|
|move|p2a: Volbeat|Baton Pass|p2a: Volbeat
|
|switch|p2a: Volcarona|Volcarona, M|60/100
|move|p1a: Forretress|Rapid Spin|p2a: Volcarona
|-activate|p2a: Volcarona|Substitute|[damage]
|-sideend|p1: bluridrache|Toxic Spikes|[from] move: Rapid Spin|[of] p1a: Forretress
|-sideend|p1: bluridrache|Stealth Rock|[from] move: Rapid Spin|[of] p1a: Forretress
|
|-weather|SunnyDay|[upkeep]
|-heal|p1a: Forretress|100/100|[from] item: Leftovers
|upkeep
|turn|12
|
|switch|p1a: Chansey|Chansey, F|100/100
|move|p2a: Volcarona|Quiver Dance|p2a: Volcarona
|-boost|p2a: Volcarona|spa|1
|-boost|p2a: Volcarona|spd|1
|-boost|p2a: Volcarona|spe|1
|
|-weather|SunnyDay|[upkeep]
|upkeep
|turn|13
|
|move|p2a: Volcarona|Fiery Dance|p1a: Chansey
|-damage|p1a: Chansey|70/100
|-boost|p2a: Volcarona|spa|1
|move|p1a: Chansey|Seismic Toss|p2a: Volcarona
|-end|p2a: Volcarona|Substitute
|
|-weather|SunnyDay|[upkeep]
|upkeep
|turn|14
|
|move|p2a: Volcarona|Fiery Dance|p1a: Chansey
|-damage|p1a: Chansey|30/100
|-boost|p2a: Volcarona|spa|1
|move|p1a: Chansey|Soft-Boiled|p1a: Chansey
|-heal|p1a: Chansey|80/100
|
|-weather|SunnyDay|[upkeep]
|upkeep
|turn|15
|
|move|p2a: Volcarona|Fiery Dance|p1a: Chansey
|-damage|p1a: Chansey|33/100
|-boost|p2a: Volcarona|spa|1
|move|p1a: Chansey|Toxic|p2a: Volcarona
|-status|p2a: Volcarona|tox
|-enditem|p2a: Volcarona|Lum Berry|[eat]
|-curestatus|p2a: Volcarona|tox|[msg]
|
|-weather|SunnyDay|[upkeep]
|upkeep
|turn|16
|inactive|bluridrache has 135 seconds left.
|
|move|p2a: Volcarona|Fiery Dance|p1a: Chansey
|-damage|p1a: Chansey|0 fnt
|-boost|p2a: Volcarona|spa|1
|faint|p1a: Chansey
|
|-weather|SunnyDay|[upkeep]
|upkeep
|
|switch|p1a: Cresselia|Cresselia, F|100/100 slp
|turn|17
|
|move|p2a: Volcarona|Giga Drain|p1a: Cresselia
|-crit|p1a: Cresselia
|-damage|p1a: Cresselia|0 fnt
|-heal|p2a: Volcarona|100/100|[from] drain|[of] p1a: Cresselia
|faint|p1a: Cresselia
|
|-weather|SunnyDay|[upkeep]
|upkeep
|-message|bluridrache forfeited.
|
|win|Keysoul
|l|‽bluridrache
|raw|bluridrache's rating: 1453 &rarr; <strong>1425</strong><br />(-28 for losing)
|raw|Keysoul's rating: 1308 &rarr; <strong>1336</strong><br />(+28 for winning)
