|j|☆Yokao893
|j|☆Blossummm
|t:|1732741947
|gametype|singles
|player|p1|Yokao893|hilbert|1394
|player|p2|Blossummm|roxie|1353
|teamsize|p1|6
|teamsize|p2|6
|gen|5
|tier|[Gen 5] OU
|rated|
|rule|Species Clause: Limit one of each Pokémon
|rule|OHKO Clause: OHKO moves are banned
|rule|Moody Clause: Moody is banned
|rule|Evasion Items Clause: Evasion items are banned
|rule|Evasion Moves Clause: Evasion moves are banned
|rule|Endless Battle Clause: Forcing endless battles is banned
|rule|HP Percentage Mod: HP is shown in percentages
|rule|Evasion Abilities Clause: Evasion abilities are banned
|rule|Sleep Moves Clause: Sleep-inducing moves are banned
|rule|Swagger Clause: Swagger is banned
|rule|Baton Pass Stat Clause: No Baton Passer may have a way to boost its stats
|clearpoke
|poke|p1|Jirachi|item
|poke|p1|Kyurem-Black|item
|poke|p1|Latios, M|item
|poke|p1|Magnezone|item
|poke|p1|Garchomp, M|item
|poke|p1|Reuniclus, M|item
|poke|p2|Latios, M|item
|poke|p2|Tyranitar, F|item
|poke|p2|Reuniclus, F|item
|poke|p2|Terrakion|item
|poke|p2|Ferrothorn, F|item
|poke|p2|Latias, F|item
|teampreview
|inactive|Battle timer is ON: inactive players will automatically lose when time's up. (requested by Yokao893)
|
|t:|1732741969
|start
|switch|p1a: Footdive!|Jirachi|100/100
|switch|p2a: Tyranitar|Tyranitar, F, shiny|100/100
|-weather|Sandstorm|[from] ability: Sand Stream|[of] p2a: Tyranitar
|turn|1
|
|t:|1732741999
|switch|p2a: Terrakion|Terrakion|100/100
|move|p1a: Footdive!|Stealth Rock|p2a: Terrakion
|-sidestart|p2: Blossummm|move: Stealth Rock
|
|-weather|Sandstorm|[upkeep]
|upkeep
|turn|2
|
|t:|1732742009
|move|p2a: Terrakion|X-Scissor|p1a: Footdive!
|-damage|p1a: Footdive!|67/100
|move|p1a: Footdive!|U-turn|p2a: Terrakion
|-resisted|p2a: Terrakion
|-damage|p2a: Terrakion|90/100
|
|t:|1732742028
|switch|p1a: Garchomp|Garchomp, M|100/100|[from] U-turn
|
|-weather|Sandstorm|[upkeep]
|upkeep
|turn|3
|inactive|Blossummm has 120 seconds left.
|
|t:|1732742051
|switch|p2a: Latios|Latios, M|100/100
|-damage|p2a: Latios|88/100|[from] Stealth Rock
|move|p1a: Garchomp|Substitute|p1a: Garchomp
|-start|p1a: Garchomp|Substitute
|-damage|p1a: Garchomp|75/100
|
|-weather|Sandstorm|[upkeep]
|-damage|p2a: Latios|82/100|[from] Sandstorm
|upkeep
|turn|4
|
|t:|1732742060
|switch|p2a: Ferrothorn|Ferrothorn, F|100/100
|-damage|p2a: Ferrothorn|94/100|[from] Stealth Rock
|move|p1a: Garchomp|Substitute|p1a: Garchomp
|-fail|p1a: Garchomp|move: Substitute
|
|-weather|Sandstorm|[upkeep]
|-heal|p2a: Ferrothorn|100/100|[from] item: Leftovers
|upkeep
|turn|5
|
|t:|1732742066
|switch|p2a: Terrakion|Terrakion|90/100
|-damage|p2a: Terrakion|84/100|[from] Stealth Rock
|move|p1a: Garchomp|Swords Dance|p1a: Garchomp
|-boost|p1a: Garchomp|atk|2
|
|-weather|Sandstorm|[upkeep]
|upkeep
|turn|6
|
|t:|1732742070
|move|p2a: Terrakion|Close Combat|p1a: Garchomp
|-end|p1a: Garchomp|Substitute
|-unboost|p2a: Terrakion|def|1
|-unboost|p2a: Terrakion|spd|1
|move|p1a: Garchomp|Substitute|p1a: Garchomp
|-start|p1a: Garchomp|Substitute
|-damage|p1a: Garchomp|50/100
|
|-weather|Sandstorm|[upkeep]
|upkeep
|turn|7
|
|t:|1732742076
|move|p2a: Terrakion|Close Combat|p1a: Garchomp
|-end|p1a: Garchomp|Substitute
|-unboost|p2a: Terrakion|def|1
|-unboost|p2a: Terrakion|spd|1
|move|p1a: Garchomp|Substitute|p1a: Garchomp
|-start|p1a: Garchomp|Substitute
|-damage|p1a: Garchomp|25/100
|-enditem|p1a: Garchomp|Salac Berry|[eat]
|-boost|p1a: Garchomp|spe|1|[from] item: Salac Berry
|
|-weather|Sandstorm|[upkeep]
|upkeep
|turn|8
|
|t:|1732742092
|move|p1a: Garchomp|Earthquake|p2a: Terrakion
|-supereffective|p2a: Terrakion
|-damage|p2a: Terrakion|0 fnt
|faint|p2a: Terrakion
|
|-weather|Sandstorm|[upkeep]
|upkeep
|
|t:|1732742097
|switch|p2a: Ferrothorn|Ferrothorn, F|100/100
|-damage|p2a: Ferrothorn|94/100|[from] Stealth Rock
|turn|9
|
|t:|1732742105
|move|p1a: Garchomp|Earthquake|p2a: Ferrothorn
|-damage|p2a: Ferrothorn|26/100
|move|p2a: Ferrothorn|Gyro Ball|p1a: Garchomp
|-end|p1a: Garchomp|Substitute
|
|-weather|Sandstorm|[upkeep]
|-heal|p2a: Ferrothorn|32/100|[from] item: Leftovers
|upkeep
|turn|10
|
|t:|1732742119
|move|p1a: Garchomp|Earthquake|p2a: Ferrothorn
|-damage|p2a: Ferrothorn|0 fnt
|faint|p2a: Ferrothorn
|
|-weather|Sandstorm|[upkeep]
|upkeep
|
|t:|1732742126
|switch|p2a: Latias|Latias, F|100/100
|-damage|p2a: Latias|88/100|[from] Stealth Rock
|turn|11
|
|t:|1732742131
|move|p2a: Latias|Dragon Pulse|p1a: Garchomp
|-supereffective|p1a: Garchomp
|-damage|p1a: Garchomp|0 fnt
|faint|p1a: Garchomp
|
|-weather|Sandstorm|[upkeep]
|-damage|p2a: Latias|82/100|[from] Sandstorm
|upkeep
|
|t:|1732742140
|switch|p1a: Footdive!|Jirachi|67/100
|turn|12
|
|t:|1732742165
|switch|p2a: Reuniclus|Reuniclus, F|100/100
|move|p1a: Footdive!|Icy Wind|p2a: Reuniclus
|-damage|p2a: Reuniclus|88/100
|-unboost|p2a: Reuniclus|spe|1
|
|-weather|Sandstorm|[upkeep]
|-heal|p1a: Footdive!|73/100|[from] item: Leftovers
|-heal|p2a: Reuniclus|94/100|[from] item: Leftovers
|upkeep
|turn|13
|
|t:|1732742173
|move|p1a: Footdive!|U-turn|p2a: Reuniclus
|-supereffective|p2a: Reuniclus
|-damage|p2a: Reuniclus|71/100
|
|t:|1732742176
|switch|p1a: Alex|Kyurem-Black|100/100|[from] U-turn
|-ability|p1a: Alex|Teravolt
|move|p2a: Reuniclus|Calm Mind|p2a: Reuniclus
|-boost|p2a: Reuniclus|spa|1
|-boost|p2a: Reuniclus|spd|1
|
|-weather|Sandstorm|[upkeep]
|-damage|p1a: Alex|94/100|[from] Sandstorm
|-heal|p2a: Reuniclus|77/100|[from] item: Leftovers
|upkeep
|turn|14
|
|t:|1732742185
|move|p1a: Alex|Outrage|p2a: Reuniclus
|-damage|p2a: Reuniclus|0 fnt
|faint|p2a: Reuniclus
|
|-weather|Sandstorm|[upkeep]
|-damage|p1a: Alex|88/100|[from] Sandstorm
|upkeep
|
|t:|1732742203
|switch|p2a: Latios|Latios, M|82/100
|-damage|p2a: Latios|70/100|[from] Stealth Rock
|turn|15
|
|t:|1732742206
|move|p2a: Latios|Dragon Pulse|p1a: Alex
|-supereffective|p1a: Alex
|-damage|p1a: Alex|0 fnt
|faint|p1a: Alex
|
|-weather|Sandstorm|[upkeep]
|-damage|p2a: Latios|64/100|[from] Sandstorm
|upkeep
|
|t:|1732742210
|switch|p1a: P Is For Perfect|Reuniclus, M|100/100
|turn|16
|
|t:|1732742237
|switch|p2a: Tyranitar|Tyranitar, F, shiny|100/100
|-damage|p2a: Tyranitar|88/100|[from] Stealth Rock
|move|p1a: P Is For Perfect|Trick Room|p1a: P Is For Perfect
|-fieldstart|move: Trick Room|[of] p1a: P Is For Perfect
|
|-weather|Sandstorm|[upkeep]
|upkeep
|turn|17
|
|t:|1732742243
|move|p1a: P Is For Perfect|Focus Blast|p2a: Tyranitar|[miss]
|-miss|p1a: P Is For Perfect|p2a: Tyranitar
|move|p2a: Tyranitar|Pursuit|p1a: P Is For Perfect
|-supereffective|p1a: P Is For Perfect
|-damage|p1a: P Is For Perfect|55/100
|
|-weather|Sandstorm|[upkeep]
|upkeep
|turn|18
|
|t:|1732742247
|move|p1a: P Is For Perfect|Focus Blast|p2a: Tyranitar
|-supereffective|p2a: Tyranitar
|-enditem|p2a: Tyranitar|Chople Berry|[eat]
|-enditem|p2a: Tyranitar|Chople Berry|[weaken]
|-damage|p2a: Tyranitar|30/100
|move|p2a: Tyranitar|Pursuit|p1a: P Is For Perfect
|-supereffective|p1a: P Is For Perfect
|-damage|p1a: P Is For Perfect|9/100
|
|-weather|Sandstorm|[upkeep]
|upkeep
|turn|19
|
|t:|1732742255
|move|p1a: P Is For Perfect|Focus Blast|p2a: Tyranitar|[miss]
|-miss|p1a: P Is For Perfect|p2a: Tyranitar
|move|p2a: Tyranitar|Pursuit|p1a: P Is For Perfect
|-supereffective|p1a: P Is For Perfect
|-damage|p1a: P Is For Perfect|0 fnt
|faint|p1a: P Is For Perfect
|
|-weather|Sandstorm|[upkeep]
|upkeep
|
|t:|1732742259
|switch|p1a: Footdive!|Jirachi|73/100
|turn|20
|
|t:|1732742266
|move|p2a: Tyranitar|Superpower|p1a: Footdive!
|-damage|p1a: Footdive!|38/100
|-unboost|p2a: Tyranitar|atk|1
|-unboost|p2a: Tyranitar|def|1
|move|p1a: Footdive!|U-turn|p2a: Tyranitar
|-supereffective|p2a: Tyranitar
|-damage|p2a: Tyranitar|0 fnt
|faint|p2a: Tyranitar
|
|t:|1732742270
|switch|p1a: Gorilla Grip|Magnezone|100/100|[from] U-turn
|-item|p1a: Gorilla Grip|Air Balloon
|
|-weather|Sandstorm|[upkeep]
|-fieldend|move: Trick Room
|upkeep
|
|t:|1732742281
|switch|p2a: Latios|Latios, M|64/100
|-damage|p2a: Latios|52/100|[from] Stealth Rock
|turn|21
|
|t:|1732742286
|move|p2a: Latios|Hidden Power|p1a: Gorilla Grip
|-supereffective|p1a: Gorilla Grip
|-damage|p1a: Gorilla Grip|4/100
|-enditem|p1a: Gorilla Grip|Air Balloon
|move|p1a: Gorilla Grip|Thunderbolt|p2a: Latios
|-resisted|p2a: Latios
|-damage|p2a: Latios|23/100
|
|-weather|Sandstorm|[upkeep]
|-damage|p2a: Latios|17/100|[from] Sandstorm
|upkeep
|turn|22
|
|t:|1732742293
|move|p2a: Latios|Hidden Power|p1a: Gorilla Grip
|-supereffective|p1a: Gorilla Grip
|-damage|p1a: Gorilla Grip|0 fnt
|faint|p1a: Gorilla Grip
|
|-weather|Sandstorm|[upkeep]
|-damage|p2a: Latios|11/100|[from] Sandstorm
|upkeep
|
|t:|1732742296
|switch|p1a: B-61|Latios, M|100/100
|turn|23
|
|t:|1732742301
|move|p1a: B-61|Dragon Pulse|p2a: Latios
|-supereffective|p2a: Latios
|-damage|p2a: Latios|0 fnt
|faint|p2a: Latios
|
|-weather|Sandstorm|[upkeep]
|-damage|p1a: B-61|95/100|[from] Sandstorm
|upkeep
|
|t:|1732742303
|switch|p2a: Latias|Latias, F|82/100
|-damage|p2a: Latias|70/100|[from] Stealth Rock
|turn|24
|
|t:|1732742310
|move|p2a: Latias|Draco Meteor|p1a: B-61
|-supereffective|p1a: B-61
|-damage|p1a: B-61|0 fnt
|-unboost|p2a: Latias|spa|2
|faint|p1a: B-61
|
|-weather|Sandstorm|[upkeep]
|-damage|p2a: Latias|64/100|[from] Sandstorm
|upkeep
|
|t:|1732742314
|switch|p1a: Footdive!|Jirachi|38/100
|turn|25
|
|t:|1732742317
|move|p2a: Latias|Draco Meteor|p1a: Footdive!
|-resisted|p1a: Footdive!
|-damage|p1a: Footdive!|28/100
|-unboost|p2a: Latias|spa|2
|move|p1a: Footdive!|Icy Wind|p2a: Latias
|-supereffective|p2a: Latias
|-damage|p2a: Latias|41/100
|-unboost|p2a: Latias|spe|1
|
|-weather|Sandstorm|[upkeep]
|-damage|p2a: Latias|35/100|[from] Sandstorm
|-heal|p1a: Footdive!|34/100|[from] item: Leftovers
|upkeep
|turn|26
|
|t:|1732742324
|move|p2a: Latias|Draco Meteor|p1a: Footdive!
|-resisted|p1a: Footdive!
|-crit|p1a: Footdive!
|-damage|p1a: Footdive!|0 fnt
|-unboost|p2a: Latias|spa|2
|faint|p1a: Footdive!
|
|win|Blossummm
|raw|Yokao893's rating: 1394 &rarr; <strong>1372</strong><br />(-22 for losing)
|raw|Blossummm's rating: 1353 &rarr; <strong>1375</strong><br />(+22 for winning)
|c|☆Yokao893|Breh
|c|☆Yokao893|gg
