|j|☆Shoka
|j|☆Fouge
|player|p1|Shoka|226
|player|p2|Fouge|224
|teamsize|p1|6
|teamsize|p2|6
|gametype|singles
|gen|5
|tier|[Gen 5] OU
|rated|
|rule|Sleep Clause Mod: Limit one foe put to sleep
|rule|Species Clause: Limit one of each Pokémon
|rule|OHKO Clause: OHKO moves are banned
|rule|Moody Clause: Moody is banned
|rule|Evasion Moves Clause: Evasion moves are banned
|rule|Endless Battle Clause: Forcing endless battles is banned
|rule|HP Percentage Mod: HP is shown in percentages
|rule|Evasion Abilities Clause: Evasion abilities are banned
|rule|Baton Pass Clause: Limit one Baton Passer, can't pass Spe and other stats simultaneously
|rule|Swagger Clause: Swagger is banned
|clearpoke
|poke|p1|Hippowdon, M|item
|poke|p1|Ferrothorn, M|item
|poke|p1|Latios, M|item
|poke|p1|Heatran, M|item
|poke|p1|Jellicent, M|item
|poke|p1|Alakazam, M|item
|poke|p2|Tyranitar, M|item
|poke|p2|Volcarona, M|item
|poke|p2|Skarmory, M|item
|poke|p2|Slowbro, M|item
|poke|p2|Amoonguss, M|item
|poke|p2|Excadrill, M|item
|teampreview
|c|☆Fouge|Ca devient une habituds
|c|☆Fouge|Gl
|c|☆Shoka|hf
|inactive|Battle timer is ON: inactive players will automatically lose when time's up. (requested by Shoka)
|
|start
|switch|p1a: Hippowdon|Hippowdon, M|100/100
|switch|p2a: Skarmory|Skarmory, M|100/100
|-weather|Sandstorm|[from] ability: Sand Stream|[of] p1a: Hippowdon
|turn|1
|
|move|p2a: Skarmory|Spikes|p1a: Hippowdon
|-sidestart|p1: Shoka|Spikes
|move|p1a: Hippowdon|Stealth Rock|p2a: Skarmory
|-sidestart|p2: Fouge|move: Stealth Rock
|
|-weather|Sandstorm|[upkeep]
|upkeep
|turn|2
|
|switch|p1a: Ferrothorn|Ferrothorn, M|100/100
|-damage|p1a: Ferrothorn|88/100|[from] Spikes
|move|p2a: Skarmory|Whirlwind|p1a: Ferrothorn
|drag|p1a: Latios|Latios, M|100/100
|
|-weather|Sandstorm|[upkeep]
|-damage|p1a: Latios|95/100|[from] Sandstorm
|upkeep
|turn|3
|
|move|p1a: Latios|Surf|p2a: Skarmory
|-damage|p2a: Skarmory|54/100
|move|p2a: Skarmory|Roost|p2a: Skarmory
|-heal|p2a: Skarmory|100/100
|
|-weather|Sandstorm|[upkeep]
|-damage|p1a: Latios|89/100|[from] Sandstorm
|upkeep
|turn|4
|
|switch|p1a: Ferrothorn|Ferrothorn, M|88/100
|-damage|p1a: Ferrothorn|75/100|[from] Spikes
|move|p2a: Skarmory|Whirlwind|p1a: Ferrothorn
|drag|p1a: Latios|Latios, M|89/100
|
|-weather|Sandstorm|[upkeep]
|-damage|p1a: Latios|83/100|[from] Sandstorm
|upkeep
|turn|5
|
|switch|p1a: Ferrothorn|Ferrothorn, M|75/100
|-damage|p1a: Ferrothorn|63/100|[from] Spikes
|move|p2a: Skarmory|Spikes|p1a: Ferrothorn
|-sidestart|p1: Shoka|Spikes
|
|-weather|Sandstorm|[upkeep]
|-heal|p1a: Ferrothorn|69/100|[from] item: Leftovers
|upkeep
|turn|6
|
|move|p2a: Skarmory|Spikes|p1a: Ferrothorn
|-sidestart|p1: Shoka|Spikes
|move|p1a: Ferrothorn|Spikes|p2a: Skarmory
|-sidestart|p2: Fouge|Spikes
|
|-weather|Sandstorm|[upkeep]
|-heal|p1a: Ferrothorn|75/100|[from] item: Leftovers
|upkeep
|turn|7
|
|switch|p2a: Tyranitar|Tyranitar, M|100/100
|-damage|p2a: Tyranitar|88/100|[from] Stealth Rock
|-damage|p2a: Tyranitar|76/100|[from] Spikes
|move|p1a: Ferrothorn|Leech Seed|p2a: Tyranitar
|-start|p2a: Tyranitar|move: Leech Seed
|
|-weather|Sandstorm|[upkeep]
|-heal|p1a: Ferrothorn|82/100|[from] item: Leftovers
|-damage|p2a: Tyranitar|63/100|[from] Leech Seed|[of] p1a: Ferrothorn
|-heal|p1a: Ferrothorn|96/100|[silent]
|upkeep
|turn|8
|
|switch|p1a: Hippowdon|Hippowdon, M|100/100
|-damage|p1a: Hippowdon|76/100|[from] Spikes
|move|p2a: Tyranitar|Stealth Rock|p1a: Hippowdon
|-sidestart|p1: Shoka|move: Stealth Rock
|
|-weather|Sandstorm|[upkeep]
|-heal|p1a: Hippowdon|82/100|[from] item: Leftovers
|-damage|p2a: Tyranitar|51/100|[from] Leech Seed|[of] p1a: Hippowdon
|-heal|p1a: Hippowdon|94/100|[silent]
|upkeep
|turn|9
|
|switch|p2a: Skarmory|Skarmory, M|100/100
|-damage|p2a: Skarmory|88/100|[from] Stealth Rock
|move|p1a: Hippowdon|Whirlwind|p2a: Skarmory
|drag|p2a: Volcarona|Volcarona, M|100/100
|-damage|p2a: Volcarona|50/100|[from] Stealth Rock
|-damage|p2a: Volcarona|38/100|[from] Spikes
|
|-weather|Sandstorm|[upkeep]
|-damage|p2a: Volcarona|32/100|[from] Sandstorm
|-heal|p1a: Hippowdon|99/100|[from] item: Leftovers
|upkeep
|turn|10
|c|☆Fouge|Belle blague
|c|☆Fouge|Gg
|c|☆Shoka|je te rappelle
|c|☆Shoka|ton dragon rush flinch
|inactive|Shoka has 120 seconds left.
|c|☆Fouge|M'en fou.
|
|move|p2a: Volcarona|Hidden Power|p1a: Hippowdon
|-damage|p1a: Hippowdon|81/100
|move|p1a: Hippowdon|Earthquake|p2a: Volcarona
|-damage|p2a: Volcarona|0 fnt
|faint|p2a: Volcarona
|
|-weather|Sandstorm|[upkeep]
|-heal|p1a: Hippowdon|87/100|[from] item: Leftovers
|upkeep
|
|switch|p2a: Amoonguss|Amoonguss, M|100/100
|-damage|p2a: Amoonguss|88/100|[from] Spikes
|-damage|p2a: Amoonguss|75/100|[from] Stealth Rock
|turn|11
|
|switch|p1a: Latios|Latios, M|83/100
|-damage|p1a: Latios|70/100|[from] Stealth Rock
|move|p2a: Amoonguss|Spore|p1a: Latios
|-status|p1a: Latios|slp
|
|-weather|Sandstorm|[upkeep]
|-damage|p1a: Latios|64/100 slp|[from] Sandstorm
|-damage|p2a: Amoonguss|69/100|[from] Sandstorm
|-heal|p2a: Amoonguss|75/100|[from] item: Black Sludge
|upkeep
|turn|12
|
|switch|p2a: Skarmory|Skarmory, M|88/100
|-damage|p2a: Skarmory|76/100|[from] Stealth Rock
|cant|p1a: Latios|slp
|move|p1a: Latios|Sleep Talk|p1a: Latios
|move|p1a: Latios|Draco Meteor|p2a: Skarmory|[from]Sleep Talk
|-resisted|p2a: Skarmory
|-damage|p2a: Skarmory|22/100
|-unboost|p1a: Latios|spa|2
|
|-weather|Sandstorm|[upkeep]
|-damage|p1a: Latios|58/100 slp|[from] Sandstorm
|upkeep
|turn|13
|
|-curestatus|p1a: Latios|slp|[msg]
|move|p1a: Latios|Sleep Talk||[still]
|-fail|p1a: Latios
|move|p2a: Skarmory|Roost|p2a: Skarmory
|-heal|p2a: Skarmory|73/100
|
|-weather|Sandstorm|[upkeep]
|-damage|p1a: Latios|52/100|[from] Sandstorm
|upkeep
|turn|14
|c|☆Shoka|izeusqgq
|c|☆Fouge|Voila
|
|switch|p1a: Alakazam|Alakazam, M|100/100
|move|p2a: Skarmory|Brave Bird|p1a: Alakazam
|-damage|p1a: Alakazam|21/100
|-damage|p2a: Skarmory|52/100|[from] Recoil
|
|-weather|Sandstorm|[upkeep]
|upkeep
|turn|15
|c|☆Fouge|Ahahha
|
|move|p1a: Alakazam|Focus Blast|p2a: Skarmory
|-damage|p2a: Skarmory|13/100
|move|p2a: Skarmory|Roost|p2a: Skarmory
|-heal|p2a: Skarmory|63/100
|
|-weather|Sandstorm|[upkeep]
|upkeep
|turn|16
|
|move|p1a: Alakazam|Encore|p2a: Skarmory
|-start|p2a: Skarmory|Encore
|move|p2a: Skarmory|Roost|p2a: Skarmory
|-heal|p2a: Skarmory|100/100
|
|-weather|Sandstorm|[upkeep]
|upkeep
|turn|17
|c|☆Fouge|Encore zam
|c|☆Fouge|C est du genie
|c|☆Shoka|?
|c|☆Shoka|c'est courant
|c|☆Fouge|Aucune idee
|c|☆Fouge|Mais j aime bcp
|inactive|Shoka has 120 seconds left.
|
|move|p1a: Alakazam|Signal Beam|p2a: Skarmory
|-resisted|p2a: Skarmory
|-damage|p2a: Skarmory|95/100
|move|p2a: Skarmory|Roost|p2a: Skarmory
|-heal|p2a: Skarmory|100/100
|
|-weather|Sandstorm|[upkeep]
|upkeep
|turn|18
|
|move|p1a: Alakazam|Signal Beam|p2a: Skarmory
|-resisted|p2a: Skarmory
|-damage|p2a: Skarmory|94/100
|move|p2a: Skarmory|Roost|p2a: Skarmory
|-heal|p2a: Skarmory|100/100
|
|-weather|Sandstorm|[upkeep]
|-end|p2a: Skarmory|Encore
|upkeep
|turn|19
|
|move|p1a: Alakazam|Encore|p2a: Skarmory
|-start|p2a: Skarmory|Encore
|move|p2a: Skarmory|Roost||[still]
|-fail|p2a: Skarmory
|
|-weather|Sandstorm|[upkeep]
|upkeep
|turn|20
|
|move|p1a: Alakazam|Signal Beam|p2a: Skarmory
|-resisted|p2a: Skarmory
|-crit|p2a: Skarmory
|-damage|p2a: Skarmory|88/100
|move|p2a: Skarmory|Roost|p2a: Skarmory
|-heal|p2a: Skarmory|100/100
|
|-weather|Sandstorm|[upkeep]
|upkeep
|turn|21
|
|switch|p1a: Heatran|Heatran, M|100/100
|-damage|p1a: Heatran|88/100|[from] Stealth Rock
|-damage|p1a: Heatran|63/100|[from] Spikes
|switch|p2a: Excadrill|Excadrill, M|100/100
|-damage|p2a: Excadrill|88/100|[from] Spikes
|-damage|p2a: Excadrill|85/100|[from] Stealth Rock
|
|-weather|Sandstorm|[upkeep]
|upkeep
|turn|22
|inactive|Shoka has 120 seconds left.
|
|switch|p1a: Latios|Latios, M|52/100
|-damage|p1a: Latios|40/100|[from] Stealth Rock
|move|p2a: Excadrill|Rapid Spin|p1a: Latios
|-damage|p1a: Latios|28/100
|-sideend|p2: Fouge|Spikes|[from] move: Rapid Spin|[of] p2a: Excadrill
|-sideend|p2: Fouge|Stealth Rock|[from] move: Rapid Spin|[of] p2a: Excadrill
|
|-weather|Sandstorm|[upkeep]
|-damage|p1a: Latios|22/100|[from] Sandstorm
|upkeep
|turn|23
|
|switch|p2a: Skarmory|Skarmory, M|100/100
|switch|p1a: Hippowdon|Hippowdon, M|87/100
|-damage|p1a: Hippowdon|81/100|[from] Stealth Rock
|-damage|p1a: Hippowdon|56/100|[from] Spikes
|
|-weather|Sandstorm|[upkeep]
|-heal|p1a: Hippowdon|62/100|[from] item: Leftovers
|upkeep
|turn|24
|
|move|p1a: Hippowdon|Stealth Rock|p2a: Skarmory
|-sidestart|p2: Fouge|move: Stealth Rock
|move|p2a: Skarmory|Whirlwind|p1a: Hippowdon
|drag|p1a: Alakazam|Alakazam, M|21/100
|
|-weather|Sandstorm|[upkeep]
|upkeep
|turn|25
|
|move|p1a: Alakazam|Encore|p2a: Skarmory
|-start|p2a: Skarmory|Encore
|move|p2a: Skarmory|Whirlwind|p1a: Alakazam
|drag|p1a: Ferrothorn|Ferrothorn, M|96/100
|-damage|p1a: Ferrothorn|71/100|[from] Spikes
|-damage|p1a: Ferrothorn|65/100|[from] Stealth Rock
|
|-weather|Sandstorm|[upkeep]
|-heal|p1a: Ferrothorn|71/100|[from] item: Leftovers
|upkeep
|turn|26
|
|move|p1a: Ferrothorn|Spikes|p2a: Skarmory
|-sidestart|p2: Fouge|Spikes
|move|p2a: Skarmory|Whirlwind|p1a: Ferrothorn
|drag|p1a: Heatran|Heatran, M|63/100
|-damage|p1a: Heatran|38/100|[from] Spikes
|-damage|p1a: Heatran|26/100|[from] Stealth Rock
|
|-weather|Sandstorm|[upkeep]
|upkeep
|turn|27
|
|switch|p2a: Tyranitar|Tyranitar, M|51/100
|-damage|p2a: Tyranitar|39/100|[from] Stealth Rock
|-damage|p2a: Tyranitar|26/100|[from] Spikes
|move|p1a: Heatran|Toxic|p2a: Tyranitar
|-status|p2a: Tyranitar|tox
|
|-weather|Sandstorm|[upkeep]
|-damage|p2a: Tyranitar|20/100 tox|[from] psn
|upkeep
|turn|28
|
|move|p1a: Heatran|Toxic|p2a: Tyranitar
|-fail|p2a: Tyranitar|tox
|move|p2a: Tyranitar|Stone Edge|p1a: Heatran
|-damage|p1a: Heatran|0 fnt
|faint|p1a: Heatran
|
|-weather|Sandstorm|[upkeep]
|-damage|p2a: Tyranitar|8/100 tox|[from] psn
|upkeep
|
|switch|p1a: Hippowdon|Hippowdon, M|62/100
|-damage|p1a: Hippowdon|56/100|[from] Stealth Rock
|-damage|p1a: Hippowdon|31/100|[from] Spikes
|turn|29
|
|move|p2a: Tyranitar|Crunch|p1a: Hippowdon
|-damage|p1a: Hippowdon|3/100
|move|p1a: Hippowdon|Slack Off|p1a: Hippowdon
|-heal|p1a: Hippowdon|53/100
|
|-weather|Sandstorm|[upkeep]
|-heal|p1a: Hippowdon|59/100|[from] item: Leftovers
|-damage|p2a: Tyranitar|0 fnt|[from] psn
|upkeep
|faint|p2a: Tyranitar
|
|switch|p2a: Slowbro|Slowbro, M|100/100
|-damage|p2a: Slowbro|88/100|[from] Spikes
|-damage|p2a: Slowbro|76/100|[from] Stealth Rock
|turn|30
|
|switch|p1a: Jellicent|Jellicent, M|100/100
|-damage|p1a: Jellicent|88/100|[from] Stealth Rock
|-damage|p1a: Jellicent|63/100|[from] Spikes
|move|p2a: Slowbro|Toxic|p1a: Jellicent
|-status|p1a: Jellicent|tox
|
|-weather|Sandstorm|[upkeep]
|-damage|p1a: Jellicent|57/100 tox|[from] Sandstorm
|-damage|p2a: Slowbro|70/100|[from] Sandstorm
|-heal|p1a: Jellicent|63/100 tox|[from] item: Leftovers
|-heal|p2a: Slowbro|76/100|[from] item: Leftovers
|-damage|p1a: Jellicent|57/100 tox|[from] psn
|upkeep
|turn|31
|
|switch|p2a: Amoonguss|Amoonguss, M|100/100
|-damage|p2a: Amoonguss|88/100|[from] Stealth Rock
|-damage|p2a: Amoonguss|75/100|[from] Spikes
|move|p1a: Jellicent|Recover|p1a: Jellicent
|-heal|p1a: Jellicent|100/100 tox
|
|-weather|Sandstorm|[upkeep]
|-damage|p1a: Jellicent|94/100 tox|[from] Sandstorm
|-damage|p2a: Amoonguss|69/100|[from] Sandstorm
|-heal|p1a: Jellicent|100/100 tox|[from] item: Leftovers
|-heal|p2a: Amoonguss|75/100|[from] item: Black Sludge
|-damage|p1a: Jellicent|88/100 tox|[from] psn
|upkeep
|turn|32
|
|switch|p1a: Ferrothorn|Ferrothorn, M|71/100
|-damage|p1a: Ferrothorn|46/100|[from] Spikes
|-damage|p1a: Ferrothorn|40/100|[from] Stealth Rock
|move|p2a: Amoonguss|Giga Drain|p1a: Ferrothorn
|-resisted|p1a: Ferrothorn
|-damage|p1a: Ferrothorn|35/100
|-heal|p2a: Amoonguss|77/100|[from] drain|[of] p1a: Ferrothorn
|
|-weather|Sandstorm|[upkeep]
|-damage|p2a: Amoonguss|71/100|[from] Sandstorm
|-heal|p2a: Amoonguss|77/100|[from] item: Black Sludge
|-heal|p1a: Ferrothorn|42/100|[from] item: Leftovers
|upkeep
|turn|33
|
|move|p2a: Amoonguss|Hidden Power|p1a: Ferrothorn
|-supereffective|p1a: Ferrothorn
|-damage|p1a: Ferrothorn|2/100
|move|p1a: Ferrothorn|Spikes|p2a: Amoonguss
|-sidestart|p2: Fouge|Spikes
|
|-weather|Sandstorm|[upkeep]
|-damage|p2a: Amoonguss|71/100|[from] Sandstorm
|-heal|p2a: Amoonguss|77/100|[from] item: Black Sludge
|-heal|p1a: Ferrothorn|8/100|[from] item: Leftovers
|upkeep
|turn|34
|
|move|p2a: Amoonguss|Hidden Power|p1a: Ferrothorn
|-supereffective|p1a: Ferrothorn
|-crit|p1a: Ferrothorn
|-damage|p1a: Ferrothorn|0 fnt
|faint|p1a: Ferrothorn
|
|-weather|Sandstorm|[upkeep]
|-damage|p2a: Amoonguss|71/100|[from] Sandstorm
|-heal|p2a: Amoonguss|77/100|[from] item: Black Sludge
|upkeep
|
|switch|p1a: Latios|Latios, M|22/100
|-damage|p1a: Latios|10/100|[from] Stealth Rock
|turn|35
|
|switch|p2a: Skarmory|Skarmory, M|100/100
|-damage|p2a: Skarmory|88/100|[from] Stealth Rock
|move|p1a: Latios|Draco Meteor|p2a: Skarmory|[miss]
|-miss|p1a: Latios|p2a: Skarmory
|
|-weather|Sandstorm|[upkeep]
|-damage|p1a: Latios|4/100|[from] Sandstorm
|upkeep
|turn|36
|-message|Shoka forfeited.
|
|win|Fouge
|l|☆Shoka
|raw|Shoka's rating: 1629 &rarr; <strong>1594</strong><br />(-35 for losing)
|raw|Fouge's rating: 1319 &rarr; <strong>1354</strong><br />(+35 for winning)
