|j|☆Sweets
|j|☆Radli9
|player|p1|Sweets|2|1419
|player|p2|Radli9|candice|1468
|teamsize|p1|6
|teamsize|p2|6
|gametype|singles
|gen|5
|tier|[Gen 5] OU
|rated|
|clearpoke
|poke|p1|Politoed, F|item
|poke|p1|Starmie|item
|poke|p1|Scizor, M|item
|poke|p1|Thundurus-Therian, M|item
|poke|p1|Keldeo-Resolute|item
|poke|p1|Ferrothorn, F|item
|poke|p2|Forretress, F|item
|poke|p2|Scizor, F|item
|poke|p2|Magnezone|item
|poke|p2|Kyurem-Black|item
|poke|p2|Mamoswine, F|item
|poke|p2|Latios, M|item
|rule|Species Clause: Limit one of each Pokémon
|rule|OHKO Clause: OHKO moves are banned
|rule|Moody Clause: Moody is banned
|rule|Evasion Moves Clause: Evasion moves are banned
|rule|Endless Battle Clause: Forcing endless battles is banned
|rule|HP Percentage Mod: HP is shown in percentages
|rule|Evasion Abilities Clause: Evasion abilities are banned
|rule|Baton Pass Clause: Limit one Baton Passer, can't pass Spe and other stats simultaneously
|rule|Sleep Clause: Sleep-inducing moves are banned
|rule|Swagger Clause: Swagger is banned
|teampreview
|inactive|Battle timer is ON: inactive players will automatically lose when time's up. (requested by Radli9)
|inactive|Sweets also wants the timer to be on.
|
|start
|switch|p1a: Politoed|Politoed, F|100/100
|switch|p2a: Forretress|Forretress, F|100/100
|-weather|RainDance|[from] ability: Drizzle|[of] p1a: Politoed
|turn|1
|
|move|p1a: Politoed|Hydro Pump|p2a: Forretress
|-ability|p2a: Forretress|Sturdy
|-damage|p2a: Forretress|1/100
|move|p2a: Forretress|Stealth Rock|p1a: Politoed
|-sidestart|p1: Sweets|move: Stealth Rock
|
|-weather|RainDance|[upkeep]
|-heal|p2a: Forretress|7/100|[from] item: Leftovers
|upkeep
|turn|2
|
|move|p1a: Politoed|Hydro Pump|p2a: Forretress
|-damage|p2a: Forretress|0 fnt
|faint|p2a: Forretress
|
|-weather|RainDance|[upkeep]
|upkeep
|
|switch|p2a: Latios|Latios, M|100/100
|turn|3
|
|switch|p1a: Ferrothorn|Ferrothorn, F|100/100
|-damage|p1a: Ferrothorn|94/100|[from] Stealth Rock
|move|p2a: Latios|Surf|p1a: Ferrothorn
|-resisted|p1a: Ferrothorn
|-damage|p1a: Ferrothorn|66/100
|
|-weather|RainDance|[upkeep]
|-heal|p1a: Ferrothorn|72/100|[from] item: Leftovers
|upkeep
|turn|4
|
|switch|p2a: Magnezone|Magnezone|100/100
|move|p1a: Ferrothorn|Stealth Rock|p2a: Magnezone
|-sidestart|p2: Radli9|move: Stealth Rock
|
|-weather|RainDance|[upkeep]
|-heal|p1a: Ferrothorn|79/100|[from] item: Leftovers
|upkeep
|turn|5
|
|move|p2a: Magnezone|Thunderbolt|p1a: Ferrothorn
|-resisted|p1a: Ferrothorn
|-crit|p1a: Ferrothorn
|-damage|p1a: Ferrothorn|44/100
|move|p1a: Ferrothorn|Spikes|p2a: Magnezone
|-sidestart|p2: Radli9|Spikes
|
|-weather|RainDance|[upkeep]
|-heal|p1a: Ferrothorn|50/100|[from] item: Leftovers
|upkeep
|turn|6
|
|move|p2a: Magnezone|Thunderbolt|p1a: Ferrothorn
|-resisted|p1a: Ferrothorn
|-damage|p1a: Ferrothorn|31/100
|move|p1a: Ferrothorn|Spikes|p2a: Magnezone
|-sidestart|p2: Radli9|Spikes
|
|-weather|RainDance|[upkeep]
|-heal|p1a: Ferrothorn|37/100|[from] item: Leftovers
|upkeep
|turn|7
|
|move|p2a: Magnezone|Thunderbolt|p1a: Ferrothorn
|-resisted|p1a: Ferrothorn
|-damage|p1a: Ferrothorn|19/100
|move|p1a: Ferrothorn|Spikes|p2a: Magnezone
|-sidestart|p2: Radli9|Spikes
|
|-weather|RainDance|[upkeep]
|-heal|p1a: Ferrothorn|25/100|[from] item: Leftovers
|upkeep
|turn|8
|
|move|p2a: Magnezone|Thunderbolt|p1a: Ferrothorn
|-resisted|p1a: Ferrothorn
|-damage|p1a: Ferrothorn|9/100
|move|p1a: Ferrothorn|Power Whip|p2a: Magnezone
|-resisted|p2a: Magnezone
|-damage|p2a: Magnezone|79/100
|
|-weather|RainDance|[upkeep]
|-heal|p1a: Ferrothorn|15/100|[from] item: Leftovers
|upkeep
|turn|9
|
|move|p2a: Magnezone|Thunderbolt|p1a: Ferrothorn
|-resisted|p1a: Ferrothorn
|-damage|p1a: Ferrothorn|0 fnt
|faint|p1a: Ferrothorn
|
|-weather|RainDance|[upkeep]
|upkeep
|
|switch|p1a: Thundurus|Thundurus-Therian, M|100/100
|-damage|p1a: Thundurus|76/100|[from] Stealth Rock
|turn|10
|
|switch|p2a: Kyurem|Kyurem-Black|100/100
|-damage|p2a: Kyurem|76/100|[from] Stealth Rock
|-damage|p2a: Kyurem|51/100|[from] Spikes
|-ability|p2a: Kyurem|Teravolt
|move|p1a: Thundurus|Thunder|p2a: Kyurem
|-resisted|p2a: Kyurem
|-damage|p2a: Kyurem|15/100
|
|-weather|RainDance|[upkeep]
|upkeep
|turn|11
|
|move|p2a: Kyurem|Outrage|p1a: Thundurus
|-crit|p1a: Thundurus
|-damage|p1a: Thundurus|0 fnt
|faint|p1a: Thundurus
|
|-weather|RainDance|[upkeep]
|upkeep
|
|switch|p1a: Starmie|Starmie|100/100
|-damage|p1a: Starmie|88/100|[from] Stealth Rock
|turn|12
|
|move|p1a: Starmie|Ice Beam|p2a: Kyurem
|-damage|p2a: Kyurem|0 fnt
|faint|p2a: Kyurem
|
|-weather|RainDance|[upkeep]
|upkeep
|
|switch|p2a: Magnezone|Magnezone|79/100
|-damage|p2a: Magnezone|73/100|[from] Stealth Rock
|-damage|p2a: Magnezone|48/100|[from] Spikes
|turn|13
|
|switch|p1a: Politoed|Politoed, F|100/100
|-damage|p1a: Politoed|88/100|[from] Stealth Rock
|move|p2a: Magnezone|Thunderbolt|p1a: Politoed
|-supereffective|p1a: Politoed
|-crit|p1a: Politoed
|-damage|p1a: Politoed|0 fnt
|faint|p1a: Politoed
|
|-weather|RainDance|[upkeep]
|upkeep
|
|switch|p1a: Scizor|Scizor, M|100/100
|-damage|p1a: Scizor|88/100|[from] Stealth Rock
|turn|14
|
|move|p2a: Magnezone|Thunderbolt|p1a: Scizor
|-damage|p1a: Scizor|19/100
|move|p1a: Scizor|Superpower|p2a: Magnezone
|-supereffective|p2a: Magnezone
|-damage|p2a: Magnezone|0 fnt
|-unboost|p1a: Scizor|atk|1
|-unboost|p1a: Scizor|def|1
|faint|p2a: Magnezone
|
|-weather|RainDance|[upkeep]
|upkeep
|
|switch|p2a: Mamoswine|Mamoswine, F|100/100
|-damage|p2a: Mamoswine|88/100|[from] Stealth Rock
|-damage|p2a: Mamoswine|63/100|[from] Spikes
|turn|15
|
|move|p2a: Mamoswine|Earthquake|p1a: Scizor
|-damage|p1a: Scizor|0 fnt
|faint|p1a: Scizor
|
|-weather|RainDance|[upkeep]
|upkeep
|
|switch|p1a: Starmie|Starmie|88/100
|-damage|p1a: Starmie|76/100|[from] Stealth Rock
|turn|16
|
|move|p1a: Starmie|Hydro Pump|p2a: Mamoswine
|-supereffective|p2a: Mamoswine
|-damage|p2a: Mamoswine|0 fnt
|faint|p2a: Mamoswine
|
|-weather|RainDance|[upkeep]
|upkeep
|
|switch|p2a: Latios|Latios, M|100/100
|-damage|p2a: Latios|88/100|[from] Stealth Rock
|turn|17
|
|move|p1a: Starmie|Hydro Pump|p2a: Latios
|-resisted|p2a: Latios
|-damage|p2a: Latios|47/100
|move|p2a: Latios|Draco Meteor|p1a: Starmie
|-damage|p1a: Starmie|0 fnt
|-unboost|p2a: Latios|spa|2
|faint|p1a: Starmie
|
|-weather|RainDance|[upkeep]
|upkeep
|
|switch|p1a: Keldeo|Keldeo-Resolute|100/100
|-damage|p1a: Keldeo|94/100|[from] Stealth Rock
|turn|18
|
|switch|p2a: Scizor|Scizor, F|100/100
|-damage|p2a: Scizor|88/100|[from] Stealth Rock
|-damage|p2a: Scizor|63/100|[from] Spikes
|move|p1a: Keldeo|Hydro Pump|p2a: Scizor
|-damage|p2a: Scizor|0 fnt
|faint|p2a: Scizor
|
|-weather|RainDance|[upkeep]
|upkeep
|
|switch|p2a: Latios|Latios, M|47/100
|-damage|p2a: Latios|35/100|[from] Stealth Rock
|turn|19
|
|move|p2a: Latios|Psyshock|p1a: Keldeo
|-supereffective|p1a: Keldeo
|-damage|p1a: Keldeo|0 fnt
|faint|p1a: Keldeo
|
|win|Radli9
|c|☆Sweets|Trash
|c|☆Radli9|who
|raw|Sweets's rating: 1419 &rarr; <strong>1402</strong><br />(-17 for losing)
|raw|Radli9's rating: 1468 &rarr; <strong>1486</strong><br />(+18 for winning)
|l|☆Sweets
