|j|☆CertamenMeum
|j|☆574rm4n
|t:|1716599450
|gametype|singles
|player|p1|CertamenMeum|blue|1537
|player|p2|574rm4n|brock-gen2|1437
|teamsize|p1|6
|teamsize|p2|6
|gen|5
|tier|[Gen 5] OU
|rated|
|rule|Species Clause: Limit one of each Pokémon
|rule|OHKO Clause: OHKO moves are banned
|rule|Moody Clause: Moody is banned
|rule|Evasion Items Clause: Evasion items are banned
|rule|Evasion Moves Clause: Evasion moves are banned
|rule|Endless Battle Clause: Forcing endless battles is banned
|rule|HP Percentage Mod: HP is shown in percentages
|rule|Evasion Abilities Clause: Evasion abilities are banned
|rule|Sleep Moves Clause: Sleep-inducing moves are banned
|rule|Swagger Clause: Swagger is banned
|rule|Baton Pass Stat Clause: No Baton Passer may have a way to boost its stats
|clearpoke
|poke|p1|Dragonite, M|item
|poke|p1|Scizor, F|item
|poke|p1|Forretress, F|item
|poke|p1|Ferrothorn, F|item
|poke|p1|Alakazam, F|item
|poke|p1|Rotom-Wash|item
|poke|p2|Tyranitar, M|item
|poke|p2|Gliscor, F|item
|poke|p2|Slowbro, M|item
|poke|p2|Amoonguss, F|item
|poke|p2|Terrakion|item
|poke|p2|Excadrill, M|item
|teampreview
|inactive|Battle timer is ON: inactive players will automatically lose when time's up. (requested by CertamenMeum)
|c|☆574rm4n|hf
|
|t:|1716599470
|start
|switch|p1a: Scizor|Scizor, F|100/100
|switch|p2a: Tyranitar|Tyranitar, M|100/100
|-weather|Sandstorm|[from] ability: Sand Stream|[of] p2a: Tyranitar
|turn|1
|c|☆CertamenMeum|u2
|
|t:|1716599477
|switch|p2a: Gliscor|Gliscor, F|100/100
|move|p1a: Scizor|U-turn|p2a: Gliscor
|-resisted|p2a: Gliscor
|-damage|p2a: Gliscor|81/100
|inactive|CertamenMeum has 120 seconds left.
|
|t:|1716599522
|switch|p1a: Alakazam|Alakazam, F|100/100|[from] U-turn
|
|-weather|Sandstorm|[upkeep]
|-status|p2a: Gliscor|tox|[from] item: Toxic Orb
|upkeep
|turn|2
|
|t:|1716599532
|move|p2a: Gliscor|Protect|p2a: Gliscor
|-singleturn|p2a: Gliscor|Protect
|move|p1a: Alakazam|Hidden Power|p2a: Gliscor
|-activate|p2a: Gliscor|move: Protect
|
|-weather|Sandstorm|[upkeep]
|-heal|p2a: Gliscor|93/100 tox|[from] ability: Poison Heal
|upkeep
|turn|3
|inactive|CertamenMeum has 120 seconds left.
|
|t:|1716599549
|switch|p2a: Slowbro|Slowbro, M|100/100
|move|p1a: Alakazam|Focus Blast|p2a: Slowbro
|-resisted|p2a: Slowbro
|-damage|p2a: Slowbro|79/100
|
|-weather|Sandstorm|[upkeep]
|-damage|p2a: Slowbro|73/100|[from] Sandstorm
|-heal|p2a: Slowbro|79/100|[from] item: Leftovers
|upkeep
|turn|4
|inactive|CertamenMeum has 120 seconds left.
|
|t:|1716599564
|switch|p1a: Forretress|Forretress, F|100/100
|switch|p2a: Amoonguss|Amoonguss, F|100/100
|
|-weather|Sandstorm|[upkeep]
|-damage|p2a: Amoonguss|94/100|[from] Sandstorm
|-heal|p2a: Amoonguss|100/100|[from] item: Black Sludge
|upkeep
|turn|5
|
|t:|1716599571
|move|p1a: Forretress|Stealth Rock|p2a: Amoonguss
|-sidestart|p2: 574rm4n|move: Stealth Rock
|move|p2a: Amoonguss|Hidden Power|p1a: Forretress
|-supereffective|p1a: Forretress
|-damage|p1a: Forretress|33/100
|
|-weather|Sandstorm|[upkeep]
|-damage|p2a: Amoonguss|94/100|[from] Sandstorm
|-heal|p2a: Amoonguss|100/100|[from] item: Black Sludge
|upkeep
|turn|6
|
|t:|1716599580
|move|p1a: Forretress|Explosion|p2a: Amoonguss
|-damage|p2a: Amoonguss|44/100
|faint|p1a: Forretress
|move|p2a: Amoonguss|Stun Spore|p1: Forretress|[notarget]
|-fail|p2a: Amoonguss
|
|-weather|Sandstorm|[upkeep]
|-damage|p2a: Amoonguss|38/100|[from] Sandstorm
|-heal|p2a: Amoonguss|44/100|[from] item: Black Sludge
|upkeep
|inactive|CertamenMeum has 120 seconds left.
|
|t:|1716599607
|switch|p1a: Scizor|Scizor, F|100/100
|turn|7
|
|t:|1716599623
|switch|p2a: Gliscor|Gliscor, F|93/100 tox
|-damage|p2a: Gliscor|81/100 tox|[from] Stealth Rock
|move|p1a: Scizor|U-turn|p2a: Gliscor
|-resisted|p2a: Gliscor
|-damage|p2a: Gliscor|62/100 tox
|inactive|CertamenMeum has 120 seconds left.
|
|t:|1716599630
|switch|p1a: Rotom|Rotom-Wash, shiny|100/100|[from] U-turn
|
|-weather|Sandstorm|[upkeep]
|-damage|p1a: Rotom|94/100|[from] Sandstorm
|-heal|p2a: Gliscor|75/100 tox|[from] ability: Poison Heal
|upkeep
|turn|8
|
|t:|1716599636
|move|p2a: Gliscor|Protect|p2a: Gliscor
|-singleturn|p2a: Gliscor|Protect
|move|p1a: Rotom|Hydro Pump|p2a: Gliscor
|-activate|p2a: Gliscor|move: Protect
|
|-weather|Sandstorm|[upkeep]
|-damage|p1a: Rotom|88/100|[from] Sandstorm
|-heal|p2a: Gliscor|87/100 tox|[from] ability: Poison Heal
|upkeep
|turn|9
|
|t:|1716599644
|switch|p2a: Slowbro|Slowbro, M|100/100
|-damage|p2a: Slowbro|88/100|[from] Stealth Rock
|move|p1a: Rotom|Hydro Pump|p2a: Slowbro
|-resisted|p2a: Slowbro
|-damage|p2a: Slowbro|43/100
|
|-weather|Sandstorm|[upkeep]
|-damage|p1a: Rotom|82/100|[from] Sandstorm
|-damage|p2a: Slowbro|37/100|[from] Sandstorm
|-heal|p2a: Slowbro|43/100|[from] item: Leftovers
|upkeep
|turn|10
|
|t:|1716599654
|switch|p2a: Amoonguss|Amoonguss, F|78/100
|-damage|p2a: Amoonguss|65/100|[from] Stealth Rock
|move|p1a: Rotom|Hydro Pump|p2a: Amoonguss
|-resisted|p2a: Amoonguss
|-damage|p2a: Amoonguss|25/100
|
|-weather|Sandstorm|[upkeep]
|-damage|p1a: Rotom|76/100|[from] Sandstorm
|-damage|p2a: Amoonguss|19/100|[from] Sandstorm
|-heal|p2a: Amoonguss|25/100|[from] item: Black Sludge
|upkeep
|turn|11
|
|t:|1716599663
|switch|p2a: Slowbro|Slowbro, M|76/100
|-damage|p2a: Slowbro|64/100|[from] Stealth Rock
|move|p1a: Rotom|Hydro Pump|p2a: Slowbro
|-resisted|p2a: Slowbro
|-damage|p2a: Slowbro|19/100
|
|-weather|Sandstorm|[upkeep]
|-damage|p1a: Rotom|70/100|[from] Sandstorm
|-damage|p2a: Slowbro|13/100|[from] Sandstorm
|-heal|p2a: Slowbro|19/100|[from] item: Leftovers
|upkeep
|turn|12
|
|t:|1716599673
|switch|p2a: Amoonguss|Amoonguss, F|58/100
|-damage|p2a: Amoonguss|46/100|[from] Stealth Rock
|move|p1a: Rotom|Hydro Pump|p2a: Amoonguss
|-resisted|p2a: Amoonguss
|-damage|p2a: Amoonguss|2/100
|
|-weather|Sandstorm|[upkeep]
|-damage|p1a: Rotom|63/100|[from] Sandstorm
|-damage|p2a: Amoonguss|0 fnt|[from] Sandstorm
|faint|p2a: Amoonguss
|upkeep
|
|t:|1716599682
|switch|p2a: Terrakion|Terrakion|100/100
|-damage|p2a: Terrakion|94/100|[from] Stealth Rock
|turn|13
|
|t:|1716599700
|switch|p1a: Dragonite|Dragonite, M|100/100
|move|p2a: Terrakion|Close Combat|p1a: Dragonite
|-resisted|p1a: Dragonite
|-damage|p1a: Dragonite|74/100
|-unboost|p2a: Terrakion|def|1
|-unboost|p2a: Terrakion|spd|1
|
|-weather|Sandstorm|[upkeep]
|-damage|p1a: Dragonite|68/100|[from] Sandstorm
|upkeep
|turn|14
|
|t:|1716599713
|move|p2a: Terrakion|Close Combat|p1a: Dragonite
|-resisted|p1a: Dragonite
|-damage|p1a: Dragonite|19/100
|-unboost|p2a: Terrakion|def|1
|-unboost|p2a: Terrakion|spd|1
|move|p1a: Dragonite|Dragon Dance|p1a: Dragonite
|-boost|p1a: Dragonite|atk|1
|-boost|p1a: Dragonite|spe|1
|
|-weather|Sandstorm|[upkeep]
|-damage|p1a: Dragonite|13/100|[from] Sandstorm
|upkeep
|turn|15
|
|t:|1716599722
|switch|p2a: Gliscor|Gliscor, F|87/100 tox
|-damage|p2a: Gliscor|75/100 tox|[from] Stealth Rock
|move|p1a: Dragonite|Outrage|p2a: Gliscor
|-damage|p2a: Gliscor|0 fnt
|faint|p2a: Gliscor
|
|-weather|Sandstorm|[upkeep]
|-damage|p1a: Dragonite|7/100|[from] Sandstorm
|upkeep
|
|t:|1716599733
|switch|p2a: Excadrill|Excadrill, M|100/100
|-damage|p2a: Excadrill|97/100|[from] Stealth Rock
|turn|16
|
|t:|1716599736
|move|p1a: Dragonite|Outrage|p2a: Excadrill|[from]lockedmove
|-resisted|p2a: Excadrill
|-damage|p2a: Excadrill|20/100
|move|p2a: Excadrill|Rapid Spin|p1a: Dragonite
|-damage|p1a: Dragonite|0 fnt
|-sideend|p2: 574rm4n|Stealth Rock|[from] move: Rapid Spin|[of] p2a: Excadrill
|faint|p1a: Dragonite
|
|-weather|Sandstorm|[upkeep]
|-heal|p2a: Excadrill|26/100|[from] item: Leftovers
|upkeep
|
|t:|1716599749
|switch|p1a: Scizor|Scizor, F|100/100
|turn|17
|
|t:|1716599770
|move|p2a: Excadrill|Earthquake|p1a: Scizor
|-damage|p1a: Scizor|8/100
|move|p1a: Scizor|U-turn|p2a: Excadrill
|-resisted|p2a: Excadrill
|-damage|p2a: Excadrill|0 fnt
|faint|p2a: Excadrill
|
|t:|1716599792
|switch|p1a: Rotom|Rotom-Wash, shiny|63/100|[from] U-turn
|
|-weather|Sandstorm|[upkeep]
|-damage|p1a: Rotom|57/100|[from] Sandstorm
|upkeep
|
|t:|1716599795
|switch|p2a: Terrakion|Terrakion|94/100
|turn|18
|j| seaking l
|
|t:|1716599807
|move|p2a: Terrakion|Close Combat|p1a: Rotom
|-damage|p1a: Rotom|0 fnt
|-unboost|p2a: Terrakion|def|1
|-unboost|p2a: Terrakion|spd|1
|faint|p1a: Rotom
|
|-weather|Sandstorm|[upkeep]
|upkeep
|
|t:|1716599813
|switch|p1a: Scizor|Scizor, F|8/100
|turn|19
|
|t:|1716599824
|switch|p2a: Tyranitar|Tyranitar, M|100/100
|move|p1a: Scizor|Bullet Punch|p2a: Tyranitar
|-supereffective|p2a: Tyranitar
|-crit|p2a: Tyranitar
|-damage|p2a: Tyranitar|0 fnt
|faint|p2a: Tyranitar
|
|-weather|Sandstorm|[upkeep]
|upkeep
|
|t:|1716599829
|switch|p2a: Slowbro|Slowbro, M|53/100
|turn|20
|
|t:|1716599833
|switch|p1a: Ferrothorn|Ferrothorn, F|100/100
|switch|p2a: Terrakion|Terrakion|94/100
|
|-weather|Sandstorm|[upkeep]
|upkeep
|turn|21
|
|t:|1716599846
|move|p2a: Terrakion|Close Combat|p1a: Ferrothorn
|-supereffective|p1a: Ferrothorn
|-damage|p1a: Ferrothorn|0 fnt
|-unboost|p2a: Terrakion|def|1
|-unboost|p2a: Terrakion|spd|1
|-damage|p2a: Terrakion|82/100|[from] ability: Iron Barbs|[of] p1a: Ferrothorn
|faint|p1a: Ferrothorn
|
|-weather|Sandstorm|[upkeep]
|upkeep
|
|t:|1716599855
|switch|p1a: Alakazam|Alakazam, F|100/100
|turn|22
|
|t:|1716599861
|switch|p2a: Slowbro|Slowbro, M|86/100
|move|p1a: Alakazam|Shadow Ball|p2a: Slowbro
|-supereffective|p2a: Slowbro
|-damage|p2a: Slowbro|22/100
|-unboost|p2a: Slowbro|spd|1
|
|-weather|Sandstorm|[upkeep]
|-damage|p2a: Slowbro|16/100|[from] Sandstorm
|-heal|p2a: Slowbro|22/100|[from] item: Leftovers
|upkeep
|turn|23
|
|t:|1716599881
|move|p1a: Alakazam|Psychic|p2a: Slowbro
|-resisted|p2a: Slowbro
|-crit|p2a: Slowbro
|-damage|p2a: Slowbro|0 fnt
|faint|p2a: Slowbro
|
|-weather|Sandstorm|[upkeep]
|upkeep
|c|☆574rm4n|gg
|
|t:|1716599890
|switch|p2a: Terrakion|Terrakion|82/100
|turn|24
|c|☆CertamenMeum|gg
|
|t:|1716599896
|move|p1a: Alakazam|Psychic|p2a: Terrakion
|-supereffective|p2a: Terrakion
|-damage|p2a: Terrakion|2/100
|-unboost|p2a: Terrakion|spd|1
|move|p2a: Terrakion|X-Scissor|p1a: Alakazam
|-supereffective|p1a: Alakazam
|-enditem|p1a: Alakazam|Focus Sash
|-damage|p1a: Alakazam|1/100
|
|-weather|Sandstorm|[upkeep]
|upkeep
|turn|25
|
|t:|1716599905
|move|p1a: Alakazam|Psychic|p2a: Terrakion
|-supereffective|p2a: Terrakion
|-damage|p2a: Terrakion|0 fnt
|faint|p2a: Terrakion
|
|win|CertamenMeum
|raw|CertamenMeum's rating: 1537 &rarr; <strong>1551</strong><br />(+14 for winning)
|raw|574rm4n's rating: 1437 &rarr; <strong>1423</strong><br />(-14 for losing)
