|j|☆LonzoMadeKuz
|j|☆Radli9
|player|p1|LonzoMadeKuz|50|1435
|player|p2|Radli9|candice|1419
|teamsize|p1|6
|teamsize|p2|6
|gametype|singles
|gen|5
|tier|[Gen 5] OU
|rated|
|clearpoke
|poke|p1|Reuniclus, F|item
|poke|p1|Abomasnow, M|item
|poke|p1|Scizor, F|item
|poke|p1|Tentacruel, M|item
|poke|p1|Kyurem-Black|item
|poke|p1|Landorus-Therian, M|item
|poke|p2|Forretress, M|item
|poke|p2|Scizor, F|item
|poke|p2|Magnezone|item
|poke|p2|Kyurem-Black|item
|poke|p2|Mamoswine, F|item
|poke|p2|Latios, M|item
|rule|Species Clause: Limit one of each Pokémon
|rule|OHKO Clause: OHKO moves are banned
|rule|Moody Clause: Moody is banned
|rule|Evasion Moves Clause: Evasion moves are banned
|rule|Endless Battle Clause: Forcing endless battles is banned
|rule|HP Percentage Mod: HP is shown in percentages
|rule|Evasion Abilities Clause: Evasion abilities are banned
|rule|Baton Pass Clause: Limit one Baton Passer, can't pass Spe and other stats simultaneously
|rule|Sleep Clause: Sleep-inducing moves are banned
|rule|Swagger Clause: Swagger is banned
|teampreview
|inactive|Battle timer is ON: inactive players will automatically lose when time's up. (requested by Radli9)
|
|start
|switch|p1a: Tentacruel|Tentacruel, M|100/100
|switch|p2a: Forretress|Forretress, M|100/100
|turn|1
|
|move|p1a: Tentacruel|Scald|p2a: Forretress
|-damage|p2a: Forretress|67/100
|move|p2a: Forretress|Stealth Rock|p1a: Tentacruel
|-sidestart|p1: LonzoMadeKuz|move: Stealth Rock
|
|-heal|p2a: Forretress|73/100|[from] item: Leftovers
|upkeep
|turn|2
|
|switch|p2a: Latios|Latios, M|100/100
|move|p1a: Tentacruel|Rapid Spin|p2a: Latios
|-crit|p2a: Latios
|-damage|p2a: Latios|93/100
|-sideend|p1: LonzoMadeKuz|Stealth Rock|[from] move: Rapid Spin|[of] p1a: Tentacruel
|
|upkeep
|turn|3
|
|move|p1a: Tentacruel|Protect|p1a: Tentacruel
|-singleturn|p1a: Tentacruel|Protect
|move|p2a: Latios|Hidden Power|p1a: Tentacruel
|-activate|p1a: Tentacruel|move: Protect
|
|upkeep
|turn|4
|
|switch|p2a: Forretress|Forretress, M|73/100
|move|p1a: Tentacruel|Scald|p2a: Forretress
|-damage|p2a: Forretress|40/100
|
|-heal|p2a: Forretress|46/100|[from] item: Leftovers
|upkeep
|turn|5
|
|switch|p2a: Latios|Latios, M|93/100
|move|p1a: Tentacruel|Scald|p2a: Latios
|-resisted|p2a: Latios
|-damage|p2a: Latios|81/100
|
|upkeep
|turn|6
|
|move|p1a: Tentacruel|Protect|p1a: Tentacruel
|-singleturn|p1a: Tentacruel|Protect
|move|p2a: Latios|Draco Meteor|p1a: Tentacruel
|-activate|p1a: Tentacruel|move: Protect
|
|upkeep
|turn|7
|inactive|LonzoMadeKuz has 120 seconds left.
|
|switch|p1a: Abomasnow|Abomasnow, M|100/100
|-weather|Hail|[from] ability: Snow Warning|[of] p1a: Abomasnow
|move|p2a: Latios|Draco Meteor|p1a: Abomasnow|[miss]
|-miss|p2a: Latios|p1a: Abomasnow
|
|-weather|Hail|[upkeep]
|-damage|p2a: Latios|75/100|[from] Hail
|upkeep
|turn|8
|
|switch|p2a: Forretress|Forretress, M|46/100
|move|p1a: Abomasnow|Leech Seed|p2a: Forretress
|-start|p2a: Forretress|move: Leech Seed
|
|-weather|Hail|[upkeep]
|-damage|p2a: Forretress|40/100|[from] Hail
|-heal|p2a: Forretress|46/100|[from] item: Leftovers
|-damage|p2a: Forretress|34/100|[from] Leech Seed|[of] p1a: Abomasnow
|upkeep
|turn|9
|
|switch|p1a: Tentacruel|Tentacruel, M|100/100
|move|p2a: Forretress|Stealth Rock|p1a: Tentacruel
|-sidestart|p1: LonzoMadeKuz|move: Stealth Rock
|
|-weather|Hail|[upkeep]
|-damage|p1a: Tentacruel|94/100|[from] Hail
|-damage|p2a: Forretress|28/100|[from] Hail
|-heal|p1a: Tentacruel|100/100|[from] item: Black Sludge
|-heal|p2a: Forretress|34/100|[from] item: Leftovers
|-damage|p2a: Forretress|21/100|[from] Leech Seed|[of] p1a: Tentacruel
|upkeep
|turn|10
|
|switch|p2a: Latios|Latios, M|75/100
|move|p1a: Tentacruel|Rapid Spin|p2a: Latios
|-damage|p2a: Latios|71/100
|-sideend|p1: LonzoMadeKuz|Stealth Rock|[from] move: Rapid Spin|[of] p1a: Tentacruel
|
|-weather|Hail|[upkeep]
|-damage|p2a: Latios|65/100|[from] Hail
|-damage|p1a: Tentacruel|94/100|[from] Hail
|-heal|p1a: Tentacruel|100/100|[from] item: Black Sludge
|upkeep
|turn|11
|
|move|p1a: Tentacruel|Protect|p1a: Tentacruel
|-singleturn|p1a: Tentacruel|Protect
|move|p2a: Latios|Draco Meteor|p1a: Tentacruel
|-activate|p1a: Tentacruel|move: Protect
|
|-weather|Hail|[upkeep]
|-damage|p2a: Latios|59/100|[from] Hail
|-damage|p1a: Tentacruel|94/100|[from] Hail
|-heal|p1a: Tentacruel|100/100|[from] item: Black Sludge
|upkeep
|turn|12
|
|switch|p1a: Abomasnow|Abomasnow, M|100/100
|move|p2a: Latios|Draco Meteor|p1a: Abomasnow
|-damage|p1a: Abomasnow|7/100
|-unboost|p2a: Latios|spa|2
|
|-weather|Hail|[upkeep]
|-damage|p2a: Latios|53/100|[from] Hail
|-heal|p1a: Abomasnow|13/100|[from] item: Leftovers
|upkeep
|turn|13
|
|move|p1a: Abomasnow|Protect|p1a: Abomasnow
|-singleturn|p1a: Abomasnow|Protect
|move|p2a: Latios|Draco Meteor|p1a: Abomasnow
|-activate|p1a: Abomasnow|move: Protect
|
|-weather|Hail|[upkeep]
|-damage|p2a: Latios|47/100|[from] Hail
|-heal|p1a: Abomasnow|19/100|[from] item: Leftovers
|upkeep
|turn|14
|
|switch|p1a: Tentacruel|Tentacruel, M|100/100
|move|p2a: Latios|Draco Meteor|p1a: Tentacruel|[miss]
|-miss|p2a: Latios|p1a: Tentacruel
|
|-weather|Hail|[upkeep]
|-damage|p2a: Latios|41/100|[from] Hail
|-damage|p1a: Tentacruel|94/100|[from] Hail
|-heal|p1a: Tentacruel|100/100|[from] item: Black Sludge
|upkeep
|turn|15
|
|switch|p2a: Forretress|Forretress, M|21/100
|move|p1a: Tentacruel|Scald|p2a: Forretress
|-damage|p2a: Forretress|0 fnt
|faint|p2a: Forretress
|
|-weather|Hail|[upkeep]
|-damage|p1a: Tentacruel|94/100|[from] Hail
|-heal|p1a: Tentacruel|100/100|[from] item: Black Sludge
|upkeep
|
|switch|p2a: Latios|Latios, M|41/100
|turn|16
|
|move|p1a: Tentacruel|Protect|p1a: Tentacruel
|-singleturn|p1a: Tentacruel|Protect
|move|p2a: Latios|Psyshock|p1a: Tentacruel
|-activate|p1a: Tentacruel|move: Protect
|
|-weather|Hail|[upkeep]
|-damage|p2a: Latios|35/100|[from] Hail
|-damage|p1a: Tentacruel|94/100|[from] Hail
|-heal|p1a: Tentacruel|100/100|[from] item: Black Sludge
|upkeep
|turn|17
|
|switch|p2a: Magnezone|Magnezone|100/100
|switch|p1a: Landorus|Landorus-Therian, M|100/100
|-ability|p1a: Landorus|Intimidate|boost
|-unboost|p2a: Magnezone|atk|1
|
|-weather|Hail|[upkeep]
|-damage|p2a: Magnezone|94/100|[from] Hail
|-damage|p1a: Landorus|94/100|[from] Hail
|upkeep
|turn|18
|
|switch|p2a: Scizor|Scizor, F|100/100
|move|p1a: Landorus|Stealth Rock|p2a: Scizor
|-sidestart|p2: Radli9|move: Stealth Rock
|
|-weather|Hail|[upkeep]
|-damage|p1a: Landorus|88/100|[from] Hail
|-damage|p2a: Scizor|94/100|[from] Hail
|upkeep
|turn|19
|
|move|p1a: Landorus|U-turn|p2a: Scizor
|-resisted|p2a: Scizor
|-damage|p2a: Scizor|84/100
|
|-activate|p1a: Landorus|move: Pursuit
|move|p2a: Scizor|Pursuit|p1a: Landorus|[from]Pursuit
|-damage|p1a: Landorus|57/100
|-damage|p2a: Scizor|67/100|[from] item: Rocky Helmet|[of] p1a: Landorus
|switch|p1a: Tentacruel|Tentacruel, M|100/100|[from]move: U-turn
|
|-weather|Hail|[upkeep]
|-damage|p1a: Tentacruel|94/100|[from] Hail
|-damage|p2a: Scizor|61/100|[from] Hail
|-heal|p1a: Tentacruel|100/100|[from] item: Black Sludge
|upkeep
|turn|20
|
|switch|p2a: Kyurem|Kyurem-Black|100/100
|-damage|p2a: Kyurem|76/100|[from] Stealth Rock
|-ability|p2a: Kyurem|Teravolt
|move|p1a: Tentacruel|Scald|p2a: Kyurem
|-resisted|p2a: Kyurem
|-damage|p2a: Kyurem|63/100
|
|-weather|Hail|[upkeep]
|-damage|p1a: Tentacruel|94/100|[from] Hail
|-heal|p1a: Tentacruel|100/100|[from] item: Black Sludge
|upkeep
|turn|21
|
|move|p1a: Tentacruel|Protect|p1a: Tentacruel
|-singleturn|p1a: Tentacruel|Protect
|move|p2a: Kyurem|Fusion Bolt|p1a: Tentacruel
|-activate|p1a: Tentacruel|move: Protect
|
|-weather|Hail|[upkeep]
|-damage|p1a: Tentacruel|94/100|[from] Hail
|-heal|p1a: Tentacruel|100/100|[from] item: Black Sludge
|upkeep
|turn|22
|
|switch|p2a: Mamoswine|Mamoswine, F|100/100
|-damage|p2a: Mamoswine|88/100|[from] Stealth Rock
|switch|p1a: Landorus|Landorus-Therian, M|57/100
|-ability|p1a: Landorus|Intimidate|boost
|-unboost|p2a: Mamoswine|atk|1
|
|-weather|Hail|[upkeep]
|-damage|p1a: Landorus|51/100|[from] Hail
|upkeep
|turn|23
|
|switch|p1a: Tentacruel|Tentacruel, M|100/100
|move|p2a: Mamoswine|Ice Shard|p1a: Tentacruel
|-resisted|p1a: Tentacruel
|-damage|p1a: Tentacruel|92/100
|
|-weather|Hail|[upkeep]
|-damage|p1a: Tentacruel|86/100|[from] Hail
|-heal|p1a: Tentacruel|92/100|[from] item: Black Sludge
|upkeep
|turn|24
|
|switch|p2a: Latios|Latios, M|35/100
|-damage|p2a: Latios|23/100|[from] Stealth Rock
|move|p1a: Tentacruel|Scald|p2a: Latios
|-resisted|p2a: Latios
|-damage|p2a: Latios|12/100
|
|-weather|Hail|[upkeep]
|-damage|p2a: Latios|6/100|[from] Hail
|-damage|p1a: Tentacruel|86/100|[from] Hail
|-heal|p1a: Tentacruel|92/100|[from] item: Black Sludge
|upkeep
|turn|25
|
|move|p1a: Tentacruel|Protect|p1a: Tentacruel
|-singleturn|p1a: Tentacruel|Protect
|move|p2a: Latios|Draco Meteor|p1a: Tentacruel
|-activate|p1a: Tentacruel|move: Protect
|
|-weather|Hail|[upkeep]
|-damage|p2a: Latios|0 fnt|[from] Hail
|-damage|p1a: Tentacruel|86/100|[from] Hail
|faint|p2a: Latios
|-heal|p1a: Tentacruel|92/100|[from] item: Black Sludge
|upkeep
|
|switch|p2a: Mamoswine|Mamoswine, F|88/100
|-damage|p2a: Mamoswine|76/100|[from] Stealth Rock
|turn|26
|
|move|p1a: Tentacruel|Scald|p2a: Mamoswine
|-supereffective|p2a: Mamoswine
|-damage|p2a: Mamoswine|5/100
|move|p2a: Mamoswine|Icicle Crash|p1a: Tentacruel
|-resisted|p1a: Tentacruel
|-damage|p1a: Tentacruel|65/100
|
|-weather|Hail|[upkeep]
|-damage|p1a: Tentacruel|59/100|[from] Hail
|-heal|p1a: Tentacruel|65/100|[from] item: Black Sludge
|upkeep
|turn|27
|
|move|p2a: Mamoswine|Ice Shard|p1a: Tentacruel
|-resisted|p1a: Tentacruel
|-damage|p1a: Tentacruel|51/100
|move|p1a: Tentacruel|Scald|p2a: Mamoswine
|-supereffective|p2a: Mamoswine
|-damage|p2a: Mamoswine|0 fnt
|faint|p2a: Mamoswine
|
|-weather|Hail|[upkeep]
|-damage|p1a: Tentacruel|45/100|[from] Hail
|-heal|p1a: Tentacruel|51/100|[from] item: Black Sludge
|upkeep
|
|switch|p2a: Magnezone|Magnezone|94/100
|-damage|p2a: Magnezone|88/100|[from] Stealth Rock
|turn|28
|
|move|p2a: Magnezone|Thunderbolt|p1a: Tentacruel
|-supereffective|p1a: Tentacruel
|-damage|p1a: Tentacruel|0 fnt
|faint|p1a: Tentacruel
|
|-weather|Hail|[upkeep]
|-damage|p2a: Magnezone|82/100|[from] Hail
|upkeep
|
|switch|p1a: Kyurem|Kyurem-Black|100/100
|-ability|p1a: Kyurem|Teravolt
|turn|29
|
|switch|p2a: Scizor|Scizor, F|61/100
|-damage|p2a: Scizor|48/100|[from] Stealth Rock
|move|p1a: Kyurem|Substitute|p1a: Kyurem
|-start|p1a: Kyurem|Substitute
|-damage|p1a: Kyurem|75/100
|
|-weather|Hail|[upkeep]
|-damage|p2a: Scizor|42/100|[from] Hail
|-heal|p1a: Kyurem|82/100|[from] item: Leftovers
|upkeep
|turn|30
|
|move|p2a: Scizor|Bullet Punch|p1a: Kyurem
|-supereffective|p1a: Kyurem
|-crit|p1a: Kyurem
|-end|p1a: Kyurem|Substitute
|move|p1a: Kyurem|Fusion Bolt|p2a: Scizor
|-damage|p2a: Scizor|0 fnt
|faint|p2a: Scizor
|
|-weather|Hail|[upkeep]
|-heal|p1a: Kyurem|88/100|[from] item: Leftovers
|upkeep
|
|switch|p2a: Kyurem|Kyurem-Black|63/100
|-damage|p2a: Kyurem|38/100|[from] Stealth Rock
|-ability|p2a: Kyurem|Teravolt
|turn|31
|
|switch|p1a: Abomasnow|Abomasnow, M|19/100
|move|p2a: Kyurem|Dragon Claw|p1a: Abomasnow
|-damage|p1a: Abomasnow|0 fnt
|faint|p1a: Abomasnow
|
|-weather|Hail|[upkeep]
|upkeep
|
|switch|p1a: Scizor|Scizor, F|100/100
|turn|32
|
|switch|p2a: Magnezone|Magnezone|82/100
|-damage|p2a: Magnezone|76/100|[from] Stealth Rock
|move|p1a: Scizor|U-turn|p2a: Magnezone
|-resisted|p2a: Magnezone
|-damage|p2a: Magnezone|45/100
|
|switch|p1a: Kyurem|Kyurem-Black|88/100|[from]move: U-turn
|-ability|p1a: Kyurem|Teravolt
|
|-weather|Hail|[upkeep]
|-damage|p2a: Magnezone|39/100|[from] Hail
|-heal|p1a: Kyurem|94/100|[from] item: Leftovers
|upkeep
|turn|33
|
|move|p2a: Magnezone|Flash Cannon|p1a: Kyurem
|-supereffective|p1a: Kyurem
|-damage|p1a: Kyurem|15/100
|move|p1a: Kyurem|Substitute|p1a: Kyurem
|-fail|p1a: Kyurem|move: Substitute|[weak]
|
|-weather|Hail|[upkeep]
|-damage|p2a: Magnezone|33/100|[from] Hail
|-heal|p1a: Kyurem|21/100|[from] item: Leftovers
|upkeep
|turn|34
|
|move|p2a: Magnezone|Flash Cannon|p1a: Kyurem
|-supereffective|p1a: Kyurem
|-damage|p1a: Kyurem|0 fnt
|faint|p1a: Kyurem
|
|-weather|Hail|[upkeep]
|-damage|p2a: Magnezone|27/100|[from] Hail
|upkeep
|
|switch|p1a: Scizor|Scizor, F|100/100
|turn|35
|
|move|p2a: Magnezone|Flash Cannon|p1a: Scizor
|-resisted|p1a: Scizor
|-damage|p1a: Scizor|77/100
|move|p1a: Scizor|Pursuit|p2a: Magnezone
|-resisted|p2a: Magnezone
|-damage|p2a: Magnezone|8/100
|
|-weather|Hail|[upkeep]
|-damage|p2a: Magnezone|2/100|[from] Hail
|-damage|p1a: Scizor|71/100|[from] Hail
|upkeep
|turn|36
|
|move|p2a: Magnezone|Flash Cannon|p1a: Scizor
|-resisted|p1a: Scizor
|-damage|p1a: Scizor|43/100
|move|p1a: Scizor|Pursuit|p2a: Magnezone
|-resisted|p2a: Magnezone
|-damage|p2a: Magnezone|0 fnt
|faint|p2a: Magnezone
|
|-weather|Hail|[upkeep]
|-damage|p1a: Scizor|37/100|[from] Hail
|upkeep
|
|switch|p2a: Kyurem|Kyurem-Black|38/100
|-damage|p2a: Kyurem|13/100|[from] Stealth Rock
|-ability|p2a: Kyurem|Teravolt
|turn|37
|c|☆LonzoMadeKuz|gg
|
|switch|p1a: Landorus|Landorus-Therian, M|51/100
|-ability|p1a: Landorus|Intimidate|boost
|-unboost|p2a: Kyurem|atk|1
|move|p2a: Kyurem|Outrage|p1a: Landorus
|-damage|p1a: Landorus|8/100
|-damage|p2a: Kyurem|0 fnt|[from] item: Rocky Helmet|[of] p1a: Landorus
|faint|p2a: Kyurem
|
|win|LonzoMadeKuz
|raw|LonzoMadeKuz's rating: 1435 &rarr; <strong>1454</strong><br />(+19 for winning)
|raw|Radli9's rating: 1419 &rarr; <strong>1400</strong><br />(-19 for losing)
