|j|Dire Miralis
|j|windbegantohowl
|player|p1|Dire Miralis|184
|player|p2|windbegantohowl|1
|gametype|singles
|gen|5
|tier|[Gen 5] OU
|rated
|seed|
|rule|Evasion Abilities Clause: Evasion abilities are banned
|rule|Baton Pass Clause: Limit one Baton Passer, can't pass Spe and other stats simultaneously
|rule|Swagger Clause: Swagger is banned
|clearpoke
|poke|p1|Azelf|item
|poke|p1|Breloom, F|item
|poke|p1|Scizor, F|item
|poke|p1|Dragonite, M|item
|poke|p1|Salamence, M|item
|poke|p1|Garchomp, M|item
|poke|p2|Tyranitar, M|item
|poke|p2|Mienshao, F|item
|poke|p2|Landorus-Therian, M|item
|poke|p2|Ferrothorn, M|item
|poke|p2|Starmie|item
|poke|p2|Heatran, M|item
|rule|Sleep Clause Mod: Limit one foe put to sleep
|rule|Species Clause: Limit one of each Pokémon
|rule|OHKO Clause: OHKO moves are banned
|rule|Moody Clause: Moody is banned
|rule|Evasion Moves Clause: Evasion moves are banned
|rule|Endless Battle Clause: Forcing endless battles is banned
|rule|HP Percentage Mod: HP is shown in percentages
|teampreview
|choice||
|
|start
|switch|p1a: Breloom|Breloom, F|100/100
|switch|p2a: Tyranitar|Tyranitar, M|100/100
|-weather|Sandstorm|[from] ability: Sand Stream|[of] p2a: Tyranitar
|turn|1
|choice||
|
|switch|p2a: Landorus|Landorus-Therian, M|100/100
|-ability|p2a: Landorus|Intimidate|boost
|-unboost|p1a: Breloom|atk|1
|move|p1a: Breloom|Spore|p2a: Landorus
|-status|p2a: Landorus|slp
|
|-weather|Sandstorm|[upkeep]
|-damage|p1a: Breloom|94/100|[from] sandstorm
|turn|2
|choice||
|
|-singleturn|p1a: Breloom|move: Focus Punch
|cant|p2a: Landorus|slp
|move|p1a: Breloom|Focus Punch|p2a: Landorus
|-enditem|p1a: Breloom|Fighting Gem|[from] gem|[move] Focus Punch
|-resisted|p2a: Landorus
|-damage|p2a: Landorus|63/100 slp
|-damage|p1a: Breloom|78/100|[from] item: Rocky Helmet|[of] p2a: Landorus
|
|-weather|Sandstorm|[upkeep]
|-damage|p1a: Breloom|72/100|[from] sandstorm
|turn|3
|choice||
|
|-curestatus|p2a: Landorus|slp
|move|p2a: Landorus|Hidden Power|p1a: Breloom
|-supereffective|p1a: Breloom
|-damage|p1a: Breloom|10/100
|move|p1a: Breloom|Bullet Seed|p2a: Landorus
|-damage|p2a: Landorus|51/100
|-damage|p2a: Landorus|39/100
|-damage|p2a: Landorus|26/100
|-damage|p2a: Landorus|12/100
|-damage|p2a: Landorus|0 fnt
|-hitcount|p2a: Landorus|5
|faint|p2a: Landorus
|
|-weather|Sandstorm|[upkeep]
|-damage|p1a: Breloom|4/100|[from] sandstorm
|choice||
|
|switch|p2a: Starmie|Starmie|100/100
|turn|4
|choice||
|
|move|p1a: Breloom|Mach Punch|p2a: Starmie
|-resisted|p2a: Starmie
|-damage|p2a: Starmie|87/100
|move|p2a: Starmie|Scald|p1a: Breloom
|-resisted|p1a: Breloom
|-crit|p1a: Breloom
|-damage|p1a: Breloom|0 fnt
|faint|p1a: Breloom
|
|-weather|Sandstorm|[upkeep]
|-damage|p2a: Starmie|81/100|[from] sandstorm
|-heal|p2a: Starmie|87/100|[from] item: Leftovers
|choice||
|
|switch|p1a: Azelf|Azelf|100/100
|turn|5
|choice||
|
|move|p1a: Azelf|Stealth Rock|p2a: Starmie
|-sidestart|p2: windbegantohowl|move: Stealth Rock
|move|p2a: Starmie|Scald|p1a: Azelf
|-damage|p1a: Azelf|49/100
|
|-weather|Sandstorm|[upkeep]
|-damage|p2a: Starmie|81/100|[from] sandstorm
|-damage|p1a: Azelf|43/100|[from] sandstorm
|-heal|p2a: Starmie|87/100|[from] item: Leftovers
|turn|6
|choice||
|
|move|p1a: Azelf|Explosion|p2a: Starmie
|-damage|p2a: Starmie|0 fnt
|faint|p1a: Azelf
|faint|p2a: Starmie
|
|-weather|Sandstorm|[upkeep]
|choice||
|
|switch|p2a: Mienshao|Mienshao, F|100/100
|switch|p1a: Garchomp|Garchomp, M|100/100
|-damage|p2a: Mienshao|95/100|[from] Stealth Rock
|turn|7
|choice||
|
|move|p2a: Mienshao|Fake Out|p1a: Garchomp
|-damage|p1a: Garchomp|81/100
|-damage|p2a: Mienshao|82/100|[from] ability: Rough Skin|[of] p1a: Garchomp
|-damage|p2a: Mienshao|72/100|[from] item: Life Orb
|cant|p1a: Garchomp|flinch
|
|-weather|Sandstorm|[upkeep]
|-damage|p2a: Mienshao|67/100|[from] sandstorm
|turn|8
|choice||
|
|move|p2a: Mienshao|High Jump Kick|p1a: Garchomp
|-damage|p1a: Garchomp|0 fnt
|-damage|p2a: Mienshao|54/100|[from] ability: Rough Skin|[of] p1a: Garchomp
|-damage|p2a: Mienshao|44/100|[from] item: Life Orb
|faint|p1a: Garchomp
|
|-weather|Sandstorm|[upkeep]
|-damage|p2a: Mienshao|39/100|[from] sandstorm
|choice||
|
|switch|p1a: Dragonite|Dragonite, M|100/100
|turn|9
|choice||
|
|move|p2a: Mienshao|U-turn|p1a: Dragonite
|-resisted|p1a: Dragonite
|-damage|p1a: Dragonite|92/100
|-damage|p2a: Mienshao|29/100|[from] item: Life Orb
|choice||
|
|switch|p2a: Tyranitar|Tyranitar, M|100/100
|-damage|p2a: Tyranitar|88/100|[from] Stealth Rock
|move|p1a: Dragonite|Dragon Dance|p1a: Dragonite
|-boost|p1a: Dragonite|atk|1
|-boost|p1a: Dragonite|spe|1
|
|-weather|Sandstorm|[upkeep]
|-damage|p1a: Dragonite|86/100|[from] sandstorm
|turn|10
|choice||
|
|move|p1a: Dragonite|Outrage|p2a: Tyranitar
|-damage|p2a: Tyranitar|0 fnt
|faint|p2a: Tyranitar
|
|-weather|Sandstorm|[upkeep]
|-damage|p1a: Dragonite|80/100|[from] sandstorm
|choice||
|
|switch|p2a: Ferrothorn|Ferrothorn, M|100/100
|-damage|p2a: Ferrothorn|95/100|[from] Stealth Rock
|turn|11
|choice||
|
|move|p1a: Dragonite|Outrage|p2a: Ferrothorn|[from]lockedmove
|-resisted|p2a: Ferrothorn
|-damage|p2a: Ferrothorn|55/100
|-damage|p1a: Dragonite|67/100|[from] ability: Iron Barbs|[of] p2a: Ferrothorn
|move|p2a: Ferrothorn|Gyro Ball|p1a: Dragonite
|-damage|p1a: Dragonite|16/100
|
|-weather|Sandstorm|[upkeep]
|-damage|p1a: Dragonite|10/100|[from] sandstorm
|turn|12
|choice||
|
|switch|p2a: Heatran|Heatran, M|100/100
|-damage|p2a: Heatran|88/100|[from] Stealth Rock
|move|p1a: Dragonite|Outrage|p2a: Heatran|[from]lockedmove
|-resisted|p2a: Heatran
|-damage|p2a: Heatran|38/100
|-start|p1a: Dragonite|confusion|[fatigue]
|-enditem|p1a: Dragonite|Lum Berry|[eat]
|-end|p1a: Dragonite|confusion
|
|-weather|Sandstorm|[upkeep]
|-damage|p1a: Dragonite|4/100|[from] sandstorm
|turn|13
|choice||
|
|switch|p2a: Mienshao|Mienshao, F|62/100
|-damage|p2a: Mienshao|56/100|[from] Stealth Rock
|move|p1a: Dragonite|Outrage|p2a: Mienshao
|-damage|p2a: Mienshao|0 fnt
|faint|p2a: Mienshao
|
|-weather|Sandstorm|[upkeep]
|-damage|p1a: Dragonite|0 fnt|[from] sandstorm
|faint|p1a: Dragonite
|choice||
|
|switch|p1a: Salamence|Salamence, M|100/100
|switch|p2a: Heatran|Heatran, M|38/100
|-damage|p2a: Heatran|26/100|[from] Stealth Rock
|turn|14
|choice||
|
|move|p1a: Salamence|Earthquake|p2a: Heatran
|-supereffective|p2a: Heatran
|-crit|p2a: Heatran
|-damage|p2a: Heatran|0 fnt
|faint|p2a: Heatran
|-ability|p1a: Salamence|Moxie|boost
|-boost|p1a: Salamence|atk|1
|
|-weather|Sandstorm|[upkeep]
|-damage|p1a: Salamence|94/100|[from] sandstorm
|-message|windbegantohowl forfeited.
|
|win|Dire Miralis
|player|p1
|player|p2
|l|windbegantohowl
|raw|Dire Miralis's rating: 1458 &rarr; <strong>1474</strong><br />(+16 for winning)
|raw|windbegantohowl's rating: 1383 &rarr; <strong>1367</strong><br />(-16 for losing)