|j|☆shadecons
|j|☆daddy_days2
|t:|1739575857
|gametype|singles
|player|p1|shadecons|170|1321
|player|p2|daddy_days2|hugh|1389
|teamsize|p1|6
|teamsize|p2|6
|gen|5
|tier|[Gen 5] OU
|rated|
|rule|Species Clause: Limit one of each Pokémon
|rule|OHKO Clause: OHKO moves are banned
|rule|Moody Clause: Moody is banned
|rule|Evasion Items Clause: Evasion items are banned
|rule|Evasion Moves Clause: Evasion moves are banned
|rule|Endless Battle Clause: Forcing endless battles is banned
|rule|HP Percentage Mod: HP is shown in percentages
|rule|Evasion Abilities Clause: Evasion abilities are banned
|rule|Sleep Moves Clause: Sleep-inducing moves are banned
|rule|Swagger Clause: Swagger is banned
|rule|Baton Pass Stat Clause: No Baton Passer may have a way to boost its stats
|clearpoke
|poke|p1|Abomasnow, F|item
|poke|p1|Gliscor, F|item
|poke|p1|Forretress, M|item
|poke|p1|Blissey, F|item
|poke|p1|Latios, M|item
|poke|p1|Reuniclus, M|item
|poke|p2|Kyurem-Black|item
|poke|p2|Garchomp, M|item
|poke|p2|Conkeldurr, M|item
|poke|p2|Starmie|item
|poke|p2|Bisharp, F|item
|poke|p2|Scyther, M|item
|teampreview
|inactive|Battle timer is ON: inactive players will automatically lose when time's up. (requested by shadecons)
|inactive|daddy_days2 has 120 seconds left.
|inactive|daddy_days2 has 90 seconds left.
|
|t:|1739575985
|start
|switch|p1a: Latios|Latios, M|100/100
|switch|p2a: Insane Dwayne|Kyurem-Black|100/100
|-ability|p2a: Insane Dwayne|Teravolt
|turn|1
|inactive|shadecons has 120 seconds left.
|
|t:|1739576026
|switch|p2a: Adolf|Bisharp, F|100/100
|-item|p2a: Adolf|Air Balloon
|move|p1a: Latios|Draco Meteor|p2a: Adolf
|-resisted|p2a: Adolf
|-damage|p2a: Adolf|49/100
|-unboost|p1a: Latios|spa|2
|-enditem|p2a: Adolf|Air Balloon
|
|upkeep
|turn|2
|
|t:|1739576036
|move|p1a: Latios|Thunder Wave|p2a: Adolf
|-status|p2a: Adolf|par
|move|p2a: Adolf|Pursuit|p1a: Latios
|-supereffective|p1a: Latios
|-enditem|p1a: Latios|Colbur Berry|[eat]
|-enditem|p1a: Latios|Colbur Berry|[weaken]
|-damage|p1a: Latios|73/100
|
|upkeep
|turn|3
|
|t:|1739576045
|-activate|p1a: Latios|move: Pursuit
|move|p2a: Adolf|Pursuit|p1a: Latios|[from] Pursuit
|-supereffective|p1a: Latios
|-damage|p1a: Latios|0 fnt
|faint|p1a: Latios
|-hint|A Pokemon can't switch between when it runs out of HP and when it faints
|
|upkeep
|
|t:|1739576053
|switch|p1a: Gliscor|Gliscor, F|100/100
|turn|4
|
|t:|1739576058
|switch|p2a: Painkiller|Garchomp, M|100/100
|move|p1a: Gliscor|Stealth Rock|p2a: Painkiller
|-sidestart|p2: daddy_days2|move: Stealth Rock
|
|-status|p1a: Gliscor|tox|[from] item: Toxic Orb
|upkeep
|turn|5
|
|t:|1739576068
|move|p1a: Gliscor|Protect|p1a: Gliscor
|-singleturn|p1a: Gliscor|Protect
|move|p2a: Painkiller|Stealth Rock|p1a: Gliscor
|-sidestart|p1: shadecons|move: Stealth Rock
|
|upkeep
|turn|6
|
|t:|1739576074
|switch|p2a: Starlight|Starmie|100/100
|-damage|p2a: Starlight|88/100|[from] Stealth Rock
|move|p1a: Gliscor|Knock Off|p2a: Starlight
|-supereffective|p2a: Starlight
|-damage|p2a: Starlight|77/100
|-enditem|p2a: Starlight|Leftovers|[from] move: Knock Off|[of] p1a: Gliscor
|
|upkeep
|turn|7
|
|t:|1739576085
|move|p1a: Gliscor|Protect|p1a: Gliscor
|-singleturn|p1a: Gliscor|Protect
|move|p2a: Starlight|Rapid Spin|p1a: Gliscor
|-activate|p1a: Gliscor|move: Protect
|
|upkeep
|turn|8
|
|t:|1739576093
|switch|p1a: Reuniclus|Reuniclus, M|100/100
|move|p2a: Starlight|Rapid Spin|p1a: Reuniclus
|-damage|p1a: Reuniclus|98/100
|-sideend|p2: daddy_days2|Stealth Rock|[from] move: Rapid Spin|[of] p2a: Starlight
|
|-heal|p1a: Reuniclus|100/100|[from] item: Leftovers
|upkeep
|turn|9
|
|t:|1739576101
|move|p2a: Starlight|Thunder Wave|p1a: Reuniclus
|-status|p1a: Reuniclus|par
|move|p1a: Reuniclus|Focus Blast|p2a: Starlight
|-resisted|p2a: Starlight
|-damage|p2a: Starlight|57/100
|
|upkeep
|turn|10
|
|t:|1739576109
|switch|p2a: Blade|Scyther, M|100/100
|move|p1a: Reuniclus|Calm Mind|p1a: Reuniclus
|-boost|p1a: Reuniclus|spa|1
|-boost|p1a: Reuniclus|spd|1
|
|upkeep
|turn|11
|
|t:|1739576116
|move|p2a: Blade|U-turn|p1a: Reuniclus
|-supereffective|p1a: Reuniclus
|-damage|p1a: Reuniclus|52/100 par
|
|t:|1739576121
|switch|p2a: Adolf|Bisharp, F|49/100 par|[from] U-turn
|move|p1a: Reuniclus|Psyshock|p2a: Adolf
|-immune|p2a: Adolf
|
|-heal|p1a: Reuniclus|58/100 par|[from] item: Leftovers
|upkeep
|turn|12
|
|t:|1739576132
|move|p2a: Adolf|Night Slash|p1a: Reuniclus
|-supereffective|p1a: Reuniclus
|-damage|p1a: Reuniclus|0 fnt
|faint|p1a: Reuniclus
|
|upkeep
|
|t:|1739576136
|switch|p1a: Gliscor|Gliscor, F|100/100 tox
|-damage|p1a: Gliscor|88/100 tox|[from] Stealth Rock
|turn|13
|
|t:|1739576141
|cant|p2a: Adolf|par
|move|p1a: Gliscor|Earthquake|p2a: Adolf
|-supereffective|p2a: Adolf
|-damage|p2a: Adolf|0 fnt
|faint|p2a: Adolf
|
|-heal|p1a: Gliscor|100/100 tox|[from] ability: Poison Heal
|upkeep
|
|t:|1739576152
|switch|p2a: Shrekster|Conkeldurr, M|100/100
|turn|14
|
|t:|1739576157
|switch|p1a: Forretress|Forretress, M|100/100
|-damage|p1a: Forretress|88/100|[from] Stealth Rock
|move|p2a: Shrekster|Ice Punch|p1a: Forretress
|-resisted|p1a: Forretress
|-damage|p1a: Forretress|77/100
|
|-heal|p1a: Forretress|83/100|[from] item: Leftovers
|upkeep
|turn|15
|
|t:|1739576167
|move|p2a: Shrekster|Drain Punch|p1a: Forretress
|-damage|p1a: Forretress|48/100
|move|p1a: Forretress|Counter|p2a: Shrekster
|-damage|p2a: Shrekster|29/100
|
|-heal|p2a: Shrekster|35/100|[from] item: Leftovers
|-heal|p1a: Forretress|54/100|[from] item: Leftovers
|upkeep
|turn|16
|
|t:|1739576180
|switch|p2a: Starlight|Starmie|57/100
|move|p1a: Forretress|Counter||[still]
|-fail|p1a: Forretress
|
|-heal|p1a: Forretress|60/100|[from] item: Leftovers
|upkeep
|turn|17
|
|t:|1739576188
|switch|p1a: Abomasnow|Abomasnow, F|100/100
|-damage|p1a: Abomasnow|76/100|[from] Stealth Rock
|-weather|Hail|[from] ability: Snow Warning|[of] p1a: Abomasnow
|move|p2a: Starlight|Thunder Wave|p1a: Abomasnow
|-status|p1a: Abomasnow|par
|
|-weather|Hail|[upkeep]
|-damage|p2a: Starlight|51/100|[from] Hail
|upkeep
|turn|18
|
|t:|1739576199
|switch|p2a: Insane Dwayne|Kyurem-Black|100/100
|-ability|p2a: Insane Dwayne|Teravolt
|-singleturn|p1a: Abomasnow|move: Focus Punch
|move|p1a: Abomasnow|Focus Punch|p2a: Insane Dwayne
|-supereffective|p2a: Insane Dwayne
|-damage|p2a: Insane Dwayne|0 fnt
|faint|p2a: Insane Dwayne
|
|-weather|Hail|[upkeep]
|upkeep
|
|t:|1739576212
|switch|p2a: Blade|Scyther, M|100/100
|turn|19
|
|t:|1739576217
|switch|p1a: Gliscor|Gliscor, F|100/100 tox
|-damage|p1a: Gliscor|88/100 tox|[from] Stealth Rock
|move|p2a: Blade|U-turn|p1a: Gliscor
|-resisted|p1a: Gliscor
|-crit|p1a: Gliscor
|-damage|p1a: Gliscor|60/100 tox
|
|t:|1739576225
|switch|p2a: Shrekster|Conkeldurr, M|35/100|[from] U-turn
|
|-weather|Hail|[upkeep]
|-damage|p1a: Gliscor|53/100 tox|[from] Hail
|-damage|p2a: Shrekster|29/100|[from] Hail
|-heal|p2a: Shrekster|35/100|[from] item: Leftovers
|-heal|p1a: Gliscor|66/100 tox|[from] ability: Poison Heal
|upkeep
|turn|20
|
|t:|1739576235
|move|p1a: Gliscor|Earthquake|p2a: Shrekster
|-damage|p2a: Shrekster|10/100
|move|p2a: Shrekster|Ice Punch|p1a: Gliscor
|-supereffective|p1a: Gliscor
|-damage|p1a: Gliscor|0 fnt
|faint|p1a: Gliscor
|
|-weather|Hail|[upkeep]
|-damage|p2a: Shrekster|4/100|[from] Hail
|-heal|p2a: Shrekster|10/100|[from] item: Leftovers
|upkeep
|
|t:|1739576246
|switch|p1a: Forretress|Forretress, M|60/100
|-damage|p1a: Forretress|48/100|[from] Stealth Rock
|turn|21
|
|t:|1739576255
|switch|p2a: Painkiller|Garchomp, M|100/100
|move|p1a: Forretress|Rapid Spin|p2a: Painkiller
|-damage|p2a: Painkiller|97/100
|-damage|p1a: Forretress|35/100|[from] ability: Rough Skin|[of] p2a: Painkiller
|-damage|p1a: Forretress|19/100|[from] item: Rocky Helmet|[of] p2a: Painkiller
|-sideend|p1: shadecons|Stealth Rock|[from] move: Rapid Spin|[of] p1a: Forretress
|
|-weather|Hail|[upkeep]
|-damage|p2a: Painkiller|91/100|[from] Hail
|-heal|p1a: Forretress|25/100|[from] item: Leftovers
|upkeep
|turn|22
|
|t:|1739576267
|move|p2a: Painkiller|Earthquake|p1a: Forretress
|-damage|p1a: Forretress|1/100
|move|p1a: Forretress|Spikes|p2a: Painkiller
|-sidestart|p2: daddy_days2|Spikes
|
|-weather|Hail|[upkeep]
|-damage|p2a: Painkiller|85/100|[from] Hail
|-heal|p1a: Forretress|7/100|[from] item: Leftovers
|upkeep
|turn|23
|
|t:|1739576277
|move|p2a: Painkiller|Earthquake|p1a: Forretress
|-damage|p1a: Forretress|0 fnt
|faint|p1a: Forretress
|
|-weather|Hail|[upkeep]
|-damage|p2a: Painkiller|79/100|[from] Hail
|upkeep
|
|t:|1739576284
|switch|p1a: Abomasnow|Abomasnow, F|76/100 par
|turn|24
|
|t:|1739576291
|move|p1a: Abomasnow|Ice Shard|p2a: Painkiller
|-supereffective|p2a: Painkiller
|-damage|p2a: Painkiller|24/100
|move|p2a: Painkiller|Earthquake|p1a: Abomasnow
|-resisted|p1a: Abomasnow
|-damage|p1a: Abomasnow|52/100 par
|
|-weather|Hail|[upkeep]
|-damage|p2a: Painkiller|18/100|[from] Hail
|upkeep
|turn|25
|
|t:|1739576300
|move|p1a: Abomasnow|Ice Shard|p2a: Painkiller
|-supereffective|p2a: Painkiller
|-damage|p2a: Painkiller|0 fnt
|faint|p2a: Painkiller
|
|-weather|Hail|[upkeep]
|upkeep
|
|t:|1739576307
|switch|p2a: Starlight|Starmie|51/100
|-damage|p2a: Starlight|38/100|[from] Spikes
|turn|26
|
|t:|1739576313
|switch|p1a: Blissey|Blissey, F|100/100
|move|p2a: Starlight|Rapid Spin|p1a: Blissey
|-damage|p1a: Blissey|98/100
|-sideend|p2: daddy_days2|Spikes|[from] move: Rapid Spin|[of] p2a: Starlight
|
|-weather|Hail|[upkeep]
|-damage|p2a: Starlight|32/100|[from] Hail
|-damage|p1a: Blissey|92/100|[from] Hail
|-heal|p1a: Blissey|98/100|[from] item: Leftovers
|upkeep
|turn|27
|
|t:|1739576324
|move|p2a: Starlight|Thunder Wave|p1a: Blissey
|-status|p1a: Blissey|par
|cant|p1a: Blissey|par
|
|-weather|Hail|[upkeep]
|-damage|p2a: Starlight|26/100|[from] Hail
|-damage|p1a: Blissey|92/100 par|[from] Hail
|-heal|p1a: Blissey|98/100 par|[from] item: Leftovers
|upkeep
|turn|28
|
|t:|1739576333
|move|p2a: Starlight|Psyshock|p1a: Blissey
|-damage|p1a: Blissey|75/100 par
|move|p1a: Blissey|Wish|p1a: Blissey
|
|-weather|Hail|[upkeep]
|-damage|p2a: Starlight|20/100|[from] Hail
|-damage|p1a: Blissey|69/100 par|[from] Hail
|-heal|p1a: Blissey|75/100 par|[from] item: Leftovers
|upkeep
|turn|29
|
|t:|1739576352
|-curestatus|p1a: Blissey|par|[from] ability: Natural Cure
|switch|p1a: Abomasnow|Abomasnow, F|52/100 par
|move|p2a: Starlight|Psyshock|p1a: Abomasnow
|-damage|p1a: Abomasnow|24/100 par
|
|-weather|Hail|[upkeep]
|-damage|p2a: Starlight|14/100|[from] Hail
|-heal|p1a: Abomasnow|100/100 par|[from] move: Wish|[wisher] Blissey
|upkeep
|turn|30
|
|t:|1739576364
|cant|p1a: Abomasnow|par
|move|p2a: Starlight|Psyshock|p1a: Abomasnow
|-damage|p1a: Abomasnow|69/100 par
|
|-weather|Hail|[upkeep]
|-damage|p2a: Starlight|7/100|[from] Hail
|upkeep
|turn|31
|
|t:|1739576372
|move|p1a: Abomasnow|Ice Shard|p2a: Starlight
|-resisted|p2a: Starlight
|-damage|p2a: Starlight|0 fnt
|faint|p2a: Starlight
|
|-weather|Hail|[upkeep]
|upkeep
|
|t:|1739576381
|switch|p2a: Blade|Scyther, M|100/100
|turn|32
|
|t:|1739576389
|switch|p1a: Blissey|Blissey, F|75/100
|move|p2a: Blade|U-turn|p1a: Blissey
|-damage|p1a: Blissey|46/100
|
|t:|1739576395
|switch|p2a: Shrekster|Conkeldurr, M|10/100|[from] U-turn
|
|-weather|Hail|[upkeep]
|-damage|p1a: Blissey|40/100|[from] Hail
|-damage|p2a: Shrekster|4/100|[from] Hail
|-heal|p1a: Blissey|46/100|[from] item: Leftovers
|-heal|p2a: Shrekster|10/100|[from] item: Leftovers
|upkeep
|turn|33
|
|t:|1739576404
|move|p1a: Blissey|Seismic Toss|p2a: Shrekster
|-damage|p2a: Shrekster|0 fnt
|faint|p2a: Shrekster
|
|-weather|Hail|[upkeep]
|-damage|p1a: Blissey|40/100|[from] Hail
|-heal|p1a: Blissey|46/100|[from] item: Leftovers
|upkeep
|
|t:|1739576414
|switch|p2a: Blade|Scyther, M|100/100
|turn|34
|
|t:|1739576417
|move|p2a: Blade|Brick Break|p1a: Blissey
|-supereffective|p1a: Blissey
|-damage|p1a: Blissey|6/100
|move|p1a: Blissey|Thunder Wave|p2a: Blade
|-status|p2a: Blade|par
|
|-weather|Hail|[upkeep]
|-damage|p1a: Blissey|0 fnt|[from] Hail
|-damage|p2a: Blade|94/100 par|[from] Hail
|faint|p1a: Blissey
|upkeep
|
|t:|1739576421
|switch|p1a: Abomasnow|Abomasnow, F|69/100 par
|turn|35
|
|t:|1739576430
|cant|p1a: Abomasnow|par
|move|p2a: Blade|Brick Break|p1a: Abomasnow
|-supereffective|p1a: Abomasnow
|-damage|p1a: Abomasnow|14/100 par
|
|-weather|Hail|[upkeep]
|-damage|p2a: Blade|88/100 par|[from] Hail
|upkeep
|turn|36
|
|t:|1739576439
|cant|p1a: Abomasnow|par
|cant|p2a: Blade|par
|
|-weather|Hail|[upkeep]
|-damage|p2a: Blade|82/100 par|[from] Hail
|upkeep
|turn|37
|
|t:|1739576446
|move|p1a: Abomasnow|Ice Shard|p2a: Blade
|-supereffective|p2a: Blade
|-damage|p2a: Blade|9/100 par
|move|p2a: Blade|Brick Break|p1a: Abomasnow
|-supereffective|p1a: Abomasnow
|-damage|p1a: Abomasnow|0 fnt
|faint|p1a: Abomasnow
|
|win|daddy_days2
|raw|shadecons's rating: 1321 &rarr; <strong>1305</strong><br />(-16 for losing)
|raw|daddy_days2's rating: 1389 &rarr; <strong>1405</strong><br />(+16 for winning)
|l|☆shadecons
|player|p1|
|c|☆daddy_days2|gg
