|j|yerados
|j|kick my ass
|player|p1|yerados|169
|teamsize|p1|6
|player|p2|kick my ass|#teamrocket
|teamsize|p2|6
|gametype|singles
|gen|5
|tier|[Gen 5] OU
|rated
|seed|1370,60684,31557,25289
|rule|Sleep Clause Mod: Limit one foe put to sleep
|rule|Species Clause: Limit one of each Pokémon
|rule|OHKO Clause: OHKO moves are banned
|rule|Moody Clause: Moody is banned
|rule|Evasion Moves Clause: Evasion moves are banned
|rule|Endless Battle Clause: Forcing endless battles is banned
|rule|HP Percentage Mod: HP is shown in percentages
|rule|Evasion Abilities Clause: Evasion abilities are banned
|rule|Baton Pass Clause: Limit one Baton Passer, can't pass Spe and other stats simultaneously
|rule|Swagger Clause: Swagger is banned
|clearpoke
|poke|p1|Landorus-Therian, M|item
|poke|p1|Dragonite, M|item
|poke|p1|Magnezone|item
|poke|p1|Starmie|item
|poke|p1|Kyurem-Black|item
|poke|p1|Jirachi|item
|poke|p2|Alakazam, F|item
|poke|p2|Politoed, F|item
|poke|p2|Toxicroak, M|item
|poke|p2|Tornadus, M|item
|poke|p2|Ferrothorn, M|item
|poke|p2|Garchomp, F|item
|teampreview
|inactive|Battle timer is ON: inactive players will automatically lose when time's up. (requested by yerados)
|choice|team 3, team 2, team 1, team 4, team 5, team 6|team 2, team 1, team 3, team 4, team 5, team 6
|
|start
|switch|p1a: Magnezone|Magnezone|311/311
|switch|p2a: Politoed|Politoed, F|384/384
|-weather|RainDance|[from] ability: Drizzle|[of] p2a: Politoed
|turn|1
|choice|move voltswitch|switch 6
|
|switch|p2a: Garchomp|Garchomp, F|357/357
|move|p1a: Magnezone|Volt Switch|p2a: Garchomp
|-immune|p2a: Garchomp|[msg]
|
|-weather|RainDance|[upkeep]
|upkeep
|turn|2
|inactive|yerados has 120 seconds left.
|choice|move voltswitch|switch 6
|
|switch|p2a: Politoed|Politoed, F|384/384
|move|p1a: Magnezone|Volt Switch|p2a: Politoed
|-supereffective|p2a: Politoed
|-crit|p2a: Politoed
|-damage|p2a: Politoed|0 fnt
|faint|p2a: Politoed
|choice|switch 6|
|
|switch|p1a: Jirachi|Jirachi|341/341
|
|-weather|RainDance|[upkeep]
|upkeep
|choice||switch 6
|
|switch|p2a: Garchomp|Garchomp, F|357/357
|turn|3
|c|☆kick my ass|gg ahaha
|choice|switch 3|move earthquake
|
|switch|p1a: Landorus|Landorus-Therian, M|379/379
|-ability|p1a: Landorus|Intimidate|boost
|-unboost|p2a: Garchomp|atk|1
|move|p2a: Garchomp|Earthquake|p1a: Landorus
|-immune|p1a: Landorus|[msg]
|
|-weather|RainDance|[upkeep]
|upkeep
|turn|4
|c|☆yerados|was lucky
|choice|move stealthrock|switch 5
|
|switch|p2a: Ferrothorn|Ferrothorn, M|352/352
|move|p1a: Landorus|Stealth Rock|p2a: Ferrothorn
|-sidestart|p2: kick my ass|move: Stealth Rock
|
|-weather|RainDance|[upkeep]
|upkeep
|turn|5
|choice|switch 6|switch 3
|
|switch|p1a: Magnezone|Magnezone|311/311
|switch|p2a: Toxicroak|Toxicroak, M|307/307
|-damage|p2a: Toxicroak|288/307|[from] Stealth Rock
|
|-weather|RainDance|[upkeep]
|-heal|p2a: Toxicroak|307/307|[from] ability: Dry Skin
|upkeep
|turn|6
|choice|move voltswitch|move drainpunch
|
|move|p2a: Toxicroak|Drain Punch|p1a: Magnezone
|-supereffective|p1a: Magnezone
|-enditem|p1a: Magnezone|Chople Berry|[eat]
|-enditem|p1a: Magnezone|Chople Berry|[weaken]
|-damage|p1a: Magnezone|171/311
|-damage|p2a: Toxicroak|277/307|[from] item: Life Orb
|move|p1a: Magnezone|Volt Switch|p2a: Toxicroak
|-damage|p2a: Toxicroak|97/307
|inactive|yerados has 120 seconds left.
|choice|switch 4|
|
|switch|p1a: Starmie|Starmie|261/261
|
|-weather|RainDance|[upkeep]
|-heal|p2a: Toxicroak|135/307|[from] ability: Dry Skin
|upkeep
|turn|7
|j|cool-bidotainwow
|choice|move thunder|switch 3
|
|switch|p2a: Ferrothorn|Ferrothorn, M|352/352
|-damage|p2a: Ferrothorn|330/352|[from] Stealth Rock
|move|p1a: Starmie|Thunder|p2a: Ferrothorn
|-resisted|p2a: Ferrothorn
|-damage|p2a: Ferrothorn|243/352
|-damage|p1a: Starmie|235/261|[from] item: Life Orb
|
|-weather|RainDance|[upkeep]
|-heal|p2a: Ferrothorn|265/352|[from] item: Leftovers
|upkeep
|turn|8
|choice|switch 4|move stealthrock
|
|switch|p1a: Magnezone|Magnezone|171/311
|move|p2a: Ferrothorn|Stealth Rock|p1a: Magnezone
|-sidestart|p1: yerados|move: Stealth Rock
|
|-weather|RainDance|[upkeep]
|-heal|p2a: Ferrothorn|287/352|[from] item: Leftovers
|upkeep
|turn|9
|l|cool-bidotainwow
|choice|move hiddenpower|move leechseed
|
|move|p1a: Magnezone|Hidden Power|p2a: Ferrothorn
|-supereffective|p2a: Ferrothorn
|-damage|p2a: Ferrothorn|115/352
|move|p2a: Ferrothorn|Leech Seed|p1a: Magnezone
|-start|p1a: Magnezone|move: Leech Seed
|
|-weather|RainDance|[upkeep]
|-heal|p2a: Ferrothorn|137/352|[from] item: Leftovers
|-damage|p1a: Magnezone|133/311|[from] Leech Seed|[of] p2a: Ferrothorn
|-heal|p2a: Ferrothorn|175/352|[silent]
|upkeep
|turn|10
|choice|move hiddenpower|move powerwhip
|
|move|p1a: Magnezone|Hidden Power|p2a: Ferrothorn
|-supereffective|p2a: Ferrothorn
|-damage|p2a: Ferrothorn|27/352
|move|p2a: Ferrothorn|Power Whip|p1a: Magnezone
|-resisted|p1a: Magnezone
|-damage|p1a: Magnezone|73/311
|
|-weather|RainDance|[upkeep]
|-heal|p2a: Ferrothorn|49/352|[from] item: Leftovers
|-damage|p1a: Magnezone|35/311|[from] Leech Seed|[of] p2a: Ferrothorn
|-heal|p2a: Ferrothorn|87/352|[silent]
|upkeep
|turn|11
|choice|move hiddenpower|move powerwhip
|
|move|p1a: Magnezone|Hidden Power|p2a: Ferrothorn
|-supereffective|p2a: Ferrothorn
|-damage|p2a: Ferrothorn|0 fnt
|faint|p2a: Ferrothorn
|
|-weather|RainDance|[upkeep]
|upkeep
|choice||switch 3
|
|switch|p2a: Toxicroak|Toxicroak, M|135/307
|-damage|p2a: Toxicroak|116/307|[from] Stealth Rock
|turn|12
|choice|move voltswitch|move drainpunch
|
|move|p2a: Toxicroak|Drain Punch|p1a: Magnezone
|-supereffective|p1a: Magnezone
|-damage|p1a: Magnezone|0 fnt
|-heal|p2a: Toxicroak|134/307|[from] drain|[of] p1a: Magnezone
|-damage|p2a: Toxicroak|104/307|[from] item: Life Orb
|faint|p1a: Magnezone
|
|-weather|RainDance|[upkeep]
|-heal|p2a: Toxicroak|142/307|[from] ability: Dry Skin
|upkeep
|choice|switch 4|
|
|switch|p1a: Starmie|Starmie|235/261
|-damage|p1a: Starmie|203/261|[from] Stealth Rock
|turn|13
|choice|move icebeam|move suckerpunch
|
|move|p2a: Toxicroak|Sucker Punch|p1a: Starmie
|-supereffective|p1a: Starmie
|-damage|p1a: Starmie|0 fnt
|-damage|p2a: Toxicroak|112/307|[from] item: Life Orb
|faint|p1a: Starmie
|
|-weather|RainDance|[upkeep]
|-heal|p2a: Toxicroak|150/307|[from] ability: Dry Skin
|upkeep
|choice|switch 3|
|
|switch|p1a: Jirachi|Jirachi|341/341
|-damage|p1a: Jirachi|320/341|[from] Stealth Rock
|turn|14
|choice|move ironhead|switch 5
|
|switch|p2a: Garchomp|Garchomp, F|357/357
|-damage|p2a: Garchomp|335/357|[from] Stealth Rock
|move|p1a: Jirachi|Iron Head|p2a: Garchomp
|-damage|p2a: Garchomp|211/357
|-damage|p1a: Jirachi|278/341|[from] ability: Rough Skin|[of] p2a: Garchomp
|
|-weather|RainDance|[upkeep]
|upkeep
|turn|15
|choice|switch 5|move crunch
|
|switch|p1a: Kyurem|Kyurem-Black|391/391
|-damage|p1a: Kyurem|294/391|[from] Stealth Rock
|-ability|p1a: Kyurem|Teravolt
|move|p2a: Garchomp|Crunch|p1a: Kyurem
|-damage|p1a: Kyurem|161/391
|
|-weather|RainDance|[upkeep]
|upkeep
|turn|16
|inactive|kick my ass has 120 seconds left.
|choice|move dragonclaw|switch 4
|
|switch|p2a: Tornadus|Tornadus, M|299/299
|-damage|p2a: Tornadus|225/299|[from] Stealth Rock
|move|p1a: Kyurem|Dragon Claw|p2a: Tornadus
|-damage|p2a: Tornadus|0 fnt
|faint|p2a: Tornadus
|
|-weather|RainDance|[upkeep]
|upkeep
|choice||switch 5
|
|switch|p2a: Toxicroak|Toxicroak, M|150/307
|-damage|p2a: Toxicroak|131/307|[from] Stealth Rock
|turn|17
|choice|switch 6|move suckerpunch
|
|switch|p1a: Landorus|Landorus-Therian, M|379/379
|-damage|p1a: Landorus|332/379|[from] Stealth Rock
|-ability|p1a: Landorus|Intimidate|boost
|-unboost|p2a: Toxicroak|atk|1
|move|p2a: Toxicroak|Sucker Punch|p1a: Landorus|[still]
|-fail|p2a: Toxicroak
|
|-weather|RainDance|[upkeep]
|-heal|p2a: Toxicroak|169/307|[from] ability: Dry Skin
|-heal|p1a: Landorus|355/379|[from] item: Leftovers
|upkeep
|turn|18
|choice|move earthquake|switch 4
|
|switch|p2a: Garchomp|Garchomp, F|211/357
|-damage|p2a: Garchomp|189/357|[from] Stealth Rock
|move|p1a: Landorus|Earthquake|p2a: Garchomp
|-damage|p2a: Garchomp|9/357
|
|-weather|RainDance|[upkeep]
|-heal|p1a: Landorus|378/379|[from] item: Leftovers
|upkeep
|turn|19
|choice|switch 6|move outrage
|
|switch|p1a: Kyurem|Kyurem-Black|161/391
|-damage|p1a: Kyurem|64/391|[from] Stealth Rock
|-ability|p1a: Kyurem|Teravolt
|move|p2a: Garchomp|Outrage|p1a: Kyurem
|-supereffective|p1a: Kyurem
|-damage|p1a: Kyurem|0 fnt
|faint|p1a: Kyurem
|
|-weather|RainDance|[upkeep]
|upkeep
|choice|switch 2|
|
|switch|p1a: Dragonite|Dragonite, M|323/323
|-damage|p1a: Dragonite|243/323|[from] Stealth Rock
|turn|20
|choice|move extremespeed|move outrage
|
|move|p1a: Dragonite|Extreme Speed|p2a: Garchomp
|-damage|p2a: Garchomp|0 fnt
|-damage|p1a: Dragonite|203/323|[from] ability: Rough Skin|[of] p2a: Garchomp
|faint|p2a: Garchomp
|
|-weather|RainDance|[upkeep]
|upkeep
|choice||switch 2
|
|switch|p2a: Alakazam|Alakazam, F|251/251
|turn|21
|choice|move extremespeed|move hiddenpower
|
|move|p1a: Dragonite|Extreme Speed|p2a: Alakazam
|-damage|p2a: Alakazam|57/251
|move|p2a: Alakazam|Hidden Power|p1a: Dragonite
|-supereffective|p1a: Dragonite
|-damage|p1a: Dragonite|0 fnt
|faint|p1a: Dragonite
|
|-weather|RainDance|[upkeep]
|upkeep
|choice|switch 5|
|
|switch|p1a: Jirachi|Jirachi|278/341
|-damage|p1a: Jirachi|257/341|[from] Stealth Rock
|turn|22
|choice|move ironhead|move focusblast
|
|move|p1a: Jirachi|Iron Head|p2a: Alakazam
|-damage|p2a: Alakazam|0 fnt
|faint|p2a: Alakazam
|
|-weather|RainDance|[upkeep]
|upkeep
|c|☆kick my ass|gg ^^
|choice||switch 4
|
|switch|p2a: Toxicroak|Toxicroak, M|169/307
|-damage|p2a: Toxicroak|150/307|[from] Stealth Rock
|turn|23
|c|☆yerados|gg
|choice|switch 6|move suckerpunch
|
|switch|p1a: Landorus|Landorus-Therian, M|378/379
|-damage|p1a: Landorus|331/379|[from] Stealth Rock
|-ability|p1a: Landorus|Intimidate|boost
|-unboost|p2a: Toxicroak|atk|1
|move|p2a: Toxicroak|Sucker Punch|p1a: Landorus|[still]
|-fail|p2a: Toxicroak
|
|-weather|RainDance|[upkeep]
|-heal|p2a: Toxicroak|188/307|[from] ability: Dry Skin
|-heal|p1a: Landorus|354/379|[from] item: Leftovers
|upkeep
|turn|24
|choice|move earthquake|move drainpunch
|
|move|p2a: Toxicroak|Drain Punch|p1a: Landorus
|-resisted|p1a: Landorus
|-damage|p1a: Landorus|309/379
|-heal|p2a: Toxicroak|211/307|[from] drain|[of] p1a: Landorus
|-damage|p2a: Toxicroak|181/307|[from] item: Life Orb
|move|p1a: Landorus|Earthquake|p2a: Toxicroak
|-supereffective|p2a: Toxicroak
|-damage|p2a: Toxicroak|0 fnt
|faint|p2a: Toxicroak
|
|win|yerados
|raw|yerados's rating: 1330 &rarr; <strong>1349</strong><br />(+19 for winning)
|raw|kick my ass's rating: 1320 &rarr; <strong>1300</strong><br />(-20 for losing)