|j|BLT1 Mahrez
|j|Manolou
|player|p1|BLT1 Mahrez|249
|player|p2|Manolou|10
|gametype|singles
|gen|5
|tier|[Gen 5] OU
|rated
|seed|
|rule|Evasion Abilities Clause: Evasion abilities are banned
|rule|Baton Pass Clause: Limit one Baton Passer, can't pass Spe and other stats simultaneously
|rule|Swagger Clause: Swagger is banned
|clearpoke
|poke|p1|Tyranitar, F|item
|poke|p1|Amoonguss, F|item
|poke|p1|Terrakion|item
|poke|p1|Landorus-Therian, M|item
|poke|p1|Keldeo|item
|poke|p1|Scizor, F|item
|poke|p2|Scizor, M|item
|poke|p2|Tyranitar, M|item
|poke|p2|Rotom-Wash|item
|poke|p2|Landorus-Therian, M|item
|poke|p2|Latios, M|item
|poke|p2|Garchomp, M|item
|rule|Sleep Clause Mod: Limit one foe put to sleep
|rule|Species Clause: Limit one of each Pokémon
|rule|OHKO Clause: OHKO moves are banned
|rule|Moody Clause: Moody is banned
|rule|Evasion Moves Clause: Evasion moves are banned
|rule|Endless Battle Clause: Forcing endless battles is banned
|rule|HP Percentage Mod: HP is shown in percentages
|teampreview
|choice||
|
|start
|switch|p1a: Amoonguss|Amoonguss, F|100/100
|switch|p2a: Rotom|Rotom-Wash|100/100
|turn|1
|j|Inferno Glacier
|choice||
|
|move|p2a: Rotom|Thunder Wave|p1a: Amoonguss
|-status|p1a: Amoonguss|par
|cant|p1a: Amoonguss|par
|
|turn|2
|choice||
|
|move|p2a: Rotom|Volt Switch|p1a: Amoonguss
|-resisted|p1a: Amoonguss
|-damage|p1a: Amoonguss|90/100 par
|choice||
|
|switch|p2a: Latios|Latios, M|100/100
|move|p1a: Amoonguss|Spore|p2a: Latios
|-status|p2a: Latios|slp
|
|-heal|p1a: Amoonguss|96/100 par|[from] item: Black Sludge
|turn|3
|choice||
|
|switch|p2a: Scizor|Scizor, M|100/100
|move|p1a: Amoonguss|Giga Drain|p2a: Scizor
|-resisted|p2a: Scizor
|-damage|p2a: Scizor|93/100
|-heal|p1a: Amoonguss|98/100 par|[from] drain|[of] p2a: Scizor
|
|-heal|p1a: Amoonguss|100/100 par|[from] item: Black Sludge
|turn|4
|choice||
|
|move|p2a: Scizor|U-turn|p1a: Amoonguss
|-damage|p1a: Amoonguss|73/100 par
|choice||
|
|switch|p2a: Tyranitar|Tyranitar, M|100/100
|-weather|Sandstorm|[from] ability: Sand Stream|[of] p2a: Tyranitar
|move|p1a: Amoonguss|Hidden Power|p2a: Tyranitar
|-resisted|p2a: Tyranitar
|-damage|p2a: Tyranitar|97/100
|
|-weather|Sandstorm|[upkeep]
|-damage|p1a: Amoonguss|67/100 par|[from] sandstorm
|-heal|p1a: Amoonguss|73/100 par|[from] item: Black Sludge
|turn|5
|choice||
|
|switch|p1a: Keldeo|Keldeo|100/100
|move|p2a: Tyranitar|Stealth Rock|p1a: Keldeo
|-sidestart|p1: BLT1 Mahrez|move: Stealth Rock
|
|-weather|Sandstorm|[upkeep]
|-damage|p1a: Keldeo|94/100|[from] sandstorm
|turn|6
|choice||
|
|switch|p2a: Latios|Latios, M|100/100 slp
|move|p1a: Keldeo|Secret Sword|p2a: Latios
|-resisted|p2a: Latios
|-damage|p2a: Latios|59/100 slp
|
|-weather|Sandstorm|[upkeep]
|-damage|p2a: Latios|53/100 slp|[from] sandstorm
|-damage|p1a: Keldeo|88/100|[from] sandstorm
|turn|7
|choice||
|
|switch|p2a: Rotom|Rotom-Wash|100/100
|move|p1a: Keldeo|Secret Sword|p2a: Rotom
|-damage|p2a: Rotom|31/100
|
|-weather|Sandstorm|[upkeep]
|-damage|p1a: Keldeo|82/100|[from] sandstorm
|-damage|p2a: Rotom|25/100|[from] sandstorm
|-heal|p2a: Rotom|31/100|[from] item: Leftovers
|turn|8
|choice||
|
|switch|p2a: Landorus|Landorus-Therian, M|100/100
|-ability|p2a: Landorus|Intimidate|boost
|-unboost|p1a: Keldeo|atk|1
|move|p1a: Keldeo|Secret Sword|p2a: Landorus
|-resisted|p2a: Landorus
|-damage|p2a: Landorus|66/100
|
|-weather|Sandstorm|[upkeep]
|-damage|p1a: Keldeo|76/100|[from] sandstorm
|-heal|p2a: Landorus|72/100|[from] item: Leftovers
|turn|9
|choice||
|
|switch|p1a: Scizor|Scizor, F|100/100
|-damage|p1a: Scizor|88/100|[from] Stealth Rock
|switch|p2a: Tyranitar|Tyranitar, M|97/100
|
|-weather|Sandstorm|[upkeep]
|-heal|p1a: Scizor|94/100|[from] item: Leftovers
|turn|10
|j|dsafasdff
|choice||
|
|switch|p1a: Keldeo|Keldeo|76/100
|-damage|p1a: Keldeo|70/100|[from] Stealth Rock
|move|p2a: Tyranitar|Fire Blast|p1a: Keldeo
|-resisted|p1a: Keldeo
|-damage|p1a: Keldeo|54/100
|
|-weather|Sandstorm|[upkeep]
|-damage|p1a: Keldeo|48/100|[from] sandstorm
|turn|11
|choice||
|
|switch|p2a: Rotom|Rotom-Wash|31/100
|move|p1a: Keldeo|Secret Sword|p2a: Rotom
|-damage|p2a: Rotom|0 fnt
|faint|p2a: Rotom
|
|-weather|Sandstorm|[upkeep]
|-damage|p1a: Keldeo|42/100|[from] sandstorm
|choice||
|
|switch|p2a: Scizor|Scizor, M|93/100
|turn|12
|choice||
|
|switch|p1a: Landorus|Landorus-Therian, M|100/100
|-damage|p1a: Landorus|88/100|[from] Stealth Rock
|-ability|p1a: Landorus|Intimidate|boost
|-unboost|p2a: Scizor|atk|1
|move|p2a: Scizor|Aerial Ace|p1a: Landorus
|-damage|p1a: Landorus|63/100
|
|-weather|Sandstorm|[upkeep]
|turn|13
|choice||
|
|move|p1a: Landorus|U-turn|p2a: Scizor
|-resisted|p2a: Scizor
|-damage|p2a: Scizor|77/100
|choice||
|
|switch|p1a: Tyranitar|Tyranitar, F|100/100
|-damage|p1a: Tyranitar|88/100|[from] Stealth Rock
|move|p2a: Scizor|Aerial Ace|p1a: Tyranitar
|-resisted|p1a: Tyranitar
|-damage|p1a: Tyranitar|80/100
|
|-weather|Sandstorm|[upkeep]
|turn|14
|choice||
|
|switch|p2a: Landorus|Landorus-Therian, M|72/100
|-ability|p2a: Landorus|Intimidate|boost
|-unboost|p1a: Tyranitar|atk|1
|move|p1a: Tyranitar|Stealth Rock|p2a: Landorus
|-sidestart|p2: Manolou|move: Stealth Rock
|
|-weather|Sandstorm|[upkeep]
|-heal|p2a: Landorus|78/100|[from] item: Leftovers
|turn|15
|choice||
|
|switch|p2a: Tyranitar|Tyranitar, M|97/100
|-damage|p2a: Tyranitar|85/100|[from] Stealth Rock
|switch|p1a: Scizor|Scizor, F|94/100
|-damage|p1a: Scizor|82/100|[from] Stealth Rock
|
|-weather|Sandstorm|[upkeep]
|-heal|p1a: Scizor|88/100|[from] item: Leftovers
|turn|16
|choice||
|
|switch|p1a: Terrakion|Terrakion|100/100
|-damage|p1a: Terrakion|94/100|[from] Stealth Rock
|move|p2a: Tyranitar|Fire Blast|p1a: Terrakion
|-resisted|p1a: Terrakion
|-damage|p1a: Terrakion|84/100
|
|-weather|Sandstorm|[upkeep]
|turn|17
|choice||
|
|switch|p2a: Landorus|Landorus-Therian, M|78/100
|-damage|p2a: Landorus|65/100|[from] Stealth Rock
|-ability|p2a: Landorus|Intimidate|boost
|-unboost|p1a: Terrakion|atk|1
|move|p1a: Terrakion|Close Combat|p2a: Landorus
|-resisted|p2a: Landorus
|-damage|p2a: Landorus|37/100
|-unboost|p1a: Terrakion|def|1
|-unboost|p1a: Terrakion|spd|1
|
|-weather|Sandstorm|[upkeep]
|-heal|p2a: Landorus|43/100|[from] item: Leftovers
|turn|18
|choice||
|
|switch|p1a: Scizor|Scizor, F|88/100
|-damage|p1a: Scizor|75/100|[from] Stealth Rock
|move|p2a: Landorus|Earthquake|p1a: Scizor
|-damage|p1a: Scizor|31/100
|
|-weather|Sandstorm|[upkeep]
|-heal|p2a: Landorus|49/100|[from] item: Leftovers
|-heal|p1a: Scizor|37/100|[from] item: Leftovers
|turn|19
|choice||
|
|move|p1a: Scizor|Bullet Punch|p2a: Landorus
|-damage|p2a: Landorus|17/100
|move|p2a: Landorus|Earthquake|p1a: Scizor
|-damage|p1a: Scizor|0 fnt
|faint|p1a: Scizor
|
|-weather|Sandstorm|[upkeep]
|-heal|p2a: Landorus|23/100|[from] item: Leftovers
|choice||
|
|switch|p1a: Keldeo|Keldeo|42/100
|-damage|p1a: Keldeo|35/100|[from] Stealth Rock
|turn|20
|choice||
|
|move|p1a: Keldeo|Scald|p2a: Landorus
|-supereffective|p2a: Landorus
|-damage|p2a: Landorus|0 fnt
|faint|p2a: Landorus
|
|-weather|Sandstorm|[upkeep]
|-damage|p1a: Keldeo|29/100|[from] sandstorm
|choice||
|
|switch|p2a: Scizor|Scizor, M|77/100
|-damage|p2a: Scizor|64/100|[from] Stealth Rock
|turn|21
|choice||
|
|move|p2a: Scizor|U-turn|p1a: Keldeo
|-resisted|p1a: Keldeo
|-damage|p1a: Keldeo|8/100
|choice||
|
|switch|p2a: Latios|Latios, M|53/100 slp
|-damage|p2a: Latios|40/100 slp|[from] Stealth Rock
|move|p1a: Keldeo|Scald|p2a: Latios
|-resisted|p2a: Latios
|-damage|p2a: Latios|10/100 slp
|
|-weather|Sandstorm|[upkeep]
|-damage|p2a: Latios|4/100 slp|[from] sandstorm
|-damage|p1a: Keldeo|2/100|[from] sandstorm
|turn|22
|choice||
|
|cant|p2a: Latios|slp
|move|p1a: Keldeo|Scald|p2a: Latios
|-resisted|p2a: Latios
|-damage|p2a: Latios|0 fnt
|faint|p2a: Latios
|
|-weather|Sandstorm|[upkeep]
|-damage|p1a: Keldeo|0 fnt|[from] sandstorm
|faint|p1a: Keldeo
|choice||
|
|switch|p1a: Landorus|Landorus-Therian, M|63/100
|switch|p2a: Tyranitar|Tyranitar, M|85/100
|-damage|p1a: Landorus|51/100|[from] Stealth Rock
|-ability|p1a: Landorus|Intimidate|boost
|-unboost|p2a: Tyranitar|atk|1
|-damage|p2a: Tyranitar|73/100|[from] Stealth Rock
|turn|23
|choice||
|
|move|p1a: Landorus|Earthquake|p2a: Tyranitar
|-supereffective|p2a: Tyranitar
|-enditem|p2a: Tyranitar|Shuca Berry|[eat]
|-enditem|p2a: Tyranitar|Shuca Berry|[weaken]
|-damage|p2a: Tyranitar|28/100
|move|p2a: Tyranitar|Ice Beam|p1a: Landorus
|-supereffective|p1a: Landorus
|-damage|p1a: Landorus|0 fnt
|faint|p1a: Landorus
|
|-weather|Sandstorm|[upkeep]
|choice||
|
|switch|p1a: Terrakion|Terrakion|84/100
|-damage|p1a: Terrakion|78/100|[from] Stealth Rock
|turn|24
|choice||
|
|move|p1a: Terrakion|Close Combat|p2a: Tyranitar
|-supereffective|p2a: Tyranitar
|-damage|p2a: Tyranitar|0 fnt
|-unboost|p1a: Terrakion|def|1
|-unboost|p1a: Terrakion|spd|1
|faint|p2a: Tyranitar
|
|-weather|Sandstorm|[upkeep]
|choice||
|
|switch|p2a: Garchomp|Garchomp, M|100/100
|-damage|p2a: Garchomp|94/100|[from] Stealth Rock
|turn|25
|choice||
|
|move|p1a: Terrakion|Close Combat|p2a: Garchomp
|-crit|p2a: Garchomp
|-damage|p2a: Garchomp|0 fnt
|-damage|p1a: Terrakion|66/100|[from] ability: Rough Skin|[of] p2a: Garchomp
|-unboost|p1a: Terrakion|def|1
|-unboost|p1a: Terrakion|spd|1
|faint|p2a: Garchomp
|
|-weather|Sandstorm|[upkeep]
|c|★Manolou|:|
|choice||
|
|switch|p2a: Scizor|Scizor, M|64/100
|-damage|p2a: Scizor|52/100|[from] Stealth Rock
|turn|26
|choice||
|
|move|p2a: Scizor|Bullet Punch|p1a: Terrakion
|-supereffective|p1a: Terrakion
|-crit|p1a: Terrakion
|-damage|p1a: Terrakion|0 fnt
|faint|p1a: Terrakion
|
|-weather|Sandstorm|[upkeep]
|choice||
|
|switch|p1a: Amoonguss|Amoonguss, F|100/100 par
|-damage|p1a: Amoonguss|88/100 par|[from] Stealth Rock
|turn|27
|choice||
|
|move|p2a: Scizor|Bullet Punch|p1a: Amoonguss
|-damage|p1a: Amoonguss|65/100 par
|move|p1a: Amoonguss|Spore|p2a: Scizor
|-status|p2a: Scizor|slp
|
|-weather|Sandstorm|[upkeep]
|-damage|p1a: Amoonguss|59/100 par|[from] sandstorm
|-heal|p1a: Amoonguss|65/100 par|[from] item: Black Sludge
|turn|28
|choice||
|
|cant|p2a: Scizor|slp
|move|p1a: Amoonguss|Hidden Power|p2a: Scizor
|-supereffective|p2a: Scizor
|-damage|p2a: Scizor|0 fnt
|faint|p2a: Scizor
|
|win|BLT1 Mahrez
|player|p1
|player|p2
|raw|BLT1 Mahrez's rating: 1399 &rarr; <strong>1424</strong><br />(+25 for winning)
|raw|Manolou's rating: 1491 &rarr; <strong>1465</strong><br />(-26 for losing)
|l|BLT1 Mahrez