|j|☆Avnuva
|j|☆Croaset
|t:|1706905321
|gametype|singles
|player|p1|Avnuva|102|1310
|player|p2|Croaset|elesa|1425
|teamsize|p1|6
|teamsize|p2|6
|gen|5
|tier|[Gen 5] OU
|rated|
|rule|Species Clause: Limit one of each Pokémon
|rule|OHKO Clause: OHKO moves are banned
|rule|Moody Clause: Moody is banned
|rule|Evasion Items Clause: Evasion items are banned
|rule|Evasion Moves Clause: Evasion moves are banned
|rule|Endless Battle Clause: Forcing endless battles is banned
|rule|HP Percentage Mod: HP is shown in percentages
|rule|Evasion Abilities Clause: Evasion abilities are banned
|rule|Sleep Moves Clause: Sleep-inducing moves are banned
|rule|Swagger Clause: Swagger is banned
|rule|Baton Pass Stat Clause: No Baton Passer may have a way to boost its stats
|clearpoke
|poke|p1|Hippowdon, M|item
|poke|p1|Breloom, F|item
|poke|p1|Excadrill, F|item
|poke|p1|Slowking, F|item
|poke|p1|Magnezone|item
|poke|p1|Salamence, F|item
|poke|p2|Politoed, M|item
|poke|p2|Tentacruel, M|item
|poke|p2|Ferrothorn, M|item
|poke|p2|Toxicroak, F|item
|poke|p2|Thundurus-Therian, M|item
|poke|p2|Virizion|item
|teampreview
|
|t:|1706905345
|start
|switch|p1a: Breloom|Breloom, F|100/100
|switch|p2a: Virizion|Virizion|100/100
|turn|1
|
|t:|1706905353
|move|p1a: Breloom|Protect|p1a: Breloom
|-singleturn|p1a: Breloom|Protect
|move|p2a: Virizion|Hidden Power|p1a: Breloom
|-activate|p1a: Breloom|move: Protect
|
|-status|p1a: Breloom|tox|[from] item: Toxic Orb
|upkeep
|turn|2
|
|t:|1706905391
|switch|p1a: Slowking|Slowking, F|100/100
|move|p2a: Virizion|Calm Mind|p2a: Virizion
|-boost|p2a: Virizion|spa|1
|-boost|p2a: Virizion|spd|1
|
|upkeep
|turn|3
|
|t:|1706905398
|move|p2a: Virizion|Calm Mind|p2a: Virizion
|-boost|p2a: Virizion|spa|1
|-boost|p2a: Virizion|spd|1
|move|p1a: Slowking|Thunder Wave|p2a: Virizion
|-status|p2a: Virizion|par
|
|upkeep
|turn|4
|
|t:|1706905406
|move|p1a: Slowking|Ice Beam|p2a: Virizion
|-supereffective|p2a: Virizion
|-damage|p2a: Virizion|83/100 par
|move|p2a: Virizion|Giga Drain|p1a: Slowking
|-supereffective|p1a: Slowking
|-crit|p1a: Slowking
|-damage|p1a: Slowking|0 fnt
|-heal|p2a: Virizion|100/100 par|[from] drain|[of] p1a: Slowking
|faint|p1a: Slowking
|
|upkeep
|
|t:|1706905414
|switch|p1a: Hippowdon|Hippowdon, M|100/100
|-weather|Sandstorm|[from] ability: Sand Stream|[of] p1a: Hippowdon
|turn|5
|
|t:|1706905419
|cant|p2a: Virizion|par
|move|p1a: Hippowdon|Roar|p2a: Virizion
|drag|p2a: Politoed|Politoed, M, shiny|100/100
|-weather|RainDance|[from] ability: Drizzle|[of] p2a: Politoed
|
|-weather|RainDance|[upkeep]
|upkeep
|turn|6
|
|t:|1706905426
|switch|p1a: Breloom|Breloom, F|100/100 tox
|move|p2a: Politoed|Scald|p1a: Breloom
|-resisted|p1a: Breloom
|-damage|p1a: Breloom|69/100 tox
|
|-weather|RainDance|[upkeep]
|-heal|p1a: Breloom|81/100 tox|[from] ability: Poison Heal
|upkeep
|turn|7
|
|t:|1706905442
|switch|p2a: Toxicroak|Toxicroak, F|100/100
|move|p1a: Breloom|Bulk Up|p1a: Breloom
|-boost|p1a: Breloom|atk|1
|-boost|p1a: Breloom|def|1
|
|-weather|RainDance|[upkeep]
|-heal|p1a: Breloom|94/100 tox|[from] ability: Poison Heal
|upkeep
|turn|8
|inactive|Battle timer is ON: inactive players will automatically lose when time's up. (requested by Croaset)
|
|t:|1706905457
|switch|p1a: Hippowdon|Hippowdon, M|100/100
|-weather|Sandstorm|[from] ability: Sand Stream|[of] p1a: Hippowdon
|move|p2a: Toxicroak|Bulk Up|p2a: Toxicroak
|-boost|p2a: Toxicroak|atk|1
|-boost|p2a: Toxicroak|def|1
|
|-weather|Sandstorm|[upkeep]
|-damage|p2a: Toxicroak|94/100|[from] Sandstorm
|-heal|p2a: Toxicroak|100/100|[from] item: Black Sludge
|upkeep
|turn|9
|
|t:|1706905471
|switch|p2a: Virizion|Virizion|100/100 par
|move|p1a: Hippowdon|Roar|p2a: Virizion
|drag|p2a: Politoed|Politoed, M, shiny|100/100
|-weather|RainDance|[from] ability: Drizzle|[of] p2a: Politoed
|
|-weather|RainDance|[upkeep]
|upkeep
|turn|10
|
|t:|1706905481
|switch|p2a: Virizion|Virizion|100/100 par
|switch|p1a: Magnezone|Magnezone|100/100
|-item|p1a: Magnezone|Air Balloon
|
|-weather|RainDance|[upkeep]
|upkeep
|turn|11
|
|t:|1706905488
|move|p1a: Magnezone|Volt Switch|p2a: Virizion
|-resisted|p2a: Virizion
|-damage|p2a: Virizion|83/100 par
|
|t:|1706905495
|switch|p1a: Hippowdon|Hippowdon, M|100/100|[from] Volt Switch
|-weather|Sandstorm|[from] ability: Sand Stream|[of] p1a: Hippowdon
|cant|p2a: Virizion|par
|
|-weather|Sandstorm|[upkeep]
|-damage|p2a: Virizion|77/100 par|[from] Sandstorm
|-heal|p2a: Virizion|83/100 par|[from] item: Leftovers
|upkeep
|turn|12
|
|t:|1706905503
|move|p1a: Hippowdon|Stealth Rock|p2a: Virizion
|-sidestart|p2: Croaset|move: Stealth Rock
|move|p2a: Virizion|Giga Drain|p1a: Hippowdon
|-supereffective|p1a: Hippowdon
|-damage|p1a: Hippowdon|59/100
|-heal|p2a: Virizion|100/100 par|[from] drain|[of] p1a: Hippowdon
|
|-weather|Sandstorm|[upkeep]
|-damage|p2a: Virizion|94/100 par|[from] Sandstorm
|-heal|p1a: Hippowdon|65/100|[from] item: Leftovers
|-heal|p2a: Virizion|100/100 par|[from] item: Leftovers
|upkeep
|turn|13
|
|t:|1706905519
|move|p2a: Virizion|Giga Drain|p1a: Hippowdon
|-supereffective|p1a: Hippowdon
|-crit|p1a: Hippowdon
|-damage|p1a: Hippowdon|0 fnt
|faint|p1a: Hippowdon
|
|-weather|Sandstorm|[upkeep]
|-damage|p2a: Virizion|94/100 par|[from] Sandstorm
|-heal|p2a: Virizion|100/100 par|[from] item: Leftovers
|upkeep
|inactive|Avnuva has 120 seconds left.
|
|t:|1706905542
|switch|p1a: Salamence|Salamence, F|100/100
|turn|14
|inactive|Avnuva has 120 seconds left.
|
|t:|1706905556
|move|p1a: Salamence|Earthquake|p2a: Virizion
|-resisted|p2a: Virizion
|-damage|p2a: Virizion|76/100 par
|cant|p2a: Virizion|par
|
|-weather|Sandstorm|[upkeep]
|-damage|p1a: Salamence|94/100|[from] Sandstorm
|-damage|p2a: Virizion|70/100 par|[from] Sandstorm
|-heal|p2a: Virizion|76/100 par|[from] item: Leftovers
|upkeep
|turn|15
|inactive|Avnuva has 120 seconds left.
|
|t:|1706905567
|move|p1a: Salamence|Earthquake|p2a: Virizion
|-resisted|p2a: Virizion
|-damage|p2a: Virizion|52/100 par
|move|p2a: Virizion|Hidden Power|p1a: Salamence
|-supereffective|p1a: Salamence
|-damage|p1a: Salamence|0 fnt
|faint|p1a: Salamence
|
|-weather|Sandstorm|[upkeep]
|-damage|p2a: Virizion|46/100 par|[from] Sandstorm
|-heal|p2a: Virizion|52/100 par|[from] item: Leftovers
|upkeep
|inactive|Avnuva has 120 seconds left.
|-message|Avnuva forfeited.
|
|win|Croaset
|raw|Avnuva's rating: 1310 &rarr; <strong>1296</strong><br />(-14 for losing)
|raw|Croaset's rating: 1425 &rarr; <strong>1439</strong><br />(+14 for winning)
|l|☆Avnuva
|player|p1|
