|j|☆Clawdia Chauchat
|j|☆gamerno1
|t:|1706871112
|gametype|singles
|player|p1|Clawdia Chauchat|winona|1547
|player|p2|gamerno1|policeman-gen4|1591
|teamsize|p1|6
|teamsize|p2|6
|gen|5
|tier|[Gen 5] OU
|rated|
|rule|Species Clause: Limit one of each Pokémon
|rule|OHKO Clause: OHKO moves are banned
|rule|Moody Clause: Moody is banned
|rule|Evasion Items Clause: Evasion items are banned
|rule|Evasion Moves Clause: Evasion moves are banned
|rule|Endless Battle Clause: Forcing endless battles is banned
|rule|HP Percentage Mod: HP is shown in percentages
|rule|Evasion Abilities Clause: Evasion abilities are banned
|rule|Sleep Moves Clause: Sleep-inducing moves are banned
|rule|Swagger Clause: Swagger is banned
|rule|Baton Pass Stat Clause: No Baton Passer may have a way to boost its stats
|clearpoke
|poke|p1|Kyurem-Black|item
|poke|p1|Starmie|item
|poke|p1|Mew|item
|poke|p1|Jirachi|item
|poke|p1|Heatran, M|item
|poke|p1|Latios, M|item
|poke|p2|Mamoswine, M|item
|poke|p2|Lucario, F|item
|poke|p2|Gyarados, F|item
|poke|p2|Haxorus, M|item
|poke|p2|Mew|item
|poke|p2|Uxie|item
|teampreview
|inactive|Battle timer is ON: inactive players will automatically lose when time's up. (requested by gamerno1)
|
|t:|1706871168
|start
|switch|p1a: Cloudbusting|Kyurem-Black, shiny|100/100
|switch|p2a: Mew|Mew|100/100
|-ability|p1a: Cloudbusting|Teravolt
|turn|1
|
|t:|1706871184
|move|p2a: Mew|Reflect|p2a: Mew
|-sidestart|p2: gamerno1|Reflect
|move|p1a: Cloudbusting|Substitute|p1a: Cloudbusting
|-start|p1a: Cloudbusting|Substitute
|-damage|p1a: Cloudbusting|75/100
|
|-heal|p1a: Cloudbusting|82/100|[from] item: Leftovers
|upkeep
|turn|2
|
|t:|1706871187
|move|p2a: Mew|Taunt|p1a: Cloudbusting
|-start|p1a: Cloudbusting|move: Taunt
|move|p1a: Cloudbusting|Ice Beam|p2a: Mew
|-damage|p2a: Mew|58/100
|
|-heal|p1a: Cloudbusting|88/100|[from] item: Leftovers
|upkeep
|turn|3
|
|t:|1706871190
|move|p2a: Mew|Light Screen|p2a: Mew
|-sidestart|p2: gamerno1|move: Light Screen
|move|p1a: Cloudbusting|Ice Beam|p2a: Mew
|-damage|p2a: Mew|38/100
|
|-heal|p1a: Cloudbusting|94/100|[from] item: Leftovers
|upkeep
|turn|4
|
|t:|1706871193
|move|p2a: Mew|Stealth Rock|p1a: Cloudbusting
|-sidestart|p1: Clawdia Chauchat|move: Stealth Rock
|move|p1a: Cloudbusting|Ice Beam|p2a: Mew
|-damage|p2a: Mew|19/100
|
|-heal|p1a: Cloudbusting|99/100|[from] item: Leftovers
|-end|p1a: Cloudbusting|move: Taunt
|upkeep
|turn|5
|
|t:|1706871197
|move|p2a: Mew|Taunt|p1a: Cloudbusting
|-start|p1a: Cloudbusting|move: Taunt
|move|p1a: Cloudbusting|Ice Beam|p2a: Mew
|-damage|p2a: Mew|0 fnt
|faint|p2a: Mew
|
|-heal|p1a: Cloudbusting|100/100|[from] item: Leftovers
|upkeep
|
|t:|1706871215
|switch|p2a: Mamoswine|Mamoswine, M|100/100
|turn|6
|
|t:|1706871220
|move|p1a: Cloudbusting|Ice Beam|p2a: Mamoswine
|-damage|p2a: Mamoswine|69/100
|move|p2a: Mamoswine|Earthquake|p1a: Cloudbusting
|-end|p1a: Cloudbusting|Substitute
|-damage|p2a: Mamoswine|60/100|[from] item: Life Orb
|
|upkeep
|turn|7
|
|t:|1706871234
|move|p1a: Cloudbusting|Ice Beam|p2a: Mamoswine
|-damage|p2a: Mamoswine|29/100
|move|p2a: Mamoswine|Icicle Crash|p1a: Cloudbusting
|-damage|p1a: Cloudbusting|44/100
|-damage|p2a: Mamoswine|19/100|[from] item: Life Orb
|
|-heal|p1a: Cloudbusting|50/100|[from] item: Leftovers
|-end|p1a: Cloudbusting|move: Taunt
|upkeep
|turn|8
|
|t:|1706871240
|move|p1a: Cloudbusting|Ice Beam|p2a: Mamoswine
|-damage|p2a: Mamoswine|0 fnt
|faint|p2a: Mamoswine
|
|-heal|p1a: Cloudbusting|57/100|[from] item: Leftovers
|-sideend|p2: gamerno1|Reflect
|upkeep
|
|t:|1706871253
|switch|p2a: Lucario|Lucario, F|100/100
|turn|9
|
|t:|1706871259
|move|p1a: Cloudbusting|Earth Power|p2a: Lucario
|-supereffective|p2a: Lucario
|-damage|p2a: Lucario|50/100
|move|p2a: Lucario|Close Combat|p1a: Cloudbusting
|-supereffective|p1a: Cloudbusting
|-damage|p1a: Cloudbusting|0 fnt
|-unboost|p2a: Lucario|def|1
|-unboost|p2a: Lucario|spd|1
|faint|p1a: Cloudbusting
|-damage|p2a: Lucario|40/100|[from] item: Life Orb
|
|upkeep
|
|t:|1706871273
|switch|p1a: Xiu Xiu|Starmie|100/100
|-damage|p1a: Xiu Xiu|88/100|[from] Stealth Rock
|turn|10
|
|t:|1706871289
|switch|p2a: Uxie|Uxie|100/100
|move|p1a: Xiu Xiu|Rapid Spin|p2a: Uxie
|-damage|p2a: Uxie|99/100
|-sideend|p1: Clawdia Chauchat|Stealth Rock|[from] move: Rapid Spin|[of] p1a: Xiu Xiu
|
|-heal|p1a: Xiu Xiu|94/100|[from] item: Leftovers
|-sideend|p2: gamerno1|move: Light Screen
|upkeep
|turn|11
|
|t:|1706871313
|move|p1a: Xiu Xiu|Thunder|p2a: Uxie
|-damage|p2a: Uxie|73/100
|-status|p2a: Uxie|par
|move|p2a: Uxie|Light Screen|p2a: Uxie
|-sidestart|p2: gamerno1|move: Light Screen
|
|-heal|p1a: Xiu Xiu|100/100|[from] item: Leftovers
|upkeep
|turn|12
|
|t:|1706871323
|switch|p1a: Concorde I Miss U|Jirachi|100/100
|move|p2a: Uxie|Reflect|p2a: Uxie
|-sidestart|p2: gamerno1|Reflect
|
|upkeep
|turn|13
|
|t:|1706871340
|move|p1a: Concorde I Miss U|U-turn|p2a: Uxie
|-supereffective|p2a: Uxie
|-damage|p2a: Uxie|64/100 par
|
|t:|1706871344
|switch|p1a: Simulation Swarm|Heatran, M, shiny|100/100|[from] U-turn
|move|p2a: Uxie|Thunder Wave|p1a: Simulation Swarm
|-status|p1a: Simulation Swarm|par
|
|upkeep
|turn|14
|
|t:|1706871348
|move|p1a: Simulation Swarm|Stealth Rock|p2a: Uxie
|-sidestart|p2: gamerno1|move: Stealth Rock
|cant|p2a: Uxie|par
|
|upkeep
|turn|15
|
|t:|1706871357
|switch|p1a: Concorde I Miss U|Jirachi|100/100
|cant|p2a: Uxie|par
|
|upkeep
|turn|16
|
|t:|1706871361
|move|p1a: Concorde I Miss U|Iron Head|p2a: Uxie
|-damage|p2a: Uxie|57/100 par
|cant|p2a: Uxie|flinch
|
|upkeep
|turn|17
|
|t:|1706871366
|move|p1a: Concorde I Miss U|Iron Head|p2a: Uxie
|-damage|p2a: Uxie|49/100 par
|cant|p2a: Uxie|flinch
|
|upkeep
|turn|18
|
|t:|1706871369
|move|p1a: Concorde I Miss U|Iron Head|p2a: Uxie
|-damage|p2a: Uxie|40/100 par
|cant|p2a: Uxie|flinch
|
|-sideend|p2: gamerno1|move: Light Screen
|upkeep
|turn|19
|
|t:|1706871377
|move|p1a: Concorde I Miss U|Iron Head|p2a: Uxie
|-damage|p2a: Uxie|32/100 par
|cant|p2a: Uxie|par
|
|-sideend|p2: gamerno1|Reflect
|upkeep
|turn|20
|
|t:|1706871382
|move|p1a: Concorde I Miss U|Iron Head|p2a: Uxie
|-damage|p2a: Uxie|15/100 par
|cant|p2a: Uxie|flinch
|
|upkeep
|turn|21
|c|☆gamerno1|7 moves in a row sigh
|
|t:|1706871412
|move|p1a: Concorde I Miss U|U-turn|p2a: Uxie
|-supereffective|p2a: Uxie
|-damage|p2a: Uxie|0 fnt
|faint|p2a: Uxie
|inactive|Clawdia Chauchat has 120 seconds left.
|c|☆gamerno1|2 of those were 75% each on their own too
|
|t:|1706871451
|switch|p1a: DIE FOR MY BITCH|Latios, M|100/100|[from] U-turn
|
|upkeep
|
|t:|1706871466
|switch|p2a: Gyarados|Gyarados, F|100/100
|-damage|p2a: Gyarados|76/100|[from] Stealth Rock
|turn|22
|
|t:|1706871470
|move|p1a: DIE FOR MY BITCH|Trick|p2a: Gyarados
|-activate|p1a: DIE FOR MY BITCH|move: Trick|[of] p2a: Gyarados
|-item|p2a: Gyarados|Choice Scarf|[from] move: Trick
|-item|p1a: DIE FOR MY BITCH|Leftovers|[from] move: Trick
|move|p2a: Gyarados|Dragon Dance|p2a: Gyarados
|-boost|p2a: Gyarados|atk|1
|-boost|p2a: Gyarados|spe|1
|
|upkeep
|turn|23
|
|t:|1706871489
|move|p2a: Gyarados|Dragon Dance|p2a: Gyarados
|-boost|p2a: Gyarados|atk|1
|-boost|p2a: Gyarados|spe|1
|move|p1a: DIE FOR MY BITCH|Surf|p2a: Gyarados
|-resisted|p2a: Gyarados
|-damage|p2a: Gyarados|59/100
|
|upkeep
|turn|24
|
|t:|1706871493
|move|p2a: Gyarados|Dragon Dance|p2a: Gyarados
|-boost|p2a: Gyarados|atk|1
|-boost|p2a: Gyarados|spe|1
|move|p1a: DIE FOR MY BITCH|Surf|p2a: Gyarados
|-resisted|p2a: Gyarados
|-damage|p2a: Gyarados|43/100
|
|upkeep
|turn|25
|
|t:|1706871495
|move|p2a: Gyarados|Dragon Dance|p2a: Gyarados
|-boost|p2a: Gyarados|atk|1
|-boost|p2a: Gyarados|spe|1
|move|p1a: DIE FOR MY BITCH|Surf|p2a: Gyarados
|-resisted|p2a: Gyarados
|-damage|p2a: Gyarados|28/100
|
|upkeep
|turn|26
|
|t:|1706871496
|move|p2a: Gyarados|Dragon Dance|p2a: Gyarados
|-boost|p2a: Gyarados|atk|1
|-boost|p2a: Gyarados|spe|1
|move|p1a: DIE FOR MY BITCH|Surf|p2a: Gyarados
|-resisted|p2a: Gyarados
|-damage|p2a: Gyarados|12/100
|
|upkeep
|turn|27
|
|t:|1706871498
|move|p2a: Gyarados|Dragon Dance|p2a: Gyarados
|-boost|p2a: Gyarados|atk|1
|-boost|p2a: Gyarados|spe|1
|move|p1a: DIE FOR MY BITCH|Surf|p2a: Gyarados
|-resisted|p2a: Gyarados
|-damage|p2a: Gyarados|0 fnt
|faint|p2a: Gyarados
|
|upkeep
|
|t:|1706871500
|switch|p2a: Lucario|Lucario, F|40/100
|-damage|p2a: Lucario|38/100|[from] Stealth Rock
|turn|28
|
|t:|1706871519
|move|p2a: Lucario|Extreme Speed|p1a: DIE FOR MY BITCH
|-damage|p1a: DIE FOR MY BITCH|53/100
|-damage|p2a: Lucario|28/100|[from] item: Life Orb
|move|p1a: DIE FOR MY BITCH|Surf|p2a: Lucario
|-damage|p2a: Lucario|0 fnt
|faint|p2a: Lucario
|
|-heal|p1a: DIE FOR MY BITCH|59/100|[from] item: Leftovers
|upkeep
|
|t:|1706871522
|switch|p2a: Haxorus|Haxorus, M|100/100
|-damage|p2a: Haxorus|88/100|[from] Stealth Rock
|-ability|p2a: Haxorus|Mold Breaker
|turn|29
|
|t:|1706871527
|move|p1a: DIE FOR MY BITCH|Draco Meteor|p2a: Haxorus|[miss]
|-miss|p1a: DIE FOR MY BITCH|p2a: Haxorus
|move|p2a: Haxorus|Dragon Dance|p2a: Haxorus
|-boost|p2a: Haxorus|atk|1
|-boost|p2a: Haxorus|spe|1
|
|-heal|p1a: DIE FOR MY BITCH|65/100|[from] item: Leftovers
|upkeep
|turn|30
|inactive|Clawdia Chauchat has 120 seconds left.
|
|t:|1706871559
|move|p2a: Haxorus|Dragon Claw|p1a: DIE FOR MY BITCH
|-supereffective|p1a: DIE FOR MY BITCH
|-damage|p1a: DIE FOR MY BITCH|0 fnt
|faint|p1a: DIE FOR MY BITCH
|
|upkeep
|inactive|Clawdia Chauchat has 120 seconds left.
|
|t:|1706871575
|switch|p1a: Kafka Tamura|Mew, shiny|100/100
|turn|31
|
|t:|1706871578
|move|p2a: Haxorus|Dragon Claw|p1a: Kafka Tamura
|-damage|p1a: Kafka Tamura|45/100
|move|p1a: Kafka Tamura|Ice Beam|p2a: Haxorus
|-supereffective|p2a: Haxorus
|-damage|p2a: Haxorus|17/100
|
|-heal|p1a: Kafka Tamura|51/100|[from] item: Leftovers
|upkeep
|turn|32
|inactive|Clawdia Chauchat has 120 seconds left.
|
|t:|1706871609
|move|p2a: Haxorus|Dragon Claw|p1a: Kafka Tamura
|-damage|p1a: Kafka Tamura|0 fnt
|faint|p1a: Kafka Tamura
|
|upkeep
|
|t:|1706871611
|switch|p1a: Concorde I Miss U|Jirachi|100/100
|turn|33
|
|t:|1706871614
|move|p2a: Haxorus|Earthquake|p1a: Concorde I Miss U
|-supereffective|p1a: Concorde I Miss U
|-damage|p1a: Concorde I Miss U|0 fnt
|faint|p1a: Concorde I Miss U
|
|upkeep
|
|t:|1706871618
|switch|p1a: Xiu Xiu|Starmie|100/100
|turn|34
|
|t:|1706871621
|move|p2a: Haxorus|Dragon Claw|p1a: Xiu Xiu
|-damage|p1a: Xiu Xiu|0 fnt
|faint|p1a: Xiu Xiu
|
|upkeep
|
|t:|1706871624
|switch|p1a: Simulation Swarm|Heatran, M, shiny|100/100 par
|turn|35
|
|t:|1706871627
|move|p2a: Haxorus|Earthquake|p1a: Simulation Swarm
|-supereffective|p1a: Simulation Swarm
|-damage|p1a: Simulation Swarm|0 fnt
|faint|p1a: Simulation Swarm
|
|win|gamerno1
|raw|Clawdia Chauchat's rating: 1547 &rarr; <strong>1530</strong><br />(-17 for losing)
|raw|gamerno1's rating: 1591 &rarr; <strong>1608</strong><br />(+17 for winning)
|c|☆Clawdia Chauchat|gg
|c|☆gamerno1|gg
|l|☆Clawdia Chauchat
|player|p1|
