|j|☆harrisonharry
|j|☆fault lines
|player|p1|harrisonharry|124
|player|p2|fault lines|233
|teamsize|p1|6
|teamsize|p2|6
|gametype|singles
|gen|5
|tier|[Gen 5] OU
|rated|
|rule|Sleep Clause Mod: Limit one foe put to sleep
|rule|Species Clause: Limit one of each Pokémon
|rule|OHKO Clause: OHKO moves are banned
|rule|Moody Clause: Moody is banned
|rule|Evasion Moves Clause: Evasion moves are banned
|rule|Endless Battle Clause: Forcing endless battles is banned
|rule|HP Percentage Mod: HP is shown in percentages
|rule|Evasion Abilities Clause: Evasion abilities are banned
|rule|Baton Pass Clause: Limit one Baton Passer, can't pass Spe and other stats simultaneously
|rule|Swagger Clause: Swagger is banned
|clearpoke
|poke|p1|Tyranitar, F|item
|poke|p1|Excadrill, F|item
|poke|p1|Politoed, M|item
|poke|p1|Ferrothorn, M|item
|poke|p1|Thundurus-Therian, M|item
|poke|p1|Latios, M|item
|poke|p2|Politoed, F|item
|poke|p2|Breloom, M|item
|poke|p2|Thundurus-Therian, M|item
|poke|p2|Garchomp, F|item
|poke|p2|Scizor, F|item
|poke|p2|Starmie|item
|teampreview
|
|start
|switch|p1a: Ferrothorn|Ferrothorn, M|100/100
|switch|p2a: Breloom|Breloom, M|100/100
|turn|1
|inactive|Battle timer is ON: inactive players will automatically lose when time's up. (requested by fault lines)
|
|switch|p1a: Politoed|Politoed, M|100/100
|-weather|RainDance|[from] ability: Drizzle|[of] p1a: Politoed
|move|p2a: Breloom|Spore|p1a: Politoed
|-status|p1a: Politoed|slp
|
|-weather|RainDance|[upkeep]
|upkeep
|turn|2
|
|switch|p1a: Latios|Latios, M|100/100
|switch|p2a: Scizor|Scizor, F|100/100
|
|-weather|RainDance|[upkeep]
|upkeep
|turn|3
|
|-activate|p1a: Latios|move: Pursuit
|move|p2a: Scizor|Pursuit|p1a: Latios|[from]Pursuit
|-supereffective|p1a: Latios
|-damage|p1a: Latios|0 fnt
|faint|p1a: Latios
|
|-weather|RainDance|[upkeep]
|upkeep
|inactive|harrisonharry has 135 seconds left.
|
|switch|p1a: Thundurus|Thundurus-Therian, M|100/100
|turn|4
|
|-activate|p1a: Thundurus|move: Pursuit
|move|p2a: Scizor|Pursuit|p1a: Thundurus|[from]Pursuit
|-damage|p1a: Thundurus|31/100
|switch|p1a: Tyranitar|Tyranitar, F|100/100
|-weather|Sandstorm|[from] ability: Sand Stream|[of] p1a: Tyranitar
|
|-weather|Sandstorm|[upkeep]
|upkeep
|turn|5
|
|switch|p2a: Politoed|Politoed, F|100/100
|-weather|RainDance|[from] ability: Drizzle|[of] p2a: Politoed
|move|p1a: Tyranitar|Stealth Rock|p2a: Politoed
|-sidestart|p2: fault lines|move: Stealth Rock
|
|-weather|RainDance|[upkeep]
|upkeep
|turn|6
|
|switch|p1a: Ferrothorn|Ferrothorn, M|100/100
|move|p2a: Politoed|Perish Song|p2a: Politoed
|-start|p1a: Ferrothorn|perish3|[silent]
|-start|p2a: Politoed|perish3|[silent]
|-fieldactivate|move: Perish Song
|
|-weather|RainDance|[upkeep]
|-start|p2a: Politoed|perish3
|-start|p1a: Ferrothorn|perish3
|upkeep
|turn|7
|
|switch|p2a: Garchomp|Garchomp, F|100/100
|-damage|p2a: Garchomp|94/100|[from] Stealth Rock
|move|p1a: Ferrothorn|Spikes|p2a: Garchomp
|-sidestart|p2: fault lines|Spikes
|
|-weather|RainDance|[upkeep]
|-start|p1a: Ferrothorn|perish2
|upkeep
|turn|8
|
|switch|p1a: Thundurus|Thundurus-Therian, M|31/100
|move|p2a: Garchomp|Stealth Rock|p1a: Thundurus
|-sidestart|p1: harrisonharry|move: Stealth Rock
|
|-weather|RainDance|[upkeep]
|-heal|p1a: Thundurus|37/100|[from] item: Leftovers
|upkeep
|turn|9
|
|switch|p2a: Scizor|Scizor, F|100/100
|-damage|p2a: Scizor|88/100|[from] Stealth Rock
|-damage|p2a: Scizor|75/100|[from] Spikes
|switch|p1a: Ferrothorn|Ferrothorn, M|100/100
|-damage|p1a: Ferrothorn|94/100|[from] Stealth Rock
|
|-weather|RainDance|[upkeep]
|-heal|p1a: Ferrothorn|100/100|[from] item: Leftovers
|upkeep
|turn|10
|
|move|p2a: Scizor|Superpower|p1a: Ferrothorn
|-supereffective|p1a: Ferrothorn
|-damage|p1a: Ferrothorn|12/100
|-damage|p2a: Scizor|63/100|[from] ability: Iron Barbs|[of] p1a: Ferrothorn
|-unboost|p2a: Scizor|atk|1
|-unboost|p2a: Scizor|def|1
|move|p1a: Ferrothorn|Leech Seed|p2a: Scizor|[miss]
|-miss|p1a: Ferrothorn|p2a: Scizor
|
|-weather|RainDance|[upkeep]
|-heal|p1a: Ferrothorn|19/100|[from] item: Leftovers
|upkeep
|turn|11
|
|move|p1a: Ferrothorn|Protect|p1a: Ferrothorn
|-singleturn|p1a: Ferrothorn|Protect
|move|p2a: Scizor|Superpower|p1a: Ferrothorn
|-activate|p1a: Ferrothorn|move: Protect
|
|-weather|RainDance|[upkeep]
|-heal|p1a: Ferrothorn|25/100|[from] item: Leftovers
|upkeep
|turn|12
|
|switch|p1a: Politoed|Politoed, M|100/100 slp
|-damage|p1a: Politoed|88/100 slp|[from] Stealth Rock
|move|p2a: Scizor|Superpower|p1a: Politoed
|-damage|p1a: Politoed|29/100 slp
|-unboost|p2a: Scizor|atk|1
|-unboost|p2a: Scizor|def|1
|
|-weather|RainDance|[upkeep]
|upkeep
|turn|13
|
|cant|p1a: Politoed|slp
|move|p2a: Scizor|Superpower|p1a: Politoed
|-damage|p1a: Politoed|0 fnt
|-unboost|p2a: Scizor|atk|1
|-unboost|p2a: Scizor|def|1
|faint|p1a: Politoed
|
|-weather|RainDance|[upkeep]
|upkeep
|
|switch|p1a: Excadrill|Excadrill, F|100/100
|-damage|p1a: Excadrill|98/100|[from] Stealth Rock
|-ability|p1a: Excadrill|Mold Breaker
|turn|14
|inactive|fault lines has 135 seconds left.
|
|move|p1a: Excadrill|Toxic|p2a: Scizor
|-immune|p2a: Scizor|[msg]
|move|p2a: Scizor|Superpower|p1a: Excadrill
|-supereffective|p1a: Excadrill
|-damage|p1a: Excadrill|25/100
|-unboost|p2a: Scizor|atk|1
|-unboost|p2a: Scizor|def|1
|
|-weather|RainDance|[upkeep]
|-heal|p1a: Excadrill|31/100|[from] item: Leftovers
|upkeep
|turn|15
|
|switch|p2a: Thundurus|Thundurus-Therian, M|100/100
|-damage|p2a: Thundurus|76/100|[from] Stealth Rock
|move|p1a: Excadrill|Earthquake|p2a: Thundurus
|-immune|p2a: Thundurus|[msg]
|
|-weather|RainDance|[upkeep]
|-heal|p1a: Excadrill|37/100|[from] item: Leftovers
|-heal|p2a: Thundurus|82/100|[from] item: Leftovers
|upkeep
|turn|16
|-message|harrisonharry forfeited.
|
|win|fault lines
|l|☆harrisonharry
|raw|harrisonharry's rating: 1415 &rarr; <strong>1389</strong><br />(-26 for losing)
|raw|fault lines's rating: 1317 &rarr; <strong>1343</strong><br />(+26 for winning)
