|j|☆Astiva Health
|j|☆keksauce
|t:|1710645077
|gametype|singles
|player|p1|Astiva Health|clerk|1318
|player|p2|keksauce|2|1434
|teamsize|p1|6
|teamsize|p2|6
|gen|5
|tier|[Gen 5] OU
|rated|
|rule|Species Clause: Limit one of each Pokémon
|rule|OHKO Clause: OHKO moves are banned
|rule|Moody Clause: Moody is banned
|rule|Evasion Items Clause: Evasion items are banned
|rule|Evasion Moves Clause: Evasion moves are banned
|rule|Endless Battle Clause: Forcing endless battles is banned
|rule|HP Percentage Mod: HP is shown in percentages
|rule|Evasion Abilities Clause: Evasion abilities are banned
|rule|Sleep Moves Clause: Sleep-inducing moves are banned
|rule|Swagger Clause: Swagger is banned
|rule|Baton Pass Stat Clause: No Baton Passer may have a way to boost its stats
|clearpoke
|poke|p1|Politoed, M|item
|poke|p1|Tentacruel, M|item
|poke|p1|Ferrothorn, M|item
|poke|p1|Keldeo-Resolute|item
|poke|p1|Thundurus-Therian, M|item
|poke|p1|Latios, M|item
|poke|p2|Thundurus-Therian, M|item
|poke|p2|Latios, M|item
|poke|p2|Tentacruel, M|item
|poke|p2|Politoed, F|item
|poke|p2|Ferrothorn, F|item
|poke|p2|Dragonite, M|item
|teampreview
|inactive|Battle timer is ON: inactive players will automatically lose when time's up. (requested by keksauce)
|inactive|Astiva Health also wants the timer to be on.
|
|t:|1710645103
|start
|switch|p1a: Keroppi|Politoed, M, shiny|100/100
|switch|p2a: Thundurus|Thundurus-Therian, M|100/100
|-weather|RainDance|[from] ability: Drizzle|[of] p1a: Keroppi
|turn|1
|
|t:|1710645109
|switch|p1a: Zeus|Thundurus-Therian, M, shiny|100/100
|move|p2a: Thundurus|Thunder|p1a: Zeus
|-immune|p1a: Zeus|[from] ability: Volt Absorb
|
|-weather|RainDance|[upkeep]
|upkeep
|turn|2
|
|t:|1710645119
|switch|p2a: Ferrothorn|Ferrothorn, F|100/100
|move|p1a: Zeus|Substitute|p1a: Zeus
|-start|p1a: Zeus|Substitute
|-damage|p1a: Zeus|76/100
|
|-weather|RainDance|[upkeep]
|-heal|p1a: Zeus|82/100|[from] item: Leftovers
|upkeep
|turn|3
|
|t:|1710645125
|move|p1a: Zeus|Focus Blast|p2a: Ferrothorn|[miss]
|-miss|p1a: Zeus|p2a: Ferrothorn
|move|p2a: Ferrothorn|Knock Off|p1a: Zeus
|-activate|p1a: Zeus|Substitute|[damage]
|
|-weather|RainDance|[upkeep]
|-heal|p1a: Zeus|88/100|[from] item: Leftovers
|upkeep
|turn|4
|
|t:|1710645134
|switch|p2a: Thundurus|Thundurus-Therian, M|100/100
|move|p1a: Zeus|Focus Blast|p2a: Thundurus
|-resisted|p2a: Thundurus
|-damage|p2a: Thundurus|70/100
|
|-weather|RainDance|[upkeep]
|-heal|p1a: Zeus|94/100|[from] item: Leftovers
|upkeep
|turn|5
|
|t:|1710645141
|move|p2a: Thundurus|Hidden Power|p1a: Zeus
|-supereffective|p1a: Zeus
|-end|p1a: Zeus|Substitute
|move|p1a: Zeus|Hidden Power|p2a: Thundurus
|-supereffective|p2a: Thundurus
|-damage|p2a: Thundurus|0 fnt
|faint|p2a: Thundurus
|
|-weather|RainDance|[upkeep]
|-heal|p1a: Zeus|99/100|[from] item: Leftovers
|upkeep
|
|t:|1710645153
|switch|p2a: Latios|Latios, M|100/100
|turn|6
|
|t:|1710645157
|switch|p1a: Ferrothorn|Ferrothorn, M, shiny|100/100
|move|p2a: Latios|Draco Meteor|p1a: Ferrothorn
|-resisted|p1a: Ferrothorn
|-damage|p1a: Ferrothorn|77/100
|-unboost|p2a: Latios|spa|2
|
|-weather|RainDance|[upkeep]
|-heal|p1a: Ferrothorn|83/100|[from] item: Leftovers
|upkeep
|turn|7
|
|t:|1710645160
|switch|p2a: Ferrothorn|Ferrothorn, F|100/100
|move|p1a: Ferrothorn|Stealth Rock|p2a: Ferrothorn
|-sidestart|p2: keksauce|move: Stealth Rock
|
|-weather|RainDance|[upkeep]
|-heal|p1a: Ferrothorn|89/100|[from] item: Leftovers
|upkeep
|turn|8
|
|t:|1710645172
|switch|p1a: Zeus|Thundurus-Therian, M, shiny|99/100
|move|p2a: Ferrothorn|Knock Off|p1a: Zeus
|-damage|p1a: Zeus|95/100
|-enditem|p1a: Zeus|Leftovers|[from] move: Knock Off|[of] p2a: Ferrothorn
|
|-weather|RainDance|[upkeep]
|upkeep
|turn|9
|
|t:|1710645177
|switch|p2a: Latios|Latios, M|100/100
|-damage|p2a: Latios|88/100|[from] Stealth Rock
|move|p1a: Zeus|Focus Blast|p2a: Latios
|-resisted|p2a: Latios
|-damage|p2a: Latios|66/100
|
|-weather|RainDance|[upkeep]
|upkeep
|turn|10
|
|t:|1710645184
|switch|p1a: Ferrothorn|Ferrothorn, M, shiny|89/100
|move|p2a: Latios|Draco Meteor|p1a: Ferrothorn
|-resisted|p1a: Ferrothorn
|-damage|p1a: Ferrothorn|68/100
|-unboost|p2a: Latios|spa|2
|
|-weather|RainDance|[upkeep]
|-heal|p1a: Ferrothorn|74/100|[from] item: Leftovers
|upkeep
|turn|11
|
|t:|1710645190
|switch|p2a: Ferrothorn|Ferrothorn, F|100/100
|-damage|p2a: Ferrothorn|94/100|[from] Stealth Rock
|switch|p1a: Rainbow Dash|Keldeo-Resolute|100/100
|
|-weather|RainDance|[upkeep]
|-heal|p2a: Ferrothorn|100/100|[from] item: Leftovers
|upkeep
|turn|12
|
|t:|1710645196
|move|p1a: Rainbow Dash|Secret Sword|p2a: Ferrothorn
|-supereffective|p2a: Ferrothorn
|-damage|p2a: Ferrothorn|35/100
|move|p2a: Ferrothorn|Stealth Rock|p1a: Rainbow Dash
|-sidestart|p1: Astiva Health|move: Stealth Rock
|
|-weather|RainDance|[upkeep]
|-heal|p2a: Ferrothorn|41/100|[from] item: Leftovers
|upkeep
|turn|13
|
|t:|1710645200
|switch|p2a: Tentacruel|Tentacruel, M|100/100
|-damage|p2a: Tentacruel|88/100|[from] Stealth Rock
|move|p1a: Rainbow Dash|Secret Sword|p2a: Tentacruel
|-resisted|p2a: Tentacruel
|-damage|p2a: Tentacruel|62/100
|
|-weather|RainDance|[upkeep]
|-heal|p2a: Tentacruel|68/100|[from] ability: Rain Dish
|-heal|p2a: Tentacruel|74/100|[from] item: Black Sludge
|upkeep
|turn|14
|
|t:|1710645207
|switch|p1a: Squidward|Tentacruel, M, shiny|100/100
|-damage|p1a: Squidward|88/100|[from] Stealth Rock
|move|p2a: Tentacruel|Rapid Spin|p1a: Squidward
|-damage|p1a: Squidward|85/100
|-sideend|p2: keksauce|Stealth Rock|[from] move: Rapid Spin|[of] p2a: Tentacruel
|
|-weather|RainDance|[upkeep]
|-heal|p1a: Squidward|91/100|[from] ability: Rain Dish
|-heal|p2a: Tentacruel|80/100|[from] ability: Rain Dish
|-heal|p1a: Squidward|97/100|[from] item: Black Sludge
|-heal|p2a: Tentacruel|86/100|[from] item: Black Sludge
|upkeep
|turn|15
|
|t:|1710645212
|move|p2a: Tentacruel|Protect|p2a: Tentacruel
|-singleturn|p2a: Tentacruel|Protect
|move|p1a: Squidward|Rapid Spin|p2a: Tentacruel
|-activate|p2a: Tentacruel|move: Protect
|
|-weather|RainDance|[upkeep]
|-heal|p1a: Squidward|100/100|[from] ability: Rain Dish
|-heal|p2a: Tentacruel|92/100|[from] ability: Rain Dish
|-heal|p2a: Tentacruel|98/100|[from] item: Black Sludge
|upkeep
|turn|16
|
|t:|1710645219
|move|p1a: Squidward|Rapid Spin|p2a: Tentacruel
|-damage|p2a: Tentacruel|95/100
|-sideend|p1: Astiva Health|Stealth Rock|[from] move: Rapid Spin|[of] p1a: Squidward
|move|p2a: Tentacruel|Scald|p1a: Squidward
|-resisted|p1a: Squidward
|-damage|p1a: Squidward|87/100
|
|-weather|RainDance|[upkeep]
|-heal|p1a: Squidward|93/100|[from] ability: Rain Dish
|-heal|p2a: Tentacruel|100/100|[from] ability: Rain Dish
|-heal|p1a: Squidward|99/100|[from] item: Black Sludge
|upkeep
|turn|17
|raw|<div class="broadcast-red"><b>The server is restarting soon.</b><br />Please finish your battles quickly. No new battles can be started until the server resets in a few minutes.</div>
|inactive|staff also wants the timer to be on.
|raw|<div class="broadcast-red"><b>Moderated chat was set to +!</b><br />Only users of rank + and higher can talk.</div>
|
|t:|1710645227
|switch|p2a: Politoed|Politoed, F|100/100
|move|p1a: Squidward|Scald|p2a: Politoed
|-resisted|p2a: Politoed
|-crit|p2a: Politoed
|-damage|p2a: Politoed|75/100
|
|-weather|RainDance|[upkeep]
|-heal|p1a: Squidward|100/100|[from] ability: Rain Dish
|-heal|p2a: Politoed|81/100|[from] item: Leftovers
|upkeep
|turn|18
|
|t:|1710645233
|move|p1a: Squidward|Toxic|p2a: Politoed
|-status|p2a: Politoed|tox
|move|p2a: Politoed|Scald|p1a: Squidward
|-resisted|p1a: Squidward
|-damage|p1a: Squidward|85/100
|
|-weather|RainDance|[upkeep]
|-heal|p1a: Squidward|91/100|[from] ability: Rain Dish
|-heal|p1a: Squidward|97/100|[from] item: Black Sludge
|-heal|p2a: Politoed|87/100 tox|[from] item: Leftovers
|-damage|p2a: Politoed|81/100 tox|[from] psn
|upkeep
|turn|19
|
|t:|1710645237
|move|p1a: Squidward|Protect|p1a: Squidward
|-singleturn|p1a: Squidward|Protect
|move|p2a: Politoed|Scald|p1a: Squidward
|-activate|p1a: Squidward|move: Protect
|
|-weather|RainDance|[upkeep]
|-heal|p1a: Squidward|100/100|[from] ability: Rain Dish
|-heal|p2a: Politoed|87/100 tox|[from] item: Leftovers
|-damage|p2a: Politoed|75/100 tox|[from] psn
|upkeep
|turn|20
|
|t:|1710645244
|move|p1a: Squidward|Scald|p2a: Politoed
|-resisted|p2a: Politoed
|-damage|p2a: Politoed|62/100 tox
|move|p2a: Politoed|Refresh|p2a: Politoed
|-curestatus|p2a: Politoed|tox|[msg]
|
|-weather|RainDance|[upkeep]
|-heal|p2a: Politoed|68/100|[from] item: Leftovers
|upkeep
|turn|21
|
|t:|1710645247
|move|p1a: Squidward|Toxic|p2a: Politoed
|-status|p2a: Politoed|tox
|move|p2a: Politoed|Scald|p1a: Squidward
|-resisted|p1a: Squidward
|-damage|p1a: Squidward|84/100
|
|-weather|RainDance|[upkeep]
|-heal|p1a: Squidward|90/100|[from] ability: Rain Dish
|-heal|p1a: Squidward|96/100|[from] item: Black Sludge
|-heal|p2a: Politoed|74/100 tox|[from] item: Leftovers
|-damage|p2a: Politoed|68/100 tox|[from] psn
|upkeep
|turn|22
|
|t:|1710645254
|switch|p1a: Zeus|Thundurus-Therian, M, shiny|95/100
|move|p2a: Politoed|Refresh|p2a: Politoed
|-curestatus|p2a: Politoed|tox|[msg]
|
|-weather|RainDance|[upkeep]
|-heal|p2a: Politoed|74/100|[from] item: Leftovers
|upkeep
|turn|23
|
|t:|1710645260
|move|p1a: Zeus|Substitute|p1a: Zeus
|-start|p1a: Zeus|Substitute
|-damage|p1a: Zeus|70/100
|move|p2a: Politoed|Scald|p1a: Zeus
|-crit|p1a: Zeus
|-end|p1a: Zeus|Substitute
|
|-weather|RainDance|[upkeep]
|-heal|p2a: Politoed|80/100|[from] item: Leftovers
|upkeep
|turn|24
|
|t:|1710645267
|move|p1a: Zeus|Substitute|p1a: Zeus
|-start|p1a: Zeus|Substitute
|-damage|p1a: Zeus|45/100
|move|p2a: Politoed|Scald|p1a: Zeus
|-end|p1a: Zeus|Substitute
|
|-weather|RainDance|[upkeep]
|-heal|p2a: Politoed|86/100|[from] item: Leftovers
|upkeep
|turn|25
|
|t:|1710645272
|move|p1a: Zeus|Thunder|p2a: Politoed
|-supereffective|p2a: Politoed
|-damage|p2a: Politoed|0 fnt
|faint|p2a: Politoed
|
|-weather|RainDance|[upkeep]
|upkeep
|
|t:|1710645278
|switch|p2a: Tentacruel|Tentacruel, M|100/100
|turn|26
|
|t:|1710645288
|switch|p1a: Latios|Latios, M, shiny|100/100
|move|p2a: Tentacruel|Scald|p1a: Latios
|-resisted|p1a: Latios
|-damage|p1a: Latios|84/100
|-status|p1a: Latios|brn
|
|-weather|RainDance|[upkeep]
|-damage|p1a: Latios|72/100 brn|[from] brn
|upkeep
|turn|27
|
|t:|1710645296
|switch|p1a: Rainbow Dash|Keldeo-Resolute|100/100
|move|p2a: Tentacruel|Protect||[still]
|-fail|p2a: Tentacruel
|
|-weather|RainDance|[upkeep]
|upkeep
|turn|28
|
|t:|1710645308
|switch|p1a: Squidward|Tentacruel, M, shiny|96/100
|move|p2a: Tentacruel|Toxic|p1a: Squidward
|-immune|p1a: Squidward
|
|-weather|RainDance|[upkeep]
|-heal|p1a: Squidward|100/100|[from] ability: Rain Dish
|upkeep
|turn|29
|
|t:|1710645318
|move|p1a: Squidward|Scald|p2a: Tentacruel
|-resisted|p2a: Tentacruel
|-damage|p2a: Tentacruel|85/100
|move|p2a: Tentacruel|Scald|p1a: Squidward
|-resisted|p1a: Squidward
|-damage|p1a: Squidward|86/100
|-status|p1a: Squidward|brn
|
|-weather|RainDance|[upkeep]
|-heal|p1a: Squidward|92/100 brn|[from] ability: Rain Dish
|-heal|p2a: Tentacruel|90/100|[from] ability: Rain Dish
|-heal|p1a: Squidward|98/100 brn|[from] item: Black Sludge
|-heal|p2a: Tentacruel|96/100|[from] item: Black Sludge
|-damage|p1a: Squidward|85/100 brn|[from] brn
|upkeep
|turn|30
|
|t:|1710645322
|move|p2a: Tentacruel|Protect|p2a: Tentacruel
|-singleturn|p2a: Tentacruel|Protect
|move|p1a: Squidward|Scald|p2a: Tentacruel
|-activate|p2a: Tentacruel|move: Protect
|
|-weather|RainDance|[upkeep]
|-heal|p1a: Squidward|91/100 brn|[from] ability: Rain Dish
|-heal|p2a: Tentacruel|100/100|[from] ability: Rain Dish
|-heal|p1a: Squidward|97/100 brn|[from] item: Black Sludge
|-damage|p1a: Squidward|85/100 brn|[from] brn
|upkeep
|turn|31
|
|t:|1710645327
|switch|p2a: Ferrothorn|Ferrothorn, F|41/100
|move|p1a: Squidward|Scald|p2a: Ferrothorn
|-resisted|p2a: Ferrothorn
|-damage|p2a: Ferrothorn|29/100
|-status|p2a: Ferrothorn|brn
|
|-weather|RainDance|[upkeep]
|-heal|p1a: Squidward|91/100 brn|[from] ability: Rain Dish
|-heal|p1a: Squidward|97/100 brn|[from] item: Black Sludge
|-heal|p2a: Ferrothorn|35/100 brn|[from] item: Leftovers
|-damage|p1a: Squidward|85/100 brn|[from] brn
|-damage|p2a: Ferrothorn|23/100 brn|[from] brn
|upkeep
|turn|32
|
|t:|1710645334
|move|p1a: Squidward|Scald|p2a: Ferrothorn
|-resisted|p2a: Ferrothorn
|-damage|p2a: Ferrothorn|12/100 brn
|move|p2a: Ferrothorn|Stealth Rock|p1a: Squidward
|-sidestart|p1: Astiva Health|move: Stealth Rock
|
|-weather|RainDance|[upkeep]
|-heal|p1a: Squidward|91/100 brn|[from] ability: Rain Dish
|-heal|p1a: Squidward|97/100 brn|[from] item: Black Sludge
|-heal|p2a: Ferrothorn|18/100 brn|[from] item: Leftovers
|-damage|p1a: Squidward|85/100 brn|[from] brn
|-damage|p2a: Ferrothorn|5/100 brn|[from] brn
|upkeep
|turn|33
|
|t:|1710645342
|move|p1a: Squidward|Rapid Spin|p2a: Ferrothorn
|-resisted|p2a: Ferrothorn
|-crit|p2a: Ferrothorn
|-damage|p2a: Ferrothorn|4/100 brn
|-damage|p1a: Squidward|72/100 brn|[from] ability: Iron Barbs|[of] p2a: Ferrothorn
|-sideend|p1: Astiva Health|Stealth Rock|[from] move: Rapid Spin|[of] p1a: Squidward
|move|p2a: Ferrothorn|Stealth Rock|p1a: Squidward
|-sidestart|p1: Astiva Health|move: Stealth Rock
|
|-weather|RainDance|[upkeep]
|-heal|p1a: Squidward|78/100 brn|[from] ability: Rain Dish
|-heal|p1a: Squidward|84/100 brn|[from] item: Black Sludge
|-heal|p2a: Ferrothorn|11/100 brn|[from] item: Leftovers
|-damage|p1a: Squidward|72/100 brn|[from] brn
|-damage|p2a: Ferrothorn|0 fnt|[from] brn
|faint|p2a: Ferrothorn
|upkeep
|
|t:|1710645347
|switch|p2a: Latios|Latios, M|66/100
|turn|34
|
|t:|1710645357
|move|p1a: Squidward|Protect|p1a: Squidward
|-singleturn|p1a: Squidward|Protect
|move|p2a: Latios|Draco Meteor|p1a: Squidward
|-activate|p1a: Squidward|move: Protect
|
|-weather|RainDance|[upkeep]
|-heal|p1a: Squidward|78/100 brn|[from] ability: Rain Dish
|-heal|p1a: Squidward|84/100 brn|[from] item: Black Sludge
|-damage|p1a: Squidward|72/100 brn|[from] brn
|upkeep
|turn|35
|
|t:|1710645361
|switch|p1a: Ferrothorn|Ferrothorn, M, shiny|74/100
|-damage|p1a: Ferrothorn|68/100|[from] Stealth Rock
|move|p2a: Latios|Draco Meteor|p1a: Ferrothorn
|-resisted|p1a: Ferrothorn
|-damage|p1a: Ferrothorn|45/100
|-unboost|p2a: Latios|spa|2
|
|-weather|RainDance|[upkeep]
|-heal|p1a: Ferrothorn|52/100|[from] item: Leftovers
|upkeep
|turn|36
|
|t:|1710645364
|switch|p2a: Tentacruel|Tentacruel, M|100/100
|move|p1a: Ferrothorn|Stealth Rock|p2a: Tentacruel
|-sidestart|p2: keksauce|move: Stealth Rock
|
|-weather|RainDance|[upkeep]
|-heal|p1a: Ferrothorn|58/100|[from] item: Leftovers
|upkeep
|turn|37
|
|t:|1710645367
|switch|p1a: Squidward|Tentacruel, M, shiny|72/100 brn
|-damage|p1a: Squidward|59/100 brn|[from] Stealth Rock
|move|p2a: Tentacruel|Scald|p1a: Squidward
|-resisted|p1a: Squidward
|-damage|p1a: Squidward|45/100 brn
|
|-weather|RainDance|[upkeep]
|-heal|p1a: Squidward|51/100 brn|[from] ability: Rain Dish
|-heal|p1a: Squidward|57/100 brn|[from] item: Black Sludge
|-damage|p1a: Squidward|45/100 brn|[from] brn
|upkeep
|turn|38
|
|t:|1710645371
|move|p2a: Tentacruel|Protect|p2a: Tentacruel
|-singleturn|p2a: Tentacruel|Protect
|move|p1a: Squidward|Rapid Spin|p2a: Tentacruel
|-activate|p2a: Tentacruel|move: Protect
|
|-weather|RainDance|[upkeep]
|-heal|p1a: Squidward|51/100 brn|[from] ability: Rain Dish
|-heal|p1a: Squidward|57/100 brn|[from] item: Black Sludge
|-damage|p1a: Squidward|45/100 brn|[from] brn
|upkeep
|turn|39
|
|t:|1710645377
|move|p1a: Squidward|Rapid Spin|p2a: Tentacruel
|-damage|p2a: Tentacruel|99/100
|-sideend|p1: Astiva Health|Stealth Rock|[from] move: Rapid Spin|[of] p1a: Squidward
|move|p2a: Tentacruel|Rapid Spin|p1a: Squidward
|-damage|p1a: Squidward|41/100 brn
|-sideend|p2: keksauce|Stealth Rock|[from] move: Rapid Spin|[of] p2a: Tentacruel
|
|-weather|RainDance|[upkeep]
|-heal|p1a: Squidward|47/100 brn|[from] ability: Rain Dish
|-heal|p2a: Tentacruel|100/100|[from] ability: Rain Dish
|-heal|p1a: Squidward|53/100 brn|[from] item: Black Sludge
|-damage|p1a: Squidward|41/100 brn|[from] brn
|upkeep
|turn|40
|
|t:|1710645388
|move|p2a: Tentacruel|Protect|p2a: Tentacruel
|-singleturn|p2a: Tentacruel|Protect
|move|p1a: Squidward|Scald|p2a: Tentacruel
|-activate|p2a: Tentacruel|move: Protect
|
|-weather|RainDance|[upkeep]
|-heal|p1a: Squidward|47/100 brn|[from] ability: Rain Dish
|-heal|p1a: Squidward|53/100 brn|[from] item: Black Sludge
|-damage|p1a: Squidward|41/100 brn|[from] brn
|upkeep
|turn|41
|
|t:|1710645394
|move|p1a: Squidward|Scald|p2a: Tentacruel
|-resisted|p2a: Tentacruel
|-damage|p2a: Tentacruel|86/100
|-status|p2a: Tentacruel|brn
|move|p2a: Tentacruel|Scald|p1a: Squidward
|-resisted|p1a: Squidward
|-damage|p1a: Squidward|27/100 brn
|
|-weather|RainDance|[upkeep]
|-heal|p1a: Squidward|34/100 brn|[from] ability: Rain Dish
|-heal|p2a: Tentacruel|92/100 brn|[from] ability: Rain Dish
|-heal|p1a: Squidward|40/100 brn|[from] item: Black Sludge
|-heal|p2a: Tentacruel|98/100 brn|[from] item: Black Sludge
|-damage|p1a: Squidward|27/100 brn|[from] brn
|-damage|p2a: Tentacruel|85/100 brn|[from] brn
|upkeep
|turn|42
|
|t:|1710645404
|switch|p1a: Latios|Latios, M, shiny|72/100 brn
|move|p2a: Tentacruel|Scald|p1a: Latios
|-resisted|p1a: Latios
|-damage|p1a: Latios|52/100 brn
|
|-weather|RainDance|[upkeep]
|-heal|p2a: Tentacruel|91/100 brn|[from] ability: Rain Dish
|-heal|p2a: Tentacruel|97/100 brn|[from] item: Black Sludge
|-damage|p1a: Latios|40/100 brn|[from] brn
|-damage|p2a: Tentacruel|85/100 brn|[from] brn
|upkeep
|turn|43
|
|t:|1710645413
|move|p2a: Tentacruel|Protect|p2a: Tentacruel
|-singleturn|p2a: Tentacruel|Protect
|move|p1a: Latios|Draco Meteor|p2a: Tentacruel
|-activate|p2a: Tentacruel|move: Protect
|
|-weather|RainDance|[upkeep]
|-heal|p2a: Tentacruel|91/100 brn|[from] ability: Rain Dish
|-heal|p2a: Tentacruel|97/100 brn|[from] item: Black Sludge
|-damage|p1a: Latios|28/100 brn|[from] brn
|-damage|p2a: Tentacruel|85/100 brn|[from] brn
|upkeep
|turn|44
|
|t:|1710645430
|move|p1a: Latios|Draco Meteor|p2a: Tentacruel
|-damage|p2a: Tentacruel|0 fnt
|-unboost|p1a: Latios|spa|2
|faint|p2a: Tentacruel
|
|-weather|RainDance|[upkeep]
|-damage|p1a: Latios|15/100 brn|[from] brn
|upkeep
|
|t:|1710645436
|switch|p2a: Latios|Latios, M|66/100
|turn|45
|
|t:|1710645440
|move|p2a: Latios|Dragon Pulse|p1a: Latios
|-supereffective|p1a: Latios
|-damage|p1a: Latios|0 fnt
|faint|p1a: Latios
|
|-weather|RainDance|[upkeep]
|upkeep
|
|t:|1710645452
|switch|p1a: Keroppi|Politoed, M, shiny|100/100
|turn|46
|
|t:|1710645457
|switch|p2a: Dragonite|Dragonite, M|100/100
|move|p1a: Keroppi|Toxic|p2a: Dragonite
|-status|p2a: Dragonite|tox
|
|-weather|RainDance|[upkeep]
|-damage|p2a: Dragonite|94/100 tox|[from] psn
|upkeep
|turn|47
|
|t:|1710645462
|move|p2a: Dragonite|Outrage|p1a: Keroppi
|-damage|p1a: Keroppi|0 fnt
|faint|p1a: Keroppi
|
|-weather|RainDance|[upkeep]
|-damage|p2a: Dragonite|82/100 tox|[from] psn
|upkeep
|
|t:|1710645468
|switch|p1a: Rainbow Dash|Keldeo-Resolute|100/100
|turn|48
|
|t:|1710645471
|move|p1a: Rainbow Dash|Hidden Power|p2a: Dragonite
|-supereffective|p2a: Dragonite
|-damage|p2a: Dragonite|0 fnt
|faint|p2a: Dragonite
|
|-weather|RainDance|[upkeep]
|upkeep
|
|t:|1710645474
|switch|p2a: Latios|Latios, M|66/100
|turn|49
|
|t:|1710645478
|switch|p1a: Squidward|Tentacruel, M, shiny|27/100 brn
|move|p2a: Latios|Draco Meteor|p1a: Squidward
|-damage|p1a: Squidward|0 fnt
|-unboost|p2a: Latios|spa|2
|faint|p1a: Squidward
|
|-weather|RainDance|[upkeep]
|upkeep
|
|t:|1710645482
|switch|p1a: Ferrothorn|Ferrothorn, M, shiny|58/100
|turn|50
|
|t:|1710645488
|move|p2a: Latios|Draco Meteor|p1a: Ferrothorn
|-resisted|p1a: Ferrothorn
|-damage|p1a: Ferrothorn|46/100
|-unboost|p2a: Latios|spa|2
|move|p1a: Ferrothorn|Power Whip|p2a: Latios
|-resisted|p2a: Latios
|-damage|p2a: Latios|39/100
|
|-weather|RainDance|[upkeep]
|-heal|p1a: Ferrothorn|52/100|[from] item: Leftovers
|upkeep
|turn|51
|
|t:|1710645491
|move|p2a: Latios|Draco Meteor|p1a: Ferrothorn
|-resisted|p1a: Ferrothorn
|-damage|p1a: Ferrothorn|45/100
|-unboost|p2a: Latios|spa|2
|move|p1a: Ferrothorn|Power Whip|p2a: Latios
|-resisted|p2a: Latios
|-damage|p2a: Latios|12/100
|
|-weather|RainDance|[upkeep]
|-heal|p1a: Ferrothorn|51/100|[from] item: Leftovers
|upkeep
|turn|52
|
|t:|1710645494
|move|p2a: Latios|Draco Meteor|p1a: Ferrothorn|[miss]
|-miss|p2a: Latios|p1a: Ferrothorn
|move|p1a: Ferrothorn|Power Whip|p2a: Latios
|-resisted|p2a: Latios
|-damage|p2a: Latios|0 fnt
|faint|p2a: Latios
|
|win|Astiva Health
|raw|Astiva Health's rating: 1318 &rarr; <strong>1344</strong><br />(+26 for winning)
|raw|keksauce's rating: 1434 &rarr; <strong>1408</strong><br />(-26 for losing)
