|html|<div class="broadcast-blue"><strong>[Gen 5] OU is currently suspecting Volcarona & Cloyster! For information on how to participate check out the <a href="https://www.smogon.com/forums/threads/re-cloyster-volcarona-in-bw-ou-survey-post-29.3731863/page-2#post-9904362">suspect thread</a>.</strong></div>
|j|☆Coronet077
|j|☆seanb143
|t:|1704501514
|gametype|singles
|player|p1|Coronet077|fisherman-gen4|1313
|player|p2|seanb143|emmet|1398
|teamsize|p1|6
|teamsize|p2|6
|gen|5
|tier|[Gen 5] OU
|rated|
|rule|Species Clause: Limit one of each Pokémon
|rule|OHKO Clause: OHKO moves are banned
|rule|Moody Clause: Moody is banned
|rule|Evasion Items Clause: Evasion items are banned
|rule|Evasion Moves Clause: Evasion moves are banned
|rule|Endless Battle Clause: Forcing endless battles is banned
|rule|HP Percentage Mod: HP is shown in percentages
|rule|Evasion Abilities Clause: Evasion abilities are banned
|rule|Sleep Moves Clause: Sleep-inducing moves are banned
|rule|Swagger Clause: Swagger is banned
|rule|Baton Pass Stat Clause: No Baton Passer may have a way to boost its stats
|clearpoke
|poke|p1|Politoed, M|item
|poke|p1|Ferrothorn, F|item
|poke|p1|Tentacruel, M|item
|poke|p1|Latios, M|item
|poke|p1|Keldeo|item
|poke|p1|Thundurus-Therian, M|item
|poke|p2|Heatran, M|item
|poke|p2|Jellicent, F|item
|poke|p2|Haxorus, F|item
|poke|p2|Forretress, F|item
|poke|p2|Thundurus-Therian, M|item
|poke|p2|Abomasnow, M|item
|teampreview
|inactive|Battle timer is ON: inactive players will automatically lose when time's up. (requested by seanb143)
|
|t:|1704501524
|start
|switch|p1a: Latios|Latios, M|100/100
|switch|p2a: Abomasnow|Abomasnow, M, shiny|100/100
|-weather|Hail|[from] ability: Snow Warning|[of] p2a: Abomasnow
|turn|1
|
|t:|1704501529
|switch|p2a: Heatran|Heatran, M, shiny|100/100
|move|p1a: Latios|Draco Meteor|p2a: Heatran
|-resisted|p2a: Heatran
|-damage|p2a: Heatran|70/100
|-unboost|p1a: Latios|spa|2
|
|-weather|Hail|[upkeep]
|-damage|p1a: Latios|95/100|[from] Hail
|-damage|p2a: Heatran|64/100|[from] Hail
|-heal|p2a: Heatran|70/100|[from] item: Leftovers
|upkeep
|turn|2
|
|t:|1704501535
|switch|p1a: Politoed|Politoed, M, shiny|100/100
|-weather|RainDance|[from] ability: Drizzle|[of] p1a: Politoed
|move|p2a: Heatran|Stealth Rock|p1a: Politoed
|-sidestart|p1: Coronet077|move: Stealth Rock
|
|-weather|RainDance|[upkeep]
|-heal|p2a: Heatran|76/100|[from] item: Leftovers
|upkeep
|turn|3
|
|t:|1704501542
|switch|p1a: Thundurus|Thundurus-Therian, M|100/100
|-damage|p1a: Thundurus|76/100|[from] Stealth Rock
|move|p2a: Heatran|Protect||[still]
|-fail|p2a: Heatran
|
|-weather|RainDance|[upkeep]
|-heal|p1a: Thundurus|82/100|[from] item: Leftovers
|-heal|p2a: Heatran|82/100|[from] item: Leftovers
|upkeep
|turn|4
|
|t:|1704501546
|move|p1a: Thundurus|Substitute|p1a: Thundurus
|-start|p1a: Thundurus|Substitute
|-damage|p1a: Thundurus|57/100
|move|p2a: Heatran|Roar|p1a: Thundurus
|drag|p1a: Ferrothorn|Ferrothorn, F|100/100
|-damage|p1a: Ferrothorn|94/100|[from] Stealth Rock
|
|-weather|RainDance|[upkeep]
|-heal|p2a: Heatran|89/100|[from] item: Leftovers
|-heal|p1a: Ferrothorn|100/100|[from] item: Leftovers
|upkeep
|turn|5
|
|t:|1704501554
|switch|p1a: Politoed|Politoed, M, shiny|100/100
|-damage|p1a: Politoed|88/100|[from] Stealth Rock
|move|p2a: Heatran|Lava Plume|p1a: Politoed
|-resisted|p1a: Politoed
|-damage|p1a: Politoed|81/100
|-status|p1a: Politoed|brn
|
|-weather|RainDance|[upkeep]
|-heal|p2a: Heatran|95/100|[from] item: Leftovers
|-heal|p1a: Politoed|87/100 brn|[from] item: Leftovers
|-damage|p1a: Politoed|75/100 brn|[from] brn
|upkeep
|turn|6
|
|t:|1704501562
|move|p2a: Heatran|Protect|p2a: Heatran
|-singleturn|p2a: Heatran|Protect
|move|p1a: Politoed|Refresh|p1a: Politoed
|-curestatus|p1a: Politoed|brn|[msg]
|
|-weather|RainDance|[upkeep]
|-heal|p2a: Heatran|100/100|[from] item: Leftovers
|-heal|p1a: Politoed|81/100|[from] item: Leftovers
|upkeep
|turn|7
|
|t:|1704501572
|switch|p2a: Jellicent|Jellicent, F, shiny|100/100
|move|p1a: Politoed|Scald|p2a: Jellicent
|-immune|p2a: Jellicent|[from] ability: Water Absorb
|
|-weather|RainDance|[upkeep]
|-heal|p1a: Politoed|87/100|[from] item: Leftovers
|upkeep
|turn|8
|
|t:|1704501577
|move|p1a: Politoed|Protect|p1a: Politoed
|-singleturn|p1a: Politoed|Protect
|move|p2a: Jellicent|Taunt|p1a: Politoed
|-activate|p1a: Politoed|move: Protect
|
|-weather|RainDance|[upkeep]
|-heal|p1a: Politoed|93/100|[from] item: Leftovers
|upkeep
|turn|9
|
|t:|1704501581
|switch|p2a: Abomasnow|Abomasnow, M, shiny|100/100
|-weather|Hail|[from] ability: Snow Warning|[of] p2a: Abomasnow
|move|p1a: Politoed|Encore||[still]
|-fail|p1a: Politoed
|
|-weather|Hail|[upkeep]
|-damage|p1a: Politoed|87/100|[from] Hail
|-heal|p1a: Politoed|93/100|[from] item: Leftovers
|upkeep
|turn|10
|
|t:|1704501588
|move|p1a: Politoed|Protect|p1a: Politoed
|-singleturn|p1a: Politoed|Protect
|move|p2a: Abomasnow|Wood Hammer|p1a: Politoed
|-activate|p1a: Politoed|move: Protect
|
|-weather|Hail|[upkeep]
|-damage|p1a: Politoed|87/100|[from] Hail
|-heal|p1a: Politoed|93/100|[from] item: Leftovers
|upkeep
|turn|11
|
|t:|1704501593
|switch|p1a: Ferrothorn|Ferrothorn, F|100/100
|-damage|p1a: Ferrothorn|94/100|[from] Stealth Rock
|move|p2a: Abomasnow|Hidden Power|p1a: Ferrothorn
|-supereffective|p1a: Ferrothorn
|-damage|p1a: Ferrothorn|45/100
|
|-weather|Hail|[upkeep]
|-damage|p1a: Ferrothorn|39/100|[from] Hail
|-heal|p1a: Ferrothorn|45/100|[from] item: Leftovers
|upkeep
|turn|12
|
|t:|1704501604
|switch|p2a: Thundurus|Thundurus-Therian, M, shiny|100/100
|move|p1a: Ferrothorn|Stealth Rock|p2a: Thundurus
|-sidestart|p2: seanb143|move: Stealth Rock
|
|-weather|Hail|[upkeep]
|-damage|p2a: Thundurus|94/100|[from] Hail
|-damage|p1a: Ferrothorn|39/100|[from] Hail
|-heal|p2a: Thundurus|100/100|[from] item: Leftovers
|-heal|p1a: Ferrothorn|45/100|[from] item: Leftovers
|upkeep
|turn|13
|
|t:|1704501612
|move|p2a: Thundurus|Agility|p2a: Thundurus
|-boost|p2a: Thundurus|spe|2
|move|p1a: Ferrothorn|Gyro Ball|p2a: Thundurus
|-resisted|p2a: Thundurus
|-damage|p2a: Thundurus|60/100
|
|-weather|Hail|[upkeep]
|-damage|p2a: Thundurus|54/100|[from] Hail
|-damage|p1a: Ferrothorn|39/100|[from] Hail
|-heal|p2a: Thundurus|60/100|[from] item: Leftovers
|-heal|p1a: Ferrothorn|45/100|[from] item: Leftovers
|upkeep
|turn|14
|
|t:|1704501616
|move|p2a: Thundurus|Focus Blast|p1a: Ferrothorn|[miss]
|-miss|p2a: Thundurus|p1a: Ferrothorn
|move|p1a: Ferrothorn|Gyro Ball|p2a: Thundurus
|-resisted|p2a: Thundurus
|-damage|p2a: Thundurus|21/100
|
|-weather|Hail|[upkeep]
|-damage|p2a: Thundurus|15/100|[from] Hail
|-damage|p1a: Ferrothorn|39/100|[from] Hail
|-heal|p2a: Thundurus|21/100|[from] item: Leftovers
|-heal|p1a: Ferrothorn|45/100|[from] item: Leftovers
|upkeep
|turn|15
|
|t:|1704501623
|move|p2a: Thundurus|Focus Blast|p1a: Ferrothorn|[miss]
|-miss|p2a: Thundurus|p1a: Ferrothorn
|move|p1a: Ferrothorn|Gyro Ball|p2a: Thundurus
|-resisted|p2a: Thundurus
|-damage|p2a: Thundurus|0 fnt
|faint|p2a: Thundurus
|
|-weather|Hail|[upkeep]
|-damage|p1a: Ferrothorn|39/100|[from] Hail
|-heal|p1a: Ferrothorn|45/100|[from] item: Leftovers
|upkeep
|
|t:|1704501630
|switch|p2a: Heatran|Heatran, M, shiny|100/100
|-damage|p2a: Heatran|88/100|[from] Stealth Rock
|turn|16
|
|t:|1704501636
|switch|p2a: Abomasnow|Abomasnow, M, shiny|100/100
|-damage|p2a: Abomasnow|76/100|[from] Stealth Rock
|switch|p1a: Politoed|Politoed, M, shiny|93/100
|-damage|p1a: Politoed|81/100|[from] Stealth Rock
|-weather|RainDance|[from] ability: Drizzle|[of] p1a: Politoed
|
|-weather|RainDance|[upkeep]
|-heal|p1a: Politoed|87/100|[from] item: Leftovers
|-heal|p2a: Abomasnow|82/100|[from] item: Leftovers
|upkeep
|turn|17
|
|t:|1704501640
|switch|p2a: Jellicent|Jellicent, F, shiny|100/100
|-damage|p2a: Jellicent|88/100|[from] Stealth Rock
|move|p1a: Politoed|Protect||[still]
|-fail|p1a: Politoed
|
|-weather|RainDance|[upkeep]
|-heal|p2a: Jellicent|94/100|[from] item: Leftovers
|-heal|p1a: Politoed|93/100|[from] item: Leftovers
|upkeep
|turn|18
|
|t:|1704501645
|switch|p1a: Tentacruel|Tentacruel, M|100/100
|-damage|p1a: Tentacruel|88/100|[from] Stealth Rock
|move|p2a: Jellicent|Will-O-Wisp|p1a: Tentacruel
|-status|p1a: Tentacruel|brn
|
|-weather|RainDance|[upkeep]
|-heal|p1a: Tentacruel|94/100 brn|[from] ability: Rain Dish
|-heal|p1a: Tentacruel|99/100 brn|[from] item: Black Sludge
|-heal|p2a: Jellicent|100/100|[from] item: Leftovers
|-damage|p1a: Tentacruel|88/100 brn|[from] brn
|upkeep
|turn|19
|
|t:|1704501651
|move|p1a: Tentacruel|Toxic|p2a: Jellicent
|-status|p2a: Jellicent|tox
|move|p2a: Jellicent|Taunt|p1a: Tentacruel
|-start|p1a: Tentacruel|move: Taunt
|
|-weather|RainDance|[upkeep]
|-heal|p1a: Tentacruel|94/100 brn|[from] ability: Rain Dish
|-heal|p1a: Tentacruel|99/100 brn|[from] item: Black Sludge
|-damage|p2a: Jellicent|94/100 tox|[from] psn
|-damage|p1a: Tentacruel|88/100 brn|[from] brn
|upkeep
|turn|20
|
|t:|1704501659
|switch|p1a: Ferrothorn|Ferrothorn, F|45/100
|-damage|p1a: Ferrothorn|39/100|[from] Stealth Rock
|move|p2a: Jellicent|Night Shade|p1a: Ferrothorn
|-damage|p1a: Ferrothorn|11/100
|
|-weather|RainDance|[upkeep]
|-heal|p2a: Jellicent|100/100 tox|[from] item: Leftovers
|-heal|p1a: Ferrothorn|17/100|[from] item: Leftovers
|-damage|p2a: Jellicent|88/100 tox|[from] psn
|upkeep
|turn|21
|
|t:|1704501665
|move|p2a: Jellicent|Night Shade|p1a: Ferrothorn
|-damage|p1a: Ferrothorn|0 fnt
|faint|p1a: Ferrothorn
|
|-weather|RainDance|[upkeep]
|-heal|p2a: Jellicent|94/100 tox|[from] item: Leftovers
|-damage|p2a: Jellicent|76/100 tox|[from] psn
|upkeep
|
|t:|1704501676
|switch|p1a: Latios|Latios, M|95/100
|-damage|p1a: Latios|82/100|[from] Stealth Rock
|turn|22
|
|t:|1704501682
|switch|p2a: Heatran|Heatran, M, shiny|88/100
|-damage|p2a: Heatran|76/100|[from] Stealth Rock
|move|p1a: Latios|Surf|p2a: Heatran
|-supereffective|p2a: Heatran
|-damage|p2a: Heatran|0 fnt
|faint|p2a: Heatran
|
|-weather|RainDance|[upkeep]
|upkeep
|
|t:|1704501692
|switch|p2a: Abomasnow|Abomasnow, M, shiny|82/100
|-damage|p2a: Abomasnow|57/100|[from] Stealth Rock
|-weather|Hail|[from] ability: Snow Warning|[of] p2a: Abomasnow
|turn|23
|
|t:|1704501699
|switch|p1a: Tentacruel|Tentacruel, M|88/100 brn
|-damage|p1a: Tentacruel|75/100 brn|[from] Stealth Rock
|move|p2a: Abomasnow|Wood Hammer|p1a: Tentacruel
|-damage|p1a: Tentacruel|9/100 brn
|-damage|p2a: Abomasnow|34/100|[from] Recoil
|
|-weather|Hail|[upkeep]
|-damage|p1a: Tentacruel|3/100 brn|[from] Hail
|-heal|p1a: Tentacruel|9/100 brn|[from] item: Black Sludge
|-heal|p2a: Abomasnow|40/100|[from] item: Leftovers
|-damage|p1a: Tentacruel|0 fnt|[from] brn
|faint|p1a: Tentacruel
|upkeep
|
|t:|1704501707
|switch|p1a: Keldeo|Keldeo|100/100
|-damage|p1a: Keldeo|94/100|[from] Stealth Rock
|turn|24
|
|t:|1704501710
|switch|p2a: Jellicent|Jellicent, F, shiny|76/100 tox
|-damage|p2a: Jellicent|63/100 tox|[from] Stealth Rock
|move|p1a: Keldeo|Secret Sword|p2a: Jellicent
|-immune|p2a: Jellicent
|
|-weather|Hail|[upkeep]
|-damage|p1a: Keldeo|88/100|[from] Hail
|-damage|p2a: Jellicent|57/100 tox|[from] Hail
|-heal|p2a: Jellicent|63/100 tox|[from] item: Leftovers
|-damage|p2a: Jellicent|57/100 tox|[from] psn
|upkeep
|turn|25
|
|t:|1704501713
|switch|p1a: Politoed|Politoed, M, shiny|93/100
|-damage|p1a: Politoed|81/100|[from] Stealth Rock
|-weather|RainDance|[from] ability: Drizzle|[of] p1a: Politoed
|move|p2a: Jellicent|Will-O-Wisp|p1a: Politoed
|-status|p1a: Politoed|brn
|
|-weather|RainDance|[upkeep]
|-heal|p2a: Jellicent|63/100 tox|[from] item: Leftovers
|-heal|p1a: Politoed|87/100 brn|[from] item: Leftovers
|-damage|p2a: Jellicent|51/100 tox|[from] psn
|-damage|p1a: Politoed|75/100 brn|[from] brn
|upkeep
|turn|26
|
|t:|1704501717
|move|p1a: Politoed|Protect|p1a: Politoed
|-singleturn|p1a: Politoed|Protect
|move|p2a: Jellicent|Taunt|p1a: Politoed
|-activate|p1a: Politoed|move: Protect
|
|-weather|RainDance|[upkeep]
|-heal|p2a: Jellicent|57/100 tox|[from] item: Leftovers
|-heal|p1a: Politoed|81/100 brn|[from] item: Leftovers
|-damage|p2a: Jellicent|39/100 tox|[from] psn
|-damage|p1a: Politoed|68/100 brn|[from] brn
|upkeep
|turn|27
|
|t:|1704501723
|move|p2a: Jellicent|Will-O-Wisp|p1a: Politoed
|-fail|p1a: Politoed|brn
|move|p1a: Politoed|Refresh|p1a: Politoed
|-curestatus|p1a: Politoed|brn|[msg]
|
|-weather|RainDance|[upkeep]
|-heal|p2a: Jellicent|45/100 tox|[from] item: Leftovers
|-heal|p1a: Politoed|75/100|[from] item: Leftovers
|-damage|p2a: Jellicent|20/100 tox|[from] psn
|upkeep
|turn|28
|
|t:|1704501726
|move|p2a: Jellicent|Recover|p2a: Jellicent
|-heal|p2a: Jellicent|70/100 tox
|move|p1a: Politoed|Encore|p2a: Jellicent
|-start|p2a: Jellicent|Encore
|
|-weather|RainDance|[upkeep]
|-heal|p2a: Jellicent|76/100 tox|[from] item: Leftovers
|-heal|p1a: Politoed|81/100|[from] item: Leftovers
|-damage|p2a: Jellicent|45/100 tox|[from] psn
|upkeep
|turn|29
|
|t:|1704501731
|switch|p2a: Forretress|Forretress, F, shiny|100/100
|-damage|p2a: Forretress|88/100|[from] Stealth Rock
|switch|p1a: Keldeo|Keldeo|88/100
|-damage|p1a: Keldeo|82/100|[from] Stealth Rock
|
|-weather|RainDance|[upkeep]
|-heal|p2a: Forretress|94/100|[from] item: Leftovers
|upkeep
|turn|30
|
|t:|1704501741
|switch|p2a: Jellicent|Jellicent, F, shiny|45/100 tox
|-damage|p2a: Jellicent|33/100 tox|[from] Stealth Rock
|move|p1a: Keldeo|Surf|p2a: Jellicent
|-heal|p2a: Jellicent|58/100 tox|[from] ability: Water Absorb|[of] p1a: Keldeo
|
|-weather|RainDance|[upkeep]
|-heal|p2a: Jellicent|64/100 tox|[from] item: Leftovers
|-damage|p2a: Jellicent|58/100 tox|[from] psn
|upkeep
|turn|31
|
|t:|1704501745
|switch|p1a: Politoed|Politoed, M, shiny|81/100
|-damage|p1a: Politoed|68/100|[from] Stealth Rock
|move|p2a: Jellicent|Will-O-Wisp|p1a: Politoed
|-status|p1a: Politoed|brn
|
|-weather|RainDance|[upkeep]
|-heal|p2a: Jellicent|64/100 tox|[from] item: Leftovers
|-heal|p1a: Politoed|75/100 brn|[from] item: Leftovers
|-damage|p2a: Jellicent|52/100 tox|[from] psn
|-damage|p1a: Politoed|62/100 brn|[from] brn
|upkeep
|turn|32
|
|t:|1704501748
|move|p1a: Politoed|Protect|p1a: Politoed
|-singleturn|p1a: Politoed|Protect
|move|p2a: Jellicent|Recover|p2a: Jellicent
|-heal|p2a: Jellicent|100/100 tox
|
|-weather|RainDance|[upkeep]
|-heal|p1a: Politoed|68/100 brn|[from] item: Leftovers
|-damage|p2a: Jellicent|82/100 tox|[from] psn
|-damage|p1a: Politoed|56/100 brn|[from] brn
|upkeep
|turn|33
|
|t:|1704501755
|switch|p1a: Latios|Latios, M|82/100
|-damage|p1a: Latios|70/100|[from] Stealth Rock
|move|p2a: Jellicent|Taunt|p1a: Latios
|-start|p1a: Latios|move: Taunt
|
|-weather|RainDance|[upkeep]
|-heal|p2a: Jellicent|88/100 tox|[from] item: Leftovers
|-damage|p2a: Jellicent|63/100 tox|[from] psn
|upkeep
|turn|34
|
|t:|1704501760
|switch|p2a: Forretress|Forretress, F, shiny|94/100
|-damage|p2a: Forretress|82/100|[from] Stealth Rock
|move|p1a: Latios|Surf|p2a: Forretress
|-damage|p2a: Forretress|0 fnt
|faint|p2a: Forretress
|
|-weather|RainDance|[upkeep]
|upkeep
|
|t:|1704501769
|switch|p2a: Abomasnow|Abomasnow, M, shiny|40/100
|-damage|p2a: Abomasnow|15/100|[from] Stealth Rock
|-weather|Hail|[from] ability: Snow Warning|[of] p2a: Abomasnow
|turn|35
|
|t:|1704501776
|switch|p1a: Keldeo|Keldeo|82/100
|-damage|p1a: Keldeo|76/100|[from] Stealth Rock
|move|p2a: Abomasnow|Ice Shard|p1a: Keldeo
|-resisted|p1a: Keldeo
|-damage|p1a: Keldeo|65/100
|
|-weather|Hail|[upkeep]
|-damage|p1a: Keldeo|59/100|[from] Hail
|-heal|p2a: Abomasnow|21/100|[from] item: Leftovers
|upkeep
|turn|36
|
|t:|1704501781
|move|p1a: Keldeo|Secret Sword|p2a: Abomasnow
|-supereffective|p2a: Abomasnow
|-damage|p2a: Abomasnow|0 fnt
|faint|p2a: Abomasnow
|
|-weather|Hail|[upkeep]
|-damage|p1a: Keldeo|53/100|[from] Hail
|upkeep
|
|t:|1704501788
|switch|p2a: Jellicent|Jellicent, F, shiny|63/100 tox
|-damage|p2a: Jellicent|51/100 tox|[from] Stealth Rock
|turn|37
|
|t:|1704501796
|switch|p1a: Politoed|Politoed, M, shiny|56/100 brn
|-damage|p1a: Politoed|43/100 brn|[from] Stealth Rock
|-weather|RainDance|[from] ability: Drizzle|[of] p1a: Politoed
|move|p2a: Jellicent|Will-O-Wisp|p1a: Politoed
|-fail|p1a: Politoed|brn
|
|-weather|RainDance|[upkeep]
|-heal|p2a: Jellicent|57/100 tox|[from] item: Leftovers
|-heal|p1a: Politoed|50/100 brn|[from] item: Leftovers
|-damage|p2a: Jellicent|51/100 tox|[from] psn
|-damage|p1a: Politoed|37/100 brn|[from] brn
|upkeep
|turn|38
|
|t:|1704501802
|move|p2a: Jellicent|Taunt|p1a: Politoed
|-start|p1a: Politoed|move: Taunt
|cant|p1a: Politoed|move: Taunt|Refresh
|
|-weather|RainDance|[upkeep]
|-heal|p2a: Jellicent|57/100 tox|[from] item: Leftovers
|-heal|p1a: Politoed|43/100 brn|[from] item: Leftovers
|-damage|p2a: Jellicent|45/100 tox|[from] psn
|-damage|p1a: Politoed|31/100 brn|[from] brn
|upkeep
|turn|39
|
|t:|1704501806
|switch|p1a: Thundurus|Thundurus-Therian, M|57/100
|-damage|p1a: Thundurus|32/100|[from] Stealth Rock
|move|p2a: Jellicent|Recover|p2a: Jellicent
|-heal|p2a: Jellicent|95/100 tox
|
|-weather|RainDance|[upkeep]
|-heal|p1a: Thundurus|38/100|[from] item: Leftovers
|-heal|p2a: Jellicent|100/100 tox|[from] item: Leftovers
|-damage|p2a: Jellicent|82/100 tox|[from] psn
|upkeep
|turn|40
|
|t:|1704501809
|move|p1a: Thundurus|Substitute|p1a: Thundurus
|-start|p1a: Thundurus|Substitute
|-damage|p1a: Thundurus|13/100
|move|p2a: Jellicent|Night Shade|p1a: Thundurus
|-end|p1a: Thundurus|Substitute
|
|-weather|RainDance|[upkeep]
|-heal|p1a: Thundurus|19/100|[from] item: Leftovers
|-heal|p2a: Jellicent|88/100 tox|[from] item: Leftovers
|-damage|p2a: Jellicent|63/100 tox|[from] psn
|upkeep
|turn|41
|
|t:|1704501814
|switch|p2a: Haxorus|Haxorus, F, shiny|100/100
|-damage|p2a: Haxorus|88/100|[from] Stealth Rock
|-ability|p2a: Haxorus|Mold Breaker
|move|p1a: Thundurus|Thunder|p2a: Haxorus
|-resisted|p2a: Haxorus
|-damage|p2a: Haxorus|34/100
|-status|p2a: Haxorus|par
|
|-weather|RainDance|[upkeep]
|-heal|p1a: Thundurus|25/100|[from] item: Leftovers
|upkeep
|turn|42
|-message|seanb143 forfeited.
|
|win|Coronet077
|raw|Coronet077's rating: 1313 &rarr; <strong>1338</strong><br />(+25 for winning)
|raw|seanb143's rating: 1398 &rarr; <strong>1373</strong><br />(-25 for losing)
|l|☆seanb143
