|j|☆patcheele~
|j|☆leoperi99
|t:|1709937860
|gametype|singles
|player|p1|patcheele~|psychic-gen2|1322
|player|p2|leoperi99|teacher-gen2|1440
|teamsize|p1|6
|teamsize|p2|6
|gen|5
|tier|[Gen 5] OU
|rated|
|rule|Species Clause: Limit one of each Pokémon
|rule|OHKO Clause: OHKO moves are banned
|rule|Moody Clause: Moody is banned
|rule|Evasion Items Clause: Evasion items are banned
|rule|Evasion Moves Clause: Evasion moves are banned
|rule|Endless Battle Clause: Forcing endless battles is banned
|rule|HP Percentage Mod: HP is shown in percentages
|rule|Evasion Abilities Clause: Evasion abilities are banned
|rule|Sleep Moves Clause: Sleep-inducing moves are banned
|rule|Swagger Clause: Swagger is banned
|rule|Baton Pass Stat Clause: No Baton Passer may have a way to boost its stats
|clearpoke
|poke|p1|Garchomp, F|item
|poke|p1|Terrakion|item
|poke|p1|Starmie|item
|poke|p1|Dragonite, M|item
|poke|p1|Scizor, M|item
|poke|p1|Breloom, M|item
|poke|p2|Moltres|item
|poke|p2|Politoed, M|item
|poke|p2|Tentacruel, F|item
|poke|p2|Blissey, F|item
|poke|p2|Mamoswine, M|item
|poke|p2|Landorus-Therian, M|item
|teampreview
|
|t:|1709937890
|start
|switch|p1a: Terrakion|Terrakion|100/100
|switch|p2a: Politoed|Politoed, M, shiny|100/100
|-weather|RainDance|[from] ability: Drizzle|[of] p2a: Politoed
|turn|1
|
|t:|1709937897
|move|p2a: Politoed|Hydro Pump|p1a: Terrakion
|-supereffective|p1a: Terrakion
|-enditem|p1a: Terrakion|Focus Sash
|-damage|p1a: Terrakion|1/100
|move|p1a: Terrakion|Stealth Rock|p2a: Politoed
|-sidestart|p2: leoperi99|move: Stealth Rock
|
|-weather|RainDance|[upkeep]
|upkeep
|turn|2
|
|t:|1709937901
|switch|p2a: Tentacruel|Tentacruel, F, shiny|100/100
|-damage|p2a: Tentacruel|88/100|[from] Stealth Rock
|move|p1a: Terrakion|Close Combat|p2a: Tentacruel
|-resisted|p2a: Tentacruel
|-damage|p2a: Tentacruel|59/100
|-unboost|p1a: Terrakion|def|1
|-unboost|p1a: Terrakion|spd|1
|
|-weather|RainDance|[upkeep]
|-heal|p2a: Tentacruel|65/100|[from] ability: Rain Dish
|-heal|p2a: Tentacruel|71/100|[from] item: Black Sludge
|upkeep
|turn|3
|
|t:|1709937905
|move|p1a: Terrakion|Stone Edge|p2a: Tentacruel
|-crit|p2a: Tentacruel
|-damage|p2a: Tentacruel|0 fnt
|faint|p2a: Tentacruel
|
|-weather|RainDance|[upkeep]
|upkeep
|
|t:|1709937911
|switch|p2a: Politoed|Politoed, M, shiny|100/100
|-damage|p2a: Politoed|88/100|[from] Stealth Rock
|turn|4
|
|t:|1709937914
|move|p2a: Politoed|Ice Beam|p1a: Terrakion
|-damage|p1a: Terrakion|0 fnt
|faint|p1a: Terrakion
|
|-weather|RainDance|[upkeep]
|upkeep
|c|☆leoperi99|lucky
|
|t:|1709937920
|switch|p1a: Starmie|Starmie|100/100
|-item|p1a: Starmie|Air Balloon
|turn|5
|
|t:|1709937922
|switch|p2a: Blissey|Blissey, F, shiny|100/100
|-damage|p2a: Blissey|88/100|[from] Stealth Rock
|move|p1a: Starmie|Thunder|p2a: Blissey
|-damage|p2a: Blissey|72/100
|
|-weather|RainDance|[upkeep]
|-heal|p2a: Blissey|78/100|[from] item: Leftovers
|upkeep
|turn|6
|
|t:|1709937927
|move|p1a: Starmie|Thunder|p2a: Blissey
|-damage|p2a: Blissey|65/100
|-status|p2a: Blissey|par
|move|p2a: Blissey|Seismic Toss|p1a: Starmie
|-damage|p1a: Starmie|62/100
|-enditem|p1a: Starmie|Air Balloon
|
|-weather|RainDance|[upkeep]
|-heal|p2a: Blissey|71/100 par|[from] item: Leftovers
|upkeep
|turn|7
|
|t:|1709937959
|switch|p1a: Breloom|Breloom, M|100/100
|move|p2a: Blissey|Seismic Toss|p1a: Breloom
|-damage|p1a: Breloom|62/100
|
|-weather|RainDance|[upkeep]
|-heal|p2a: Blissey|77/100 par|[from] item: Leftovers
|upkeep
|turn|8
|
|t:|1709937973
|switch|p1a: Starmie|Starmie|62/100
|-curestatus|p2a: Blissey|par|[from] ability: Natural Cure
|switch|p2a: Landorus|Landorus-Therian, M, shiny|100/100
|-damage|p2a: Landorus|88/100|[from] Stealth Rock
|-ability|p2a: Landorus|Intimidate|boost
|-unboost|p1a: Starmie|atk|1
|
|-weather|RainDance|[upkeep]
|-heal|p2a: Landorus|94/100|[from] item: Leftovers
|upkeep
|turn|9
|inactive|Battle timer is ON: inactive players will automatically lose when time's up. (requested by patcheele~)
|inactive|leoperi99 has 120 seconds left.
|
|t:|1709938037
|switch|p1a: Scizor|Scizor, M|100/100
|switch|p2a: Blissey|Blissey, F, shiny|77/100
|-damage|p2a: Blissey|65/100|[from] Stealth Rock
|
|-weather|RainDance|[upkeep]
|-heal|p2a: Blissey|71/100|[from] item: Leftovers
|upkeep
|turn|10
|
|t:|1709938056
|switch|p2a: Landorus|Landorus-Therian, M, shiny|94/100
|-damage|p2a: Landorus|82/100|[from] Stealth Rock
|-ability|p2a: Landorus|Intimidate|boost
|-unboost|p1a: Scizor|atk|1
|move|p1a: Scizor|Swords Dance|p1a: Scizor
|-boost|p1a: Scizor|atk|2
|
|-weather|RainDance|[upkeep]
|-heal|p2a: Landorus|88/100|[from] item: Leftovers
|upkeep
|turn|11
|
|t:|1709938060
|move|p1a: Scizor|Bullet Punch|p2a: Landorus
|-damage|p2a: Landorus|26/100
|-damage|p1a: Scizor|91/100|[from] item: Life Orb
|move|p2a: Landorus|Earthquake|p1a: Scizor
|-damage|p1a: Scizor|39/100
|
|-weather|RainDance|[upkeep]
|-heal|p2a: Landorus|32/100|[from] item: Leftovers
|upkeep
|turn|12
|
|t:|1709938064
|switch|p2a: Moltres|Moltres, shiny|100/100
|-damage|p2a: Moltres|51/100|[from] Stealth Rock
|-ability|p2a: Moltres|Pressure
|move|p1a: Scizor|Bullet Punch|p2a: Moltres
|-resisted|p2a: Moltres
|-damage|p2a: Moltres|24/100
|-damage|p1a: Scizor|29/100|[from] item: Life Orb
|
|-weather|RainDance|[upkeep]
|-heal|p2a: Moltres|30/100|[from] item: Leftovers
|upkeep
|turn|13
|
|t:|1709938068
|move|p2a: Moltres|Hurricane|p1a: Scizor
|-damage|p1a: Scizor|0 fnt
|faint|p1a: Scizor
|
|-weather|RainDance|[upkeep]
|-heal|p2a: Moltres|36/100|[from] item: Leftovers
|upkeep
|
|t:|1709938074
|switch|p1a: Starmie|Starmie|62/100
|turn|14
|
|t:|1709938077
|move|p1a: Starmie|Hydro Pump|p2a: Moltres
|-supereffective|p2a: Moltres
|-damage|p2a: Moltres|0 fnt
|faint|p2a: Moltres
|
|-weather|RainDance|[upkeep]
|upkeep
|
|t:|1709938083
|switch|p2a: Politoed|Politoed, M, shiny|88/100
|-damage|p2a: Politoed|76/100|[from] Stealth Rock
|turn|15
|
|t:|1709938089
|move|p2a: Politoed|Hidden Power|p1a: Starmie
|-supereffective|p1a: Starmie
|-damage|p1a: Starmie|7/100
|move|p1a: Starmie|Thunder|p2a: Politoed
|-supereffective|p2a: Politoed
|-damage|p2a: Politoed|0 fnt
|faint|p2a: Politoed
|
|-weather|RainDance|[upkeep]
|upkeep
|
|t:|1709938092
|switch|p2a: Mamoswine|Mamoswine, M, shiny|100/100
|-damage|p2a: Mamoswine|88/100|[from] Stealth Rock
|turn|16
|
|t:|1709938095
|move|p2a: Mamoswine|Ice Shard|p1a: Starmie
|-resisted|p1a: Starmie
|-crit|p1a: Starmie
|-damage|p1a: Starmie|0 fnt
|faint|p1a: Starmie
|
|-weather|RainDance|[upkeep]
|upkeep
|
|t:|1709938097
|switch|p1a: Breloom|Breloom, M|62/100
|turn|17
|
|t:|1709938099
|move|p2a: Mamoswine|Ice Shard|p1a: Breloom
|-supereffective|p1a: Breloom
|-damage|p1a: Breloom|0 fnt
|faint|p1a: Breloom
|
|-weather|RainDance|[upkeep]
|upkeep
|
|t:|1709938103
|switch|p1a: Garchomp|Garchomp, F|100/100
|turn|18
|
|t:|1709938111
|move|p2a: Mamoswine|Ice Shard|p1a: Garchomp
|-supereffective|p1a: Garchomp
|-enditem|p1a: Garchomp|Focus Sash
|-damage|p1a: Garchomp|1/100
|move|p1a: Garchomp|Outrage|p2a: Mamoswine
|-damage|p2a: Mamoswine|11/100
|
|-weather|RainDance|[upkeep]
|upkeep
|turn|19
|
|t:|1709938116
|move|p2a: Mamoswine|Ice Shard|p1a: Garchomp
|-supereffective|p1a: Garchomp
|-damage|p1a: Garchomp|0 fnt
|faint|p1a: Garchomp
|
|-weather|RainDance|[upkeep]
|upkeep
|
|t:|1709938117
|switch|p1a: Dragonite|Dragonite, M|100/100
|turn|20
|
|t:|1709938120
|move|p1a: Dragonite|Extreme Speed|p2a: Mamoswine
|-damage|p2a: Mamoswine|0 fnt
|faint|p2a: Mamoswine
|
|-weather|RainDance|[upkeep]
|upkeep
|
|t:|1709938122
|switch|p2a: Landorus|Landorus-Therian, M, shiny|32/100
|-damage|p2a: Landorus|19/100|[from] Stealth Rock
|-ability|p2a: Landorus|Intimidate|boost
|-unboost|p1a: Dragonite|atk|1
|turn|21
|
|t:|1709938123
|move|p2a: Landorus|Hidden Power|p1a: Dragonite
|-supereffective|p1a: Dragonite
|-enditem|p1a: Dragonite|Yache Berry|[eat]
|-enditem|p1a: Dragonite|Yache Berry|[weaken]
|-damage|p1a: Dragonite|83/100
|move|p1a: Dragonite|Dragon Dance|p1a: Dragonite
|-boost|p1a: Dragonite|atk|1
|-boost|p1a: Dragonite|spe|1
|
|-weather|RainDance|[upkeep]
|-heal|p2a: Landorus|26/100|[from] item: Leftovers
|upkeep
|turn|22
|
|t:|1709938126
|move|p1a: Dragonite|Extreme Speed|p2a: Landorus
|-damage|p2a: Landorus|0 fnt
|faint|p2a: Landorus
|
|-weather|RainDance|[upkeep]
|upkeep
|
|t:|1709938128
|switch|p2a: Blissey|Blissey, F, shiny|71/100
|-damage|p2a: Blissey|59/100|[from] Stealth Rock
|turn|23
|
|t:|1709938130
|move|p1a: Dragonite|Outrage|p2a: Blissey
|-damage|p2a: Blissey|0 fnt
|faint|p2a: Blissey
|
|win|patcheele~
|raw|patcheele~'s rating: 1322 &rarr; <strong>1349</strong><br />(+27 for winning)
|raw|leoperi99's rating: 1440 &rarr; <strong>1413</strong><br />(-27 for losing)
|c|☆leoperi99|gg
|c|☆patcheele~|gg
