|j|‽Azam665911
|j|☆baixiaohen
|t:|1741934051
|gametype|singles
|player|p1|Azam665911|169|1317
|player|p2|baixiaohen|steven|1521
|teamsize|p1|6
|teamsize|p2|6
|gen|5
|tier|[Gen 5] OU
|rated|
|rule|Species Clause: Limit one of each Pokémon
|rule|OHKO Clause: OHKO moves are banned
|rule|Moody Clause: Moody is banned
|rule|Evasion Items Clause: Evasion items are banned
|rule|Evasion Moves Clause: Evasion moves are banned
|rule|Endless Battle Clause: Forcing endless battles is banned
|rule|HP Percentage Mod: HP is shown in percentages
|rule|Evasion Abilities Clause: Evasion abilities are banned
|rule|Sleep Moves Clause: Sleep-inducing moves are banned
|rule|Swagger Clause: Swagger is banned
|rule|Baton Pass Stat Clause: No Baton Passer may have a way to boost its stats
|clearpoke
|poke|p1|Politoed, M|item
|poke|p1|Thundurus-Therian, M|item
|poke|p1|Ferrothorn, F|item
|poke|p1|Keldeo|item
|poke|p1|Starmie|item
|poke|p1|Latios, M|item
|poke|p2|Jirachi|item
|poke|p2|Scizor, M|item
|poke|p2|Celebi|item
|poke|p2|Gyarados, F|item
|poke|p2|Heatran, F|item
|poke|p2|Starmie|item
|teampreview
|j| 6hourflight
|
|t:|1741934061
|start
|switch|p1a: Politoed|Politoed, M|100/100
|switch|p2a: Celebi|Celebi|100/100
|-weather|RainDance|[from] ability: Drizzle|[of] p1a: Politoed
|turn|1
|inactive|Battle timer is ON: inactive players will automatically lose when time's up. (requested by baixiaohen)
|
|t:|1741934098
|switch|p1a: Ferrothorn|Ferrothorn, F|100/100
|move|p2a: Celebi|Thunder Wave|p1a: Ferrothorn
|-status|p1a: Ferrothorn|par
|
|-weather|RainDance|[upkeep]
|upkeep
|turn|2
|
|t:|1741934109
|switch|p2a: Scizor|Scizor, M|100/100
|move|p1a: Ferrothorn|Stealth Rock|p2a: Scizor
|-sidestart|p2: baixiaohen|move: Stealth Rock
|
|-weather|RainDance|[upkeep]
|upkeep
|turn|3
|l| 6hourflight
|inactive|Azam665911 has 120 seconds left.
|
|t:|1741934139
|switch|p1a: Thundurus|Thundurus-Therian, M|100/100
|move|p2a: Scizor|Superpower|p1a: Thundurus
|-resisted|p1a: Thundurus
|-damage|p1a: Thundurus|67/100
|-unboost|p2a: Scizor|atk|1
|-unboost|p2a: Scizor|def|1
|-damage|p2a: Scizor|91/100|[from] item: Life Orb
|
|-weather|RainDance|[upkeep]
|-heal|p1a: Thundurus|73/100|[from] item: Leftovers
|upkeep
|turn|4
|
|t:|1741934148
|switch|p2a: Celebi|Celebi|100/100
|-damage|p2a: Celebi|88/100|[from] Stealth Rock
|move|p1a: Thundurus|Focus Blast|p2a: Celebi
|-resisted|p2a: Celebi
|-damage|p2a: Celebi|76/100
|
|-weather|RainDance|[upkeep]
|-heal|p1a: Thundurus|79/100|[from] item: Leftovers
|-heal|p2a: Celebi|82/100|[from] item: Leftovers
|upkeep
|turn|5
|
|t:|1741934155
|move|p1a: Thundurus|Hidden Power|p2a: Celebi
|-supereffective|p2a: Celebi
|-damage|p2a: Celebi|50/100
|move|p2a: Celebi|Psychic|p1a: Thundurus
|-damage|p1a: Thundurus|42/100
|
|-weather|RainDance|[upkeep]
|-heal|p1a: Thundurus|48/100|[from] item: Leftovers
|-heal|p2a: Celebi|56/100|[from] item: Leftovers
|upkeep
|turn|6
|
|t:|1741934162
|move|p1a: Thundurus|Thunder|p2a: Celebi
|-resisted|p2a: Celebi
|-damage|p2a: Celebi|36/100
|-status|p2a: Celebi|par
|cant|p2a: Celebi|par
|
|-weather|RainDance|[upkeep]
|-heal|p1a: Thundurus|55/100|[from] item: Leftovers
|-heal|p2a: Celebi|42/100 par|[from] item: Leftovers
|upkeep
|turn|7
|
|t:|1741934169
|move|p1a: Thundurus|Hidden Power|p2a: Celebi
|-supereffective|p2a: Celebi
|-damage|p2a: Celebi|11/100 par
|move|p2a: Celebi|Recover|p2a: Celebi
|-heal|p2a: Celebi|61/100 par
|
|-weather|RainDance|[upkeep]
|-heal|p1a: Thundurus|61/100|[from] item: Leftovers
|-heal|p2a: Celebi|67/100 par|[from] item: Leftovers
|upkeep
|turn|8
|l|‽Azam665911
|inactive|Azam665911 disconnected and has a minute to reconnect!
|player|p1|
|inactive|Azam665911 has 30 seconds to reconnect!
|j|☆Azam665911
|inactive|Azam665911 reconnected and has 100 seconds left.
|player|p1|Azam665911|169|
|inactive|Azam665911 has 90 seconds left.
|inactive|Azam665911 has 60 seconds left.
|inactive|Azam665911 has 30 seconds left.
|
|t:|1741934290
|switch|p1a: Latios|Latios, M|100/100
|move|p2a: Celebi|Recover|p2a: Celebi
|-heal|p2a: Celebi|100/100 par
|
|-weather|RainDance|[upkeep]
|upkeep
|turn|9
|
|t:|1741934299
|move|p1a: Latios|Dragon Pulse|p2a: Celebi
|-damage|p2a: Celebi|60/100 par
|move|p2a: Celebi|Thunder Wave|p1a: Latios
|-status|p1a: Latios|par
|
|-weather|RainDance|[upkeep]
|-heal|p2a: Celebi|66/100 par|[from] item: Leftovers
|upkeep
|turn|10
|
|t:|1741934312
|move|p1a: Latios|Dragon Pulse|p2a: Celebi
|-damage|p2a: Celebi|24/100 par
|cant|p2a: Celebi|par
|
|-weather|RainDance|[upkeep]
|-heal|p2a: Celebi|30/100 par|[from] item: Leftovers
|upkeep
|turn|11
|
|t:|1741934319
|-curestatus|p2a: Celebi|par|[from] ability: Natural Cure
|switch|p2a: Heatran|Heatran, F, shiny|100/100
|-damage|p2a: Heatran|88/100|[from] Stealth Rock
|move|p1a: Latios|Dragon Pulse|p2a: Heatran
|-resisted|p2a: Heatran
|-damage|p2a: Heatran|57/100
|
|-weather|RainDance|[upkeep]
|-heal|p2a: Heatran|63/100|[from] item: Leftovers
|upkeep
|turn|12
|inactive|Azam665911 has 60 seconds left.
|
|t:|1741934331
|switch|p1a: Politoed|Politoed, M|100/100
|move|p2a: Heatran|Stealth Rock|p1a: Politoed
|-sidestart|p1: Azam665911|move: Stealth Rock
|
|-weather|RainDance|[upkeep]
|-heal|p2a: Heatran|69/100|[from] item: Leftovers
|upkeep
|turn|13
|
|t:|1741934352
|switch|p2a: Celebi|Celebi|30/100
|-damage|p2a: Celebi|18/100|[from] Stealth Rock
|move|p1a: Politoed|Scald|p2a: Celebi
|-resisted|p2a: Celebi
|-damage|p2a: Celebi|6/100
|
|-weather|RainDance|[upkeep]
|-heal|p2a: Celebi|12/100|[from] item: Leftovers
|upkeep
|turn|14
|
|t:|1741934363
|move|p2a: Celebi|Recover|p2a: Celebi
|-heal|p2a: Celebi|62/100
|move|p1a: Politoed|Encore|p2a: Celebi
|-start|p2a: Celebi|Encore
|
|-weather|RainDance|[upkeep]
|-heal|p2a: Celebi|69/100|[from] item: Leftovers
|upkeep
|turn|15
|
|t:|1741934368
|switch|p1a: Starmie|Starmie|100/100
|-damage|p1a: Starmie|88/100|[from] Stealth Rock
|move|p2a: Celebi|Recover|p2a: Celebi
|-heal|p2a: Celebi|100/100
|
|-weather|RainDance|[upkeep]
|-heal|p1a: Starmie|94/100|[from] item: Leftovers
|upkeep
|turn|16
|
|t:|1741934377
|switch|p2a: Jirachi|Jirachi, shiny|100/100
|-damage|p2a: Jirachi|94/100|[from] Stealth Rock
|move|p1a: Starmie|Rapid Spin|p2a: Jirachi
|-resisted|p2a: Jirachi
|-crit|p2a: Jirachi
|-damage|p2a: Jirachi|92/100
|-sideend|p1: Azam665911|Stealth Rock|[from] move: Rapid Spin|[of] p1a: Starmie
|
|-weather|RainDance|[upkeep]
|-heal|p1a: Starmie|100/100|[from] item: Leftovers
|upkeep
|turn|17
|
|t:|1741934386
|switch|p1a: Ferrothorn|Ferrothorn, F|100/100 par
|move|p2a: Jirachi|U-turn|p1a: Ferrothorn
|-damage|p1a: Ferrothorn|84/100 par
|-damage|p2a: Jirachi|79/100|[from] ability: Iron Barbs|[of] p1a: Ferrothorn
|
|t:|1741934396
|switch|p2a: Starmie|Starmie, shiny|100/100|[from] U-turn
|-damage|p2a: Starmie|88/100|[from] Stealth Rock
|
|-weather|RainDance|[upkeep]
|-heal|p1a: Ferrothorn|90/100 par|[from] item: Leftovers
|upkeep
|turn|18
|
|t:|1741934405
|move|p2a: Starmie|Trick|p1a: Ferrothorn
|-activate|p2a: Starmie|move: Trick|[of] p1a: Ferrothorn
|-item|p1a: Ferrothorn|Choice Specs|[from] move: Trick
|-item|p2a: Starmie|Leftovers|[from] move: Trick
|cant|p1a: Ferrothorn|par
|
|-weather|RainDance|[upkeep]
|-heal|p2a: Starmie|94/100|[from] item: Leftovers
|upkeep
|turn|19
|inactive|Azam665911 has 90 seconds left.
|
|t:|1741934434
|move|p2a: Starmie|Rapid Spin|p1a: Ferrothorn
|-resisted|p1a: Ferrothorn
|-damage|p1a: Ferrothorn|89/100 par
|-damage|p2a: Starmie|82/100|[from] ability: Iron Barbs|[of] p1a: Ferrothorn
|-sideend|p2: baixiaohen|Stealth Rock|[from] move: Rapid Spin|[of] p2a: Starmie
|cant|p1a: Ferrothorn|par
|
|-weather|RainDance|[upkeep]
|-heal|p2a: Starmie|88/100|[from] item: Leftovers
|upkeep
|turn|20
|
|t:|1741934440
|switch|p2a: Scizor|Scizor, M|91/100
|move|p1a: Ferrothorn|Power Whip|p2a: Scizor
|-resisted|p2a: Scizor
|-damage|p2a: Scizor|81/100
|
|-weather|RainDance|[upkeep]
|upkeep
|turn|21
|
|t:|1741934453
|switch|p1a: Thundurus|Thundurus-Therian, M|61/100
|move|p2a: Scizor|Superpower|p1a: Thundurus
|-resisted|p1a: Thundurus
|-damage|p1a: Thundurus|28/100
|-unboost|p2a: Scizor|atk|1
|-unboost|p2a: Scizor|def|1
|-damage|p2a: Scizor|71/100|[from] item: Life Orb
|
|-weather|RainDance|[upkeep]
|-heal|p1a: Thundurus|34/100|[from] item: Leftovers
|upkeep
|turn|22
|
|t:|1741934460
|move|p2a: Scizor|Quick Attack|p1a: Thundurus
|-damage|p1a: Thundurus|9/100
|-damage|p2a: Scizor|61/100|[from] item: Life Orb
|move|p1a: Thundurus|Substitute|p1a: Thundurus
|-fail|p1a: Thundurus|move: Substitute|[weak]
|
|-weather|RainDance|[upkeep]
|-heal|p1a: Thundurus|15/100|[from] item: Leftovers
|upkeep
|turn|23
|j| lzgboys
|
|t:|1741934470
|switch|p1a: Keldeo|Keldeo|100/100
|move|p2a: Scizor|Quick Attack|p1a: Keldeo
|-damage|p1a: Keldeo|79/100
|-damage|p2a: Scizor|51/100|[from] item: Life Orb
|
|-weather|RainDance|[upkeep]
|upkeep
|turn|24
|
|t:|1741934476
|switch|p2a: Celebi|Celebi|100/100
|move|p1a: Keldeo|Hydro Pump|p2a: Celebi
|-resisted|p2a: Celebi
|-damage|p2a: Celebi|71/100
|
|-weather|RainDance|[upkeep]
|-heal|p2a: Celebi|77/100|[from] item: Leftovers
|upkeep
|turn|25
|inactive|Azam665911 has 120 seconds left.
|
|t:|1741934487
|switch|p1a: Thundurus|Thundurus-Therian, M|15/100
|move|p2a: Celebi|Psychic|p1a: Thundurus
|-damage|p1a: Thundurus|0 fnt
|faint|p1a: Thundurus
|
|-weather|RainDance|[upkeep]
|-heal|p2a: Celebi|83/100|[from] item: Leftovers
|upkeep
|
|t:|1741934490
|switch|p1a: Ferrothorn|Ferrothorn, F|89/100 par
|turn|26
|
|t:|1741934499
|switch|p2a: Scizor|Scizor, M|51/100
|switch|p1a: Keldeo|Keldeo|79/100
|
|-weather|RainDance|[upkeep]
|upkeep
|turn|27
|
|t:|1741934506
|switch|p2a: Celebi|Celebi|83/100
|move|p1a: Keldeo|Hidden Power|p2a: Celebi
|-supereffective|p2a: Celebi
|-crit|p2a: Celebi
|-damage|p2a: Celebi|27/100
|
|-weather|RainDance|[upkeep]
|-heal|p2a: Celebi|33/100|[from] item: Leftovers
|upkeep
|turn|28
|
|t:|1741934513
|move|p1a: Keldeo|Hidden Power|p2a: Celebi
|-supereffective|p2a: Celebi
|-damage|p2a: Celebi|0 fnt
|faint|p2a: Celebi
|
|-weather|RainDance|[upkeep]
|upkeep
|
|t:|1741934517
|switch|p2a: Starmie|Starmie, shiny|88/100
|turn|29
|
|t:|1741934521
|switch|p1a: Ferrothorn|Ferrothorn, F|89/100 par
|move|p2a: Starmie|Hydro Pump|p1a: Ferrothorn
|-resisted|p1a: Ferrothorn
|-damage|p1a: Ferrothorn|58/100 par
|
|-weather|RainDance|[upkeep]
|-heal|p2a: Starmie|94/100|[from] item: Leftovers
|upkeep
|turn|30
|
|t:|1741934532
|switch|p1a: Starmie|Starmie|100/100
|move|p2a: Starmie|Hydro Pump|p1a: Starmie|[miss]
|-miss|p2a: Starmie|p1a: Starmie
|
|-weather|RainDance|[upkeep]
|-heal|p2a: Starmie|100/100|[from] item: Leftovers
|upkeep
|turn|31
|
|t:|1741934536
|move|p1a: Starmie|Thunder|p2a: Starmie
|-supereffective|p2a: Starmie
|-damage|p2a: Starmie|23/100
|-status|p2a: Starmie|par
|move|p2a: Starmie|Thunder|p1a: Starmie
|-supereffective|p1a: Starmie
|-damage|p1a: Starmie|0 fnt
|faint|p1a: Starmie
|
|-weather|RainDance|[upkeep]
|-heal|p2a: Starmie|29/100 par|[from] item: Leftovers
|upkeep
|inactive|Azam665911 has 120 seconds left.
|
|t:|1741934574
|switch|p1a: Ferrothorn|Ferrothorn, F|58/100 par
|turn|32
|
|t:|1741934577
|cant|p2a: Starmie|par
|move|p1a: Ferrothorn|Spikes|p2a: Starmie
|-sidestart|p2: baixiaohen|Spikes
|
|-weather|RainDance|[upkeep]
|-heal|p2a: Starmie|35/100 par|[from] item: Leftovers
|upkeep
|turn|33
|
|t:|1741934585
|move|p2a: Starmie|Hydro Pump|p1a: Ferrothorn
|-resisted|p1a: Ferrothorn
|-damage|p1a: Ferrothorn|33/100 par
|move|p1a: Ferrothorn|Spikes|p2a: Starmie
|-sidestart|p2: baixiaohen|Spikes
|
|-weather|RainDance|[upkeep]
|-heal|p2a: Starmie|41/100 par|[from] item: Leftovers
|upkeep
|turn|34
|
|t:|1741934591
|move|p2a: Starmie|Hydro Pump|p1a: Ferrothorn
|-resisted|p1a: Ferrothorn
|-damage|p1a: Ferrothorn|9/100 par
|move|p1a: Ferrothorn|Spikes|p2a: Starmie
|-sidestart|p2: baixiaohen|Spikes
|
|-weather|RainDance|[upkeep]
|-heal|p2a: Starmie|47/100 par|[from] item: Leftovers
|upkeep
|turn|35
|
|t:|1741934596
|move|p2a: Starmie|Rapid Spin|p1a: Ferrothorn
|-resisted|p1a: Ferrothorn
|-damage|p1a: Ferrothorn|8/100 par
|-damage|p2a: Starmie|35/100 par|[from] ability: Iron Barbs|[of] p1a: Ferrothorn
|-sideend|p2: baixiaohen|Spikes|[from] move: Rapid Spin|[of] p2a: Starmie
|move|p1a: Ferrothorn|Spikes|p2a: Starmie
|-sidestart|p2: baixiaohen|Spikes
|
|-weather|RainDance|[upkeep]
|-heal|p2a: Starmie|41/100 par|[from] item: Leftovers
|upkeep
|turn|36
|
|t:|1741934602
|move|p2a: Starmie|Hydro Pump|p1a: Ferrothorn
|-resisted|p1a: Ferrothorn
|-crit|p1a: Ferrothorn
|-damage|p1a: Ferrothorn|0 fnt
|faint|p1a: Ferrothorn
|
|-weather|RainDance|[upkeep]
|-heal|p2a: Starmie|47/100 par|[from] item: Leftovers
|upkeep
|
|t:|1741934609
|switch|p1a: Keldeo|Keldeo|79/100
|turn|37
|
|t:|1741934613
|move|p1a: Keldeo|Hydro Pump|p2a: Starmie
|-resisted|p2a: Starmie
|-damage|p2a: Starmie|0 fnt
|faint|p2a: Starmie
|
|-weather|RainDance|[upkeep]
|upkeep
|
|t:|1741934621
|switch|p2a: Gyarados|Gyarados, F, shiny|100/100
|-ability|p2a: Gyarados|Intimidate|boost
|-unboost|p1a: Keldeo|atk|1
|turn|38
|
|t:|1741934624
|switch|p1a: Politoed|Politoed, M|100/100
|move|p2a: Gyarados|Dragon Dance|p2a: Gyarados
|-boost|p2a: Gyarados|atk|1
|-boost|p2a: Gyarados|spe|1
|
|-weather|RainDance|[upkeep]
|upkeep
|turn|39
|
|t:|1741934628
|move|p2a: Gyarados|Earthquake|p1a: Politoed
|-damage|p1a: Politoed|39/100
|move|p1a: Politoed|Toxic|p2a: Gyarados
|-status|p2a: Gyarados|tox
|
|-weather|RainDance|[upkeep]
|-heal|p1a: Politoed|45/100|[from] item: Leftovers
|-damage|p2a: Gyarados|94/100 tox|[from] psn
|upkeep
|turn|40
|
|t:|1741934636
|switch|p1a: Latios|Latios, M|100/100 par
|move|p2a: Gyarados|Ice Fang|p1a: Latios
|-supereffective|p1a: Latios
|-damage|p1a: Latios|9/100 par
|
|-weather|RainDance|[upkeep]
|-heal|p2a: Gyarados|100/100 tox|[from] item: Leftovers
|-damage|p2a: Gyarados|88/100 tox|[from] psn
|upkeep
|turn|41
|
|t:|1741934644
|move|p2a: Gyarados|Ice Fang|p1a: Latios
|-supereffective|p1a: Latios
|-damage|p1a: Latios|0 fnt
|faint|p1a: Latios
|
|-weather|RainDance|[upkeep]
|-heal|p2a: Gyarados|94/100 tox|[from] item: Leftovers
|-damage|p2a: Gyarados|76/100 tox|[from] psn
|upkeep
|
|t:|1741934649
|switch|p1a: Politoed|Politoed, M|45/100
|turn|42
|
|t:|1741934653
|move|p2a: Gyarados|Earthquake|p1a: Politoed
|-damage|p1a: Politoed|0 fnt
|faint|p1a: Politoed
|
|-weather|RainDance|[upkeep]
|-heal|p2a: Gyarados|82/100 tox|[from] item: Leftovers
|-damage|p2a: Gyarados|58/100 tox|[from] psn
|upkeep
|
|t:|1741934656
|switch|p1a: Keldeo|Keldeo|79/100
|turn|43
|
|t:|1741934658
|move|p1a: Keldeo|Hydro Pump|p2a: Gyarados
|-resisted|p2a: Gyarados
|-damage|p2a: Gyarados|10/100 tox
|move|p2a: Gyarados|Earthquake|p1a: Keldeo
|-damage|p1a: Keldeo|19/100
|
|-weather|RainDance|[upkeep]
|-heal|p2a: Gyarados|16/100 tox|[from] item: Leftovers
|-damage|p2a: Gyarados|0 fnt|[from] psn
|faint|p2a: Gyarados
|upkeep
|
|t:|1741934665
|switch|p2a: Scizor|Scizor, M|51/100
|-damage|p2a: Scizor|39/100|[from] Spikes
|turn|44
|
|t:|1741934667
|move|p2a: Scizor|Quick Attack|p1a: Keldeo
|-damage|p1a: Keldeo|0 fnt
|faint|p1a: Keldeo
|-damage|p2a: Scizor|29/100|[from] item: Life Orb
|
|win|baixiaohen
|raw|Azam665911's rating: 1304 &rarr; <strong>1295</strong><br />(-9 for losing)
|raw|baixiaohen's rating: 1521 &rarr; <strong>1530</strong><br />(+9 for winning)
|l|☆Azam665911
|player|p1|
