|j|☆lightinui
|j|☆SuperClever
|t:|1702022986
|gametype|singles
|player|p1|lightinui|hugh|1418
|player|p2|SuperClever|red|1321
|teamsize|p1|6
|teamsize|p2|6
|gen|5
|tier|[Gen 5] OU
|rated|
|rule|Species Clause: Limit one of each Pokémon
|rule|OHKO Clause: OHKO moves are banned
|rule|Moody Clause: Moody is banned
|rule|Evasion Items Clause: Evasion items are banned
|rule|Evasion Moves Clause: Evasion moves are banned
|rule|Endless Battle Clause: Forcing endless battles is banned
|rule|HP Percentage Mod: HP is shown in percentages
|rule|Evasion Abilities Clause: Evasion abilities are banned
|rule|Sleep Moves Clause: Sleep-inducing moves are banned
|rule|Swagger Clause: Swagger is banned
|rule|Baton Pass Stat Clause: No Baton Passer may have a way to boost its stats
|clearpoke
|poke|p1|Skarmory, F|item
|poke|p1|Garchomp, M|item
|poke|p1|Tyranitar, M|item
|poke|p1|Blissey, F|mail
|poke|p1|Latios, M|item
|poke|p1|Infernape, M|item
|poke|p2|Latios, M|item
|poke|p2|Keldeo|item
|poke|p2|Landorus-Therian, M|item
|poke|p2|Tyranitar, M|item
|poke|p2|Volcarona, F|item
|poke|p2|Starmie|item
|teampreview
|inactive|Battle timer is ON: inactive players will automatically lose when time's up. (requested by SuperClever)
|inactive|SuperClever has 120 seconds left.
|
|t:|1702023024
|start
|switch|p1a: Skarmory|Skarmory, F|100/100
|switch|p2a: Keldeo|Keldeo|100/100
|turn|1
|j| u4j
|
|t:|1702023049
|switch|p1a: Blissey|Blissey, F|100/100
|move|p2a: Keldeo|Taunt|p1a: Blissey
|-start|p1a: Blissey|move: Taunt
|
|upkeep
|turn|2
|
|t:|1702023066
|switch|p1a: Latios|Latios, M|100/100
|move|p2a: Keldeo|Secret Sword|p1a: Latios
|-resisted|p1a: Latios
|-damage|p1a: Latios|73/100
|
|upkeep
|turn|3
|
|t:|1702023076
|switch|p1a: Skarmory|Skarmory, F|100/100
|switch|p2a: Tyranitar|Tyranitar, M, shiny|100/100
|-weather|Sandstorm|[from] ability: Sand Stream|[of] p2a: Tyranitar
|
|-weather|Sandstorm|[upkeep]
|upkeep
|turn|4
|
|t:|1702023093
|switch|p2a: Landorus|Landorus-Therian, M, shiny|100/100
|-ability|p2a: Landorus|Intimidate|boost
|-unboost|p1a: Skarmory|atk|1
|move|p1a: Skarmory|Spikes|p2a: Landorus
|-sidestart|p2: SuperClever|Spikes
|
|-weather|Sandstorm|[upkeep]
|upkeep
|turn|5
|
|t:|1702023100
|move|p2a: Landorus|Stealth Rock|p1a: Skarmory
|-sidestart|p1: lightinui|move: Stealth Rock
|move|p1a: Skarmory|Spikes|p2a: Landorus
|-sidestart|p2: SuperClever|Spikes
|
|-weather|Sandstorm|[upkeep]
|upkeep
|turn|6
|
|t:|1702023118
|switch|p2a: Starmie|Starmie, shiny|100/100
|-damage|p2a: Starmie|84/100|[from] Spikes
|move|p1a: Skarmory|Whirlwind|p2a: Starmie
|drag|p2a: Latios|Latios, M, shiny|100/100
|
|-weather|Sandstorm|[upkeep]
|-damage|p2a: Latios|95/100|[from] Sandstorm
|upkeep
|turn|7
|
|t:|1702023131
|switch|p1a: Tyranitar|Tyranitar, M|100/100
|-damage|p1a: Tyranitar|88/100|[from] Stealth Rock
|move|p2a: Latios|Trick|p1a: Tyranitar
|-activate|p2a: Latios|move: Trick|[of] p1a: Tyranitar
|-item|p1a: Tyranitar|Choice Specs|[from] move: Trick
|-item|p2a: Latios|Chople Berry|[from] move: Trick
|
|-weather|Sandstorm|[upkeep]
|-damage|p2a: Latios|89/100|[from] Sandstorm
|upkeep
|turn|8
|
|t:|1702023144
|move|p2a: Latios|Draco Meteor|p1a: Tyranitar
|-damage|p1a: Tyranitar|50/100
|-unboost|p2a: Latios|spa|2
|move|p1a: Tyranitar|Pursuit|p2a: Latios
|-supereffective|p2a: Latios
|-damage|p2a: Latios|37/100
|
|-weather|Sandstorm|[upkeep]
|-damage|p2a: Latios|31/100|[from] Sandstorm
|upkeep
|turn|9
|
|t:|1702023155
|move|p2a: Latios|Draco Meteor|p1a: Tyranitar
|-damage|p1a: Tyranitar|30/100
|-unboost|p2a: Latios|spa|2
|move|p1a: Tyranitar|Pursuit|p2a: Latios
|-supereffective|p2a: Latios
|-damage|p2a: Latios|0 fnt
|faint|p2a: Latios
|
|-weather|Sandstorm|[upkeep]
|upkeep
|
|t:|1702023175
|switch|p2a: Volcarona|Volcarona, F, shiny|100/100
|-damage|p2a: Volcarona|84/100|[from] Spikes
|turn|10
|
|t:|1702023185
|switch|p1a: Blissey|Blissey, F|100/100
|-damage|p1a: Blissey|88/100|[from] Stealth Rock
|move|p2a: Volcarona|Quiver Dance|p2a: Volcarona
|-boost|p2a: Volcarona|spa|1
|-boost|p2a: Volcarona|spd|1
|-boost|p2a: Volcarona|spe|1
|
|-weather|Sandstorm|[upkeep]
|-damage|p2a: Volcarona|78/100|[from] Sandstorm
|-damage|p1a: Blissey|82/100|[from] Sandstorm
|-heal|p2a: Volcarona|84/100|[from] item: Leftovers
|upkeep
|turn|11
|
|t:|1702023205
|move|p2a: Volcarona|Fiery Dance|p1a: Blissey
|-damage|p1a: Blissey|62/100
|move|p1a: Blissey|Toxic|p2a: Volcarona
|-status|p2a: Volcarona|tox
|
|-weather|Sandstorm|[upkeep]
|-damage|p2a: Volcarona|78/100 tox|[from] Sandstorm
|-damage|p1a: Blissey|56/100|[from] Sandstorm
|-heal|p2a: Volcarona|84/100 tox|[from] item: Leftovers
|-damage|p2a: Volcarona|78/100 tox|[from] psn
|upkeep
|turn|12
|
|t:|1702023215
|move|p2a: Volcarona|Quiver Dance|p2a: Volcarona
|-boost|p2a: Volcarona|spa|1
|-boost|p2a: Volcarona|spd|1
|-boost|p2a: Volcarona|spe|1
|move|p1a: Blissey|Soft-Boiled|p1a: Blissey
|-heal|p1a: Blissey|100/100
|
|-weather|Sandstorm|[upkeep]
|-damage|p2a: Volcarona|72/100 tox|[from] Sandstorm
|-damage|p1a: Blissey|94/100|[from] Sandstorm
|-heal|p2a: Volcarona|78/100 tox|[from] item: Leftovers
|-damage|p2a: Volcarona|65/100 tox|[from] psn
|upkeep
|turn|13
|
|t:|1702023227
|move|p2a: Volcarona|Fiery Dance|p1a: Blissey
|-damage|p1a: Blissey|70/100
|-boost|p2a: Volcarona|spa|1
|move|p1a: Blissey|Seismic Toss|p2a: Volcarona
|-damage|p2a: Volcarona|39/100 tox
|
|-weather|Sandstorm|[upkeep]
|-damage|p2a: Volcarona|33/100 tox|[from] Sandstorm
|-damage|p1a: Blissey|64/100|[from] Sandstorm
|-heal|p2a: Volcarona|39/100 tox|[from] item: Leftovers
|-damage|p2a: Volcarona|20/100 tox|[from] psn
|upkeep
|turn|14
|
|t:|1702023239
|move|p2a: Volcarona|Fiery Dance|p1a: Blissey
|-damage|p1a: Blissey|33/100
|move|p1a: Blissey|Soft-Boiled|p1a: Blissey
|-heal|p1a: Blissey|83/100
|
|-weather|Sandstorm|[upkeep]
|-damage|p2a: Volcarona|14/100 tox|[from] Sandstorm
|-damage|p1a: Blissey|77/100|[from] Sandstorm
|-heal|p2a: Volcarona|20/100 tox|[from] item: Leftovers
|-damage|p2a: Volcarona|0 fnt|[from] psn
|faint|p2a: Volcarona
|upkeep
|inactive|SuperClever has 120 seconds left.
|inactive|SuperClever has 90 seconds left.
|inactive|SuperClever has 60 seconds left.
|inactive|SuperClever has 30 seconds left.
|inactive|SuperClever has 20 seconds left.
|inactive|SuperClever has 15 seconds left.
|inactive|SuperClever has 10 seconds left.
|inactive|SuperClever has 5 seconds left.
|-message|SuperClever lost due to inactivity.
|
|win|lightinui
|raw|lightinui's rating: 1418 &rarr; <strong>1433</strong><br />(+15 for winning)
|raw|SuperClever's rating: 1321 &rarr; <strong>1306</strong><br />(-15 for losing)
