|j|wacan gyara
|j|yeksdzus
|player|p1|wacan gyara|1
|player|p2|yeksdzus|170
|gametype|singles
|gen|5
|tier|[Gen 5] OU
|rated
|seed|17699,52238,52130,3155
|rule|Evasion Abilities Clause: Evasion abilities are banned
|rule|Baton Pass Clause: Limit one Baton Passer, can't pass Spe and other stats simultaneously
|rule|Swagger Clause: Swagger is banned
|clearpoke
|poke|p1|Alakazam, M|item
|poke|p1|Garchomp, M|item
|poke|p1|Ferrothorn, M|item
|poke|p1|Landorus-Therian, M|item
|poke|p1|Jellicent, M, shiny|item
|poke|p1|Tyranitar, M|item
|poke|p2|Garchomp, M, shiny|item
|poke|p2|Ferrothorn, F|item
|poke|p2|Latias, F|item
|poke|p2|Heatran, M|item
|poke|p2|Alakazam, F|item
|poke|p2|Reuniclus, M|item
|rule|Sleep Clause Mod: Limit one foe put to sleep
|rule|Species Clause: Limit one of each Pokémon
|rule|OHKO Clause: OHKO moves are banned
|rule|Moody Clause: Moody is banned
|rule|Evasion Moves Clause: Evasion moves are banned
|rule|Endless Battle Clause: Forcing endless battles is banned
|rule|HP Percentage Mod: HP is shown in percentages
|teampreview
|choice|team 4, team 2, team 3, team 1, team 5, team 6|team 1, team 2, team 3, team 4, team 5, team 6
|
|start
|switch|p1a: Landorus|Landorus-Therian, M|381/381
|switch|p2a: Garchomp|Garchomp, M, shiny|419/419
|-ability|p1a: Landorus|Intimidate|boost
|-unboost|p2a: Garchomp|atk|1
|turn|1
|choice|move hiddenpower|move stealthrock
|
|move|p2a: Garchomp|Stealth Rock|p1a: Landorus
|-sidestart|p1: wacan gyara|move: Stealth Rock
|move|p1a: Landorus|Hidden Power|p2a: Garchomp
|-supereffective|p2a: Garchomp
|-damage|p2a: Garchomp|163/419
|
|upkeep
|turn|2
|choice|move stealthrock|switch 2
|
|switch|p2a: Ferrothorn|Ferrothorn, F|352/352
|move|p1a: Landorus|Stealth Rock|p2a: Ferrothorn
|-sidestart|p2: yeksdzus|move: Stealth Rock
|
|upkeep
|turn|3
|choice|switch 3|move spikes
|
|switch|p1a: Ferrothorn|Ferrothorn, M|352/352
|-damage|p1a: Ferrothorn|330/352|[from] Stealth Rock
|move|p2a: Ferrothorn|Spikes|p1a: Ferrothorn
|-sidestart|p1: wacan gyara|Spikes
|
|-heal|p1a: Ferrothorn|352/352|[from] item: Leftovers
|upkeep
|turn|4
|choice|move knockoff|move spikes
|
|move|p2a: Ferrothorn|Spikes|p1a: Ferrothorn
|-sidestart|p1: wacan gyara|Spikes
|move|p1a: Ferrothorn|Knock Off|p2a: Ferrothorn
|-resisted|p2a: Ferrothorn
|-damage|p2a: Ferrothorn|346/352
|-damage|p1a: Ferrothorn|308/352|[from] ability: Iron Barbs|[of] p2a: Ferrothorn
|-enditem|p2a: Ferrothorn|Leftovers|[from] move: Knock Off|[of] p1a: Ferrothorn
|
|-heal|p1a: Ferrothorn|330/352|[from] item: Leftovers
|upkeep
|turn|5
|choice|move spikes|move spikes
|
|move|p2a: Ferrothorn|Spikes|p1a: Ferrothorn
|-sidestart|p1: wacan gyara|Spikes
|move|p1a: Ferrothorn|Spikes|p2a: Ferrothorn
|-sidestart|p2: yeksdzus|Spikes
|
|-heal|p1a: Ferrothorn|352/352|[from] item: Leftovers
|upkeep
|turn|6
|choice|move knockoff|switch 4
|
|switch|p2a: Heatran|Heatran, M|386/386
|-damage|p2a: Heatran|338/386|[from] Spikes
|-damage|p2a: Heatran|290/386|[from] Stealth Rock
|move|p1a: Ferrothorn|Knock Off|p2a: Heatran
|-resisted|p2a: Heatran
|-damage|p2a: Heatran|283/386
|-enditem|p2a: Heatran|Leftovers|[from] move: Knock Off|[of] p1a: Ferrothorn
|
|upkeep
|turn|7
|c|☆yeksdzus|nice
|choice|switch 4|move lavaplume
|
|switch|p1a: Alakazam|Alakazam, M|252/252
|move|p2a: Heatran|Lava Plume|p1a: Alakazam
|-damage|p1a: Alakazam|116/252
|
|upkeep
|turn|8
|c|☆wacan gyara|hmm
|choice|switch 5|move lavaplume
|
|switch|p1a: Jellicent|Jellicent, M, shiny|403/403
|-damage|p1a: Jellicent|303/403|[from] Spikes
|-damage|p1a: Jellicent|253/403|[from] Stealth Rock
|move|p2a: Heatran|Lava Plume|p1a: Jellicent
|-resisted|p1a: Jellicent
|-damage|p1a: Jellicent|206/403
|-status|p1a: Jellicent|brn
|
|-heal|p1a: Jellicent|231/403 brn|[from] item: Leftovers
|-damage|p1a: Jellicent|181/403 brn|[from] brn
|upkeep
|turn|9
|c|☆yeksdzus|sorry
|choice|move recover|move roar
|
|move|p1a: Jellicent|Recover|p1a: Jellicent
|-heal|p1a: Jellicent|383/403 brn
|move|p2a: Heatran|Roar|p1a: Jellicent
|drag|p1a: Alakazam|Alakazam, M|116/252
|
|upkeep
|turn|10
|c|☆wacan gyara|in fact is better than tox
|choice|switch 3|move lavaplume
|
|switch|p1a: Landorus|Landorus-Therian, M|381/381
|-damage|p1a: Landorus|334/381|[from] Stealth Rock
|-ability|p1a: Landorus|Intimidate|boost
|-unboost|p2a: Heatran|atk|1
|move|p2a: Heatran|Lava Plume|p1a: Landorus
|-crit|p1a: Landorus
|-damage|p1a: Landorus|39/381
|
|upkeep
|turn|11
|c|☆wacan gyara|that's ...
|c|☆wacan gyara|zzz
|c|☆yeksdzus|why did you let zams sash break?
|choice|move earthquake|switch 2
|
|switch|p2a: Garchomp|Garchomp, M, shiny|163/419
|-damage|p2a: Garchomp|111/419|[from] Spikes
|-damage|p2a: Garchomp|85/419|[from] Stealth Rock
|move|p1a: Landorus|Earthquake|p2a: Garchomp
|-damage|p2a: Garchomp|0 fnt
|faint|p2a: Garchomp
|
|upkeep
|c|☆wacan gyara|it's ok i think
|choice||switch 5
|
|switch|p2a: Alakazam|Alakazam, F|251/251
|turn|12
|choice|move uturn|move shadowball
|
|move|p2a: Alakazam|Shadow Ball|p1a: Landorus
|-damage|p1a: Landorus|0 fnt
|faint|p1a: Landorus
|
|upkeep
|choice|switch 6|
|
|switch|p1a: Tyranitar|Tyranitar, M|399/399
|-damage|p1a: Tyranitar|350/399|[from] Stealth Rock
|-damage|p1a: Tyranitar|251/399|[from] Spikes
|-weather|Sandstorm|[from] ability: Sand Stream|[of] p1a: Tyranitar
|turn|13
|choice|move pursuit|move focusblast
|
|move|p2a: Alakazam|Focus Blast|p1a: Tyranitar
|-supereffective|p1a: Tyranitar
|-enditem|p1a: Tyranitar|Chople Berry|[eat]
|-enditem|p1a: Tyranitar|Chople Berry|[weaken]
|-damage|p1a: Tyranitar|73/399
|move|p1a: Tyranitar|Pursuit|p2a: Alakazam
|-supereffective|p2a: Alakazam
|-crit|p2a: Alakazam
|-enditem|p2a: Alakazam|Focus Sash
|-damage|p2a: Alakazam|1/251
|
|-weather|Sandstorm|[upkeep]
|upkeep
|turn|14
|choice|move pursuit|move focusblast
|
|move|p2a: Alakazam|Focus Blast|p1a: Tyranitar
|-supereffective|p1a: Tyranitar
|-damage|p1a: Tyranitar|0 fnt
|faint|p1a: Tyranitar
|
|-weather|Sandstorm|[upkeep]
|upkeep
|choice|switch 2|
|
|switch|p1a: Garchomp|Garchomp, M|358/358
|-damage|p1a: Garchomp|269/358|[from] Spikes
|-damage|p1a: Garchomp|247/358|[from] Stealth Rock
|turn|15
|choice|move earthquake|move psychic
|
|move|p1a: Garchomp|Earthquake|p2a: Alakazam
|-damage|p2a: Alakazam|0 fnt
|faint|p2a: Alakazam
|
|-weather|Sandstorm|[upkeep]
|upkeep
|choice||switch 6
|
|switch|p2a: Reuniclus|Reuniclus, M|424/424
|turn|16
|choice|switch 4|move focusblast
|
|switch|p1a: Ferrothorn|Ferrothorn, M|352/352
|-damage|p1a: Ferrothorn|330/352|[from] Stealth Rock
|-damage|p1a: Ferrothorn|242/352|[from] Spikes
|move|p2a: Reuniclus|Focus Blast|p1a: Ferrothorn
|-supereffective|p1a: Ferrothorn
|-damage|p1a: Ferrothorn|80/352
|
|-weather|Sandstorm|[upkeep]
|-heal|p1a: Ferrothorn|102/352|[from] item: Leftovers
|upkeep
|turn|17
|choice|move knockoff|switch 2
|
|switch|p2a: Heatran|Heatran, M|283/386
|-damage|p2a: Heatran|235/386|[from] Stealth Rock
|-damage|p2a: Heatran|187/386|[from] Spikes
|move|p1a: Ferrothorn|Knock Off|p2a: Heatran
|-resisted|p2a: Heatran
|-damage|p2a: Heatran|179/386
|
|-weather|Sandstorm|[upkeep]
|-heal|p1a: Ferrothorn|124/352|[from] item: Leftovers
|upkeep
|turn|18
|choice|switch 5|move lavaplume
|
|switch|p1a: Jellicent|Jellicent, M, shiny|383/403 brn
|-damage|p1a: Jellicent|333/403 brn|[from] Stealth Rock
|-damage|p1a: Jellicent|233/403 brn|[from] Spikes
|move|p2a: Heatran|Lava Plume|p1a: Jellicent
|-resisted|p1a: Jellicent
|-damage|p1a: Jellicent|187/403 brn
|
|-weather|Sandstorm|[upkeep]
|-damage|p1a: Jellicent|162/403 brn|[from] sandstorm
|-heal|p1a: Jellicent|187/403 brn|[from] item: Leftovers
|-damage|p1a: Jellicent|137/403 brn|[from] brn
|upkeep
|turn|19
|choice|move scald|switch 3
|
|switch|p2a: Latias|Latias, F|364/364
|-damage|p2a: Latias|319/364|[from] Stealth Rock
|move|p1a: Jellicent|Scald|p2a: Latias
|-resisted|p2a: Latias
|-damage|p2a: Latias|287/364
|
|-weather|Sandstorm|[upkeep]
|-damage|p2a: Latias|265/364|[from] sandstorm
|-damage|p1a: Jellicent|112/403 brn|[from] sandstorm
|-heal|p2a: Latias|287/364|[from] item: Leftovers
|-heal|p1a: Jellicent|137/403 brn|[from] item: Leftovers
|-damage|p1a: Jellicent|87/403 brn|[from] brn
|upkeep
|turn|20
|choice|switch 4|move substitute
|
|switch|p1a: Garchomp|Garchomp, M|247/358
|-damage|p1a: Garchomp|225/358|[from] Stealth Rock
|-damage|p1a: Garchomp|136/358|[from] Spikes
|move|p2a: Latias|Substitute|p2a: Latias
|-start|p2a: Latias|Substitute
|-damage|p2a: Latias|196/364
|
|-weather|Sandstorm|[upkeep]
|-damage|p2a: Latias|174/364|[from] sandstorm
|-heal|p2a: Latias|196/364|[from] item: Leftovers
|upkeep
|turn|21
|choice|move fireblast|switch 4
|
|switch|p2a: Ferrothorn|Ferrothorn, F|346/352
|-damage|p2a: Ferrothorn|324/352|[from] Stealth Rock
|-damage|p2a: Ferrothorn|280/352|[from] Spikes
|move|p1a: Garchomp|Fire Blast|p2a: Ferrothorn
|-supereffective|p2a: Ferrothorn
|-damage|p2a: Ferrothorn|72/352
|
|-weather|Sandstorm|[upkeep]
|upkeep
|turn|22
|c|☆yeksdzus|OH
|c|☆yeksdzus|SHIT
|c|☆yeksdzus|NICE
|choice|switch 4|switch 3
|
|switch|p1a: Jellicent|Jellicent, M, shiny|87/403 brn
|-damage|p1a: Jellicent|37/403 brn|[from] Stealth Rock
|-damage|p1a: Jellicent|0 fnt|[from] Spikes
|faint|p1a: Jellicent
|switch|p2a: Heatran|Heatran, M|179/386
|-damage|p2a: Heatran|131/386|[from] Stealth Rock
|-damage|p2a: Heatran|83/386|[from] Spikes
|
|-weather|Sandstorm|[upkeep]
|upkeep
|choice|switch 3|
|
|switch|p1a: Alakazam|Alakazam, M|116/252
|turn|23
|choice|move focusblast|move lavaplume
|
|move|p1a: Alakazam|Focus Blast|p2a: Heatran
|-supereffective|p2a: Heatran
|-damage|p2a: Heatran|0 fnt
|faint|p2a: Heatran
|
|-weather|Sandstorm|[upkeep]
|upkeep
|j|ArchyForPresident
|choice||switch 2
|
|switch|p2a: Reuniclus|Reuniclus, M|424/424
|turn|24
|choice|move taunt|move calmmind
|
|move|p1a: Alakazam|Taunt|p2a: Reuniclus
|-start|p2a: Reuniclus|move: Taunt
|cant|p2a: Reuniclus|move: Taunt|Calm Mind
|
|-weather|Sandstorm|[upkeep]
|upkeep
|turn|25
|choice|move shadowball|move psyshock
|
|move|p1a: Alakazam|Shadow Ball|p2a: Reuniclus
|-supereffective|p2a: Reuniclus
|-damage|p2a: Reuniclus|198/424
|move|p2a: Reuniclus|Psyshock|p1a: Alakazam
|-resisted|p1a: Alakazam
|-damage|p1a: Alakazam|2/252
|
|-weather|Sandstorm|[upkeep]
|-heal|p2a: Reuniclus|224/424|[from] item: Leftovers
|upkeep
|turn|26
|choice|move shadowball|move psyshock
|
|move|p1a: Alakazam|Shadow Ball|p2a: Reuniclus
|-supereffective|p2a: Reuniclus
|-damage|p2a: Reuniclus|12/424
|move|p2a: Reuniclus|Psyshock|p1a: Alakazam
|-resisted|p1a: Alakazam
|-damage|p1a: Alakazam|0 fnt
|faint|p1a: Alakazam
|
|-weather|Sandstorm|[upkeep]
|-heal|p2a: Reuniclus|38/424|[from] item: Leftovers
|-end|p2a: Reuniclus|move: Taunt
|upkeep
|c|☆yeksdzus|damn
|c|☆yeksdzus|gg
|choice|switch 4|
|
|switch|p1a: Garchomp|Garchomp, M|136/358
|-damage|p1a: Garchomp|114/358|[from] Stealth Rock
|-damage|p1a: Garchomp|25/358|[from] Spikes
|turn|27
|c|☆yeksdzus|oh wairt
|c|☆yeksdzus|i think i win
|c|☆wacan gyara|yea
|c|☆yeksdzus|damn
|c|☆yeksdzus|gg
|c| ArchyForPresident|i think hard lati is the play here
|c| ArchyForPresident|always
|c|☆wacan gyara|no lol
|c| ArchyForPresident|no because
|c|☆wacan gyara|i lose regardless of what he does
|c|☆wacan gyara|or i do
|c| ArchyForPresident|you have to bank on the fb miss
|c| ArchyForPresident|with ferro
|choice|move outrage|move recover
|
|move|p1a: Garchomp|Outrage|p2a: Reuniclus
|-damage|p2a: Reuniclus|0 fnt
|faint|p2a: Reuniclus
|
|-weather|Sandstorm|[upkeep]
|upkeep
|choice||switch 3
|
|switch|p2a: Ferrothorn|Ferrothorn, F|72/352
|-damage|p2a: Ferrothorn|28/352|[from] Spikes
|-damage|p2a: Ferrothorn|6/352|[from] Stealth Rock
|turn|28
|choice|move outrage|move leechseed
|
|move|p1a: Garchomp|Outrage|p2a: Ferrothorn|[from]lockedmove
|-resisted|p2a: Ferrothorn
|-damage|p2a: Ferrothorn|0 fnt
|-damage|p1a: Garchomp|0 fnt|[from] ability: Iron Barbs|[of] p2a: Ferrothorn
|faint|p1a: Garchomp
|faint|p2a: Ferrothorn
|
|-weather|Sandstorm|[upkeep]
|upkeep
|choice|switch 5|switch 4
|
|switch|p2a: Latias|Latias, F|196/364
|switch|p1a: Ferrothorn|Ferrothorn, M|124/352
|-damage|p2a: Latias|151/364|[from] Stealth Rock
|-damage|p1a: Ferrothorn|102/352|[from] Stealth Rock
|-damage|p1a: Ferrothorn|14/352|[from] Spikes
|turn|29
|choice|move powerwhip|move dragonpulse
|
|move|p2a: Latias|Dragon Pulse|p1a: Ferrothorn
|-resisted|p1a: Ferrothorn
|-damage|p1a: Ferrothorn|0 fnt
|faint|p1a: Ferrothorn
|
|win|yeksdzus
|l|ArchyForPresident
|raw|wacan gyara's rating: 1508 &rarr; <strong>1476</strong><br />(-32 for losing)
|raw|yeksdzus's rating: 1268 &rarr; <strong>1308</strong><br />(+40 for winning)
|l|wacan gyara