|j|☆574rm4n
|j|☆av2336
|t:|1716633832
|gametype|singles
|player|p1|574rm4n|iris-gen5bw2|1474
|player|p2|av2336|pokemaniac-gen3rs|1452
|teamsize|p1|6
|teamsize|p2|6
|gen|5
|tier|[Gen 5] OU
|rated|
|rule|Species Clause: Limit one of each Pokémon
|rule|OHKO Clause: OHKO moves are banned
|rule|Moody Clause: Moody is banned
|rule|Evasion Items Clause: Evasion items are banned
|rule|Evasion Moves Clause: Evasion moves are banned
|rule|Endless Battle Clause: Forcing endless battles is banned
|rule|HP Percentage Mod: HP is shown in percentages
|rule|Evasion Abilities Clause: Evasion abilities are banned
|rule|Sleep Moves Clause: Sleep-inducing moves are banned
|rule|Swagger Clause: Swagger is banned
|rule|Baton Pass Stat Clause: No Baton Passer may have a way to boost its stats
|clearpoke
|poke|p1|Tyranitar, F|item
|poke|p1|Gliscor, F|item
|poke|p1|Slowbro, M|item
|poke|p1|Amoonguss, F|item
|poke|p1|Terrakion|item
|poke|p1|Excadrill, M|item
|poke|p2|Omastar, F|item
|poke|p2|Latios, M|item
|poke|p2|Jirachi|item
|poke|p2|Dugtrio, M|item
|poke|p2|Gyarados, F|item
|poke|p2|Conkeldurr, M|item
|teampreview
|inactive|Battle timer is ON: inactive players will automatically lose when time's up. (requested by av2336)
|
|t:|1716633847
|start
|switch|p1a: Tyranitar|Tyranitar, F|100/100
|switch|p2a: Dugtrio|Dugtrio, M|100/100
|-weather|Sandstorm|[from] ability: Sand Stream|[of] p1a: Tyranitar
|turn|1
|
|t:|1716633856
|move|p2a: Dugtrio|Earthquake|p1a: Tyranitar
|-supereffective|p1a: Tyranitar
|-crit|p1a: Tyranitar
|-damage|p1a: Tyranitar|0 fnt
|faint|p1a: Tyranitar
|
|-weather|Sandstorm|[upkeep]
|upkeep
|c|☆574rm4n|:(
|
|t:|1716633885
|switch|p1a: Slowbro|Slowbro, M|100/100
|turn|2
|
|t:|1716633891
|move|p2a: Dugtrio|Stealth Rock|p1a: Slowbro
|-sidestart|p1: 574rm4n|move: Stealth Rock
|move|p1a: Slowbro|Scald|p2a: Dugtrio
|-supereffective|p2a: Dugtrio
|-enditem|p2a: Dugtrio|Focus Sash
|-damage|p2a: Dugtrio|1/100
|
|-weather|Sandstorm|[upkeep]
|-damage|p1a: Slowbro|94/100|[from] Sandstorm
|-heal|p1a: Slowbro|100/100|[from] item: Leftovers
|upkeep
|turn|3
|
|t:|1716633909
|move|p2a: Dugtrio|Memento|p1a: Slowbro
|-unboost|p1a: Slowbro|atk|2
|-unboost|p1a: Slowbro|spa|2
|faint|p2a: Dugtrio
|move|p1a: Slowbro|Scald|p2: Dugtrio|[notarget]
|-fail|p1a: Slowbro
|
|-weather|Sandstorm|[upkeep]
|-damage|p1a: Slowbro|94/100|[from] Sandstorm
|-heal|p1a: Slowbro|100/100|[from] item: Leftovers
|upkeep
|
|t:|1716633918
|switch|p2a: Gyarados|Gyarados, F|100/100
|-ability|p2a: Gyarados|Intimidate|boost
|-unboost|p1a: Slowbro|atk|1
|turn|4
|
|t:|1716633926
|move|p2a: Gyarados|Substitute|p2a: Gyarados
|-start|p2a: Gyarados|Substitute
|-damage|p2a: Gyarados|76/100
|move|p1a: Slowbro|Thunder Wave||[still]
|-fail|p1a: Slowbro
|
|-weather|Sandstorm|[upkeep]
|-damage|p2a: Gyarados|69/100|[from] Sandstorm
|-damage|p1a: Slowbro|94/100|[from] Sandstorm
|-heal|p2a: Gyarados|76/100|[from] item: Leftovers
|-heal|p1a: Slowbro|100/100|[from] item: Leftovers
|upkeep
|turn|5
|
|t:|1716633935
|switch|p1a: Amoonguss|Amoonguss, F|100/100
|-damage|p1a: Amoonguss|88/100|[from] Stealth Rock
|move|p2a: Gyarados|Dragon Dance|p2a: Gyarados
|-boost|p2a: Gyarados|atk|1
|-boost|p2a: Gyarados|spe|1
|
|-weather|Sandstorm|[upkeep]
|-damage|p2a: Gyarados|69/100|[from] Sandstorm
|-damage|p1a: Amoonguss|82/100|[from] Sandstorm
|-heal|p2a: Gyarados|76/100|[from] item: Leftovers
|-heal|p1a: Amoonguss|88/100|[from] item: Black Sludge
|upkeep
|turn|6
|
|t:|1716633948
|move|p2a: Gyarados|Bounce||[still]
|-prepare|p2a: Gyarados|Bounce
|move|p1a: Amoonguss|Sludge Bomb|p2a: Gyarados|[miss]
|-miss|p1a: Amoonguss|p2a: Gyarados
|
|-weather|Sandstorm|[upkeep]
|-damage|p2a: Gyarados|69/100|[from] Sandstorm
|-damage|p1a: Amoonguss|82/100|[from] Sandstorm
|-heal|p2a: Gyarados|76/100|[from] item: Leftovers
|-heal|p1a: Amoonguss|88/100|[from] item: Black Sludge
|upkeep
|turn|7
|
|t:|1716633963
|switch|p1a: Gliscor|Gliscor, F|100/100
|-damage|p1a: Gliscor|88/100|[from] Stealth Rock
|move|p2a: Gyarados|Bounce|p1a: Gliscor|[from]lockedmove
|-damage|p1a: Gliscor|45/100
|-status|p1a: Gliscor|par
|
|-weather|Sandstorm|[upkeep]
|-damage|p2a: Gyarados|69/100|[from] Sandstorm
|-heal|p2a: Gyarados|76/100|[from] item: Leftovers
|upkeep
|turn|8
|
|t:|1716633968
|switch|p1a: Amoonguss|Amoonguss, F|100/100
|-damage|p1a: Amoonguss|88/100|[from] Stealth Rock
|move|p2a: Gyarados|Dragon Dance|p2a: Gyarados
|-boost|p2a: Gyarados|atk|1
|-boost|p2a: Gyarados|spe|1
|
|-weather|Sandstorm|[upkeep]
|-damage|p2a: Gyarados|69/100|[from] Sandstorm
|-damage|p1a: Amoonguss|82/100|[from] Sandstorm
|-heal|p2a: Gyarados|76/100|[from] item: Leftovers
|-heal|p1a: Amoonguss|88/100|[from] item: Black Sludge
|upkeep
|turn|9
|-message|574rm4n forfeited.
|
|win|av2336
|raw|574rm4n's rating: 1474 &rarr; <strong>1453</strong><br />(-21 for losing)
|raw|av2336's rating: 1452 &rarr; <strong>1473</strong><br />(+21 for winning)
|l|☆574rm4n
|player|p1|
