|j|☆Xalvadore
|j|☆Blossummm
|t:|1743118832
|gametype|singles
|player|p1|Xalvadore|101|1319
|player|p2|Blossummm|roxie|1399
|teamsize|p1|6
|teamsize|p2|6
|gen|5
|tier|[Gen 5] OU
|rated|
|rule|Species Clause: Limit one of each Pokémon
|rule|OHKO Clause: OHKO moves are banned
|rule|Moody Clause: Moody is banned
|rule|Evasion Items Clause: Evasion items are banned
|rule|Evasion Moves Clause: Evasion moves are banned
|rule|Endless Battle Clause: Forcing endless battles is banned
|rule|HP Percentage Mod: HP is shown in percentages
|rule|Evasion Abilities Clause: Evasion abilities are banned
|rule|Sleep Moves Clause: Sleep-inducing moves are banned
|rule|Swagger Clause: Swagger is banned
|rule|Baton Pass Stat Clause: No Baton Passer may have a way to boost its stats
|clearpoke
|poke|p1|Politoed, M|item
|poke|p1|Tentacruel, F|item
|poke|p1|Ferrothorn, M|item
|poke|p1|Latios, M|item
|poke|p1|Mamoswine, M|item
|poke|p1|Keldeo|item
|poke|p2|Tyranitar, F|item
|poke|p2|Ferrothorn, M|item
|poke|p2|Alakazam, M|item
|poke|p2|Landorus-Therian, M|item
|poke|p2|Latios, M|item
|poke|p2|Machamp, F|item
|teampreview
|
|t:|1743118839
|start
|switch|p1a: Ferrothorn|Ferrothorn, M|100/100
|switch|p2a: Tyranitar|Tyranitar, F, shiny|100/100
|-weather|Sandstorm|[from] ability: Sand Stream|[of] p2a: Tyranitar
|turn|1
|
|t:|1743118848
|switch|p2a: Machamp|Machamp, F|100/100
|move|p1a: Ferrothorn|Stealth Rock|p2a: Machamp
|-sidestart|p2: Blossummm|move: Stealth Rock
|
|-weather|Sandstorm|[upkeep]
|-damage|p2a: Machamp|94/100|[from] Sandstorm
|upkeep
|turn|2
|
|t:|1743118853
|switch|p1a: Latios|Latios, M|100/100
|move|p2a: Machamp|Dynamic Punch|p1a: Latios
|-resisted|p1a: Latios
|-damage|p1a: Latios|64/100
|-start|p1a: Latios|confusion
|
|-weather|Sandstorm|[upkeep]
|-damage|p1a: Latios|58/100|[from] Sandstorm
|-damage|p2a: Machamp|88/100|[from] Sandstorm
|upkeep
|turn|3
|
|t:|1743118860
|switch|p1a: Politoed|Politoed, M, shiny|100/100
|-weather|RainDance|[from] ability: Drizzle|[of] p1a: Politoed
|move|p2a: Machamp|Dynamic Punch|p1a: Politoed
|-damage|p1a: Politoed|38/100
|-start|p1a: Politoed|confusion
|
|-weather|RainDance|[upkeep]
|-heal|p1a: Politoed|44/100|[from] item: Leftovers
|upkeep
|turn|4
|
|t:|1743118864
|switch|p1a: Tentacruel|Tentacruel, F|100/100
|move|p2a: Machamp|Dynamic Punch|p1a: Tentacruel
|-resisted|p1a: Tentacruel
|-damage|p1a: Tentacruel|70/100
|-start|p1a: Tentacruel|confusion
|
|-weather|RainDance|[upkeep]
|-heal|p1a: Tentacruel|76/100|[from] ability: Rain Dish
|-heal|p1a: Tentacruel|82/100|[from] item: Black Sludge
|upkeep
|turn|5
|
|t:|1743118870
|switch|p2a: Ferrothorn|Ferrothorn, M|100/100
|-damage|p2a: Ferrothorn|94/100|[from] Stealth Rock
|-activate|p1a: Tentacruel|confusion
|move|p1a: Tentacruel|Scald|p2a: Ferrothorn
|-resisted|p2a: Ferrothorn
|-crit|p2a: Ferrothorn
|-damage|p2a: Ferrothorn|68/100
|
|-weather|RainDance|[upkeep]
|-heal|p1a: Tentacruel|88/100|[from] ability: Rain Dish
|-heal|p1a: Tentacruel|94/100|[from] item: Black Sludge
|-heal|p2a: Ferrothorn|74/100|[from] item: Leftovers
|upkeep
|turn|6
|
|t:|1743118886
|switch|p1a: Ferrothorn|Ferrothorn, M|100/100
|move|p2a: Ferrothorn|Spikes|p1a: Ferrothorn
|-sidestart|p1: Xalvadore|Spikes
|
|-weather|RainDance|[upkeep]
|-heal|p2a: Ferrothorn|81/100|[from] item: Leftovers
|upkeep
|turn|7
|
|t:|1743118896
|switch|p2a: Machamp|Machamp, F|88/100
|-damage|p2a: Machamp|82/100|[from] Stealth Rock
|switch|p1a: Keldeo|Keldeo|100/100
|-damage|p1a: Keldeo|88/100|[from] Spikes
|
|-weather|RainDance|[upkeep]
|upkeep
|turn|8
|
|t:|1743118900
|move|p1a: Keldeo|Hydro Pump|p2a: Machamp
|-damage|p2a: Machamp|0 fnt
|faint|p2a: Machamp
|
|-weather|RainDance|[upkeep]
|upkeep
|
|t:|1743118919
|switch|p2a: Latios|Latios, M|100/100
|-damage|p2a: Latios|88/100|[from] Stealth Rock
|turn|9
|
|t:|1743118930
|switch|p1a: Ferrothorn|Ferrothorn, M|100/100
|-damage|p1a: Ferrothorn|88/100|[from] Spikes
|move|p2a: Latios|Ice Beam|p1a: Ferrothorn
|-damage|p1a: Ferrothorn|58/100
|
|-weather|RainDance|[upkeep]
|-heal|p1a: Ferrothorn|64/100|[from] item: Leftovers
|upkeep
|turn|10
|
|t:|1743118936
|move|p2a: Latios|Ice Beam|p1a: Ferrothorn
|-damage|p1a: Ferrothorn|33/100
|move|p1a: Ferrothorn|Gyro Ball|p2a: Latios
|-damage|p2a: Latios|21/100
|
|-weather|RainDance|[upkeep]
|-heal|p1a: Ferrothorn|40/100|[from] item: Leftovers
|upkeep
|turn|11
|
|t:|1743118942
|switch|p2a: Landorus|Landorus-Therian, M|100/100
|-damage|p2a: Landorus|88/100|[from] Stealth Rock
|-ability|p2a: Landorus|Intimidate|boost
|-unboost|p1a: Ferrothorn|atk|1
|move|p1a: Ferrothorn|Gyro Ball|p2a: Landorus
|-damage|p2a: Landorus|69/100
|
|-weather|RainDance|[upkeep]
|-heal|p2a: Landorus|75/100|[from] item: Leftovers
|-heal|p1a: Ferrothorn|46/100|[from] item: Leftovers
|upkeep
|turn|12
|
|t:|1743118948
|switch|p1a: Latios|Latios, M|58/100
|move|p2a: Landorus|Stealth Rock|p1a: Latios
|-sidestart|p1: Xalvadore|move: Stealth Rock
|
|-weather|RainDance|[upkeep]
|-heal|p2a: Landorus|81/100|[from] item: Leftovers
|upkeep
|turn|13
|
|t:|1743118952
|move|p1a: Latios|Surf|p2a: Landorus
|-supereffective|p2a: Landorus
|-damage|p2a: Landorus|0 fnt
|faint|p2a: Landorus
|
|-weather|RainDance|[upkeep]
|upkeep
|
|t:|1743118955
|switch|p2a: Tyranitar|Tyranitar, F, shiny|100/100
|-damage|p2a: Tyranitar|88/100|[from] Stealth Rock
|-weather|Sandstorm|[from] ability: Sand Stream|[of] p2a: Tyranitar
|turn|14
|
|t:|1743118968
|switch|p1a: Ferrothorn|Ferrothorn, M|46/100
|-damage|p1a: Ferrothorn|33/100|[from] Spikes
|-damage|p1a: Ferrothorn|27/100|[from] Stealth Rock
|move|p2a: Tyranitar|Crunch|p1a: Ferrothorn
|-resisted|p1a: Ferrothorn
|-damage|p1a: Ferrothorn|10/100
|-unboost|p1a: Ferrothorn|def|1
|-damage|p2a: Tyranitar|76/100|[from] ability: Iron Barbs|[of] p1a: Ferrothorn
|
|-weather|Sandstorm|[upkeep]
|-heal|p1a: Ferrothorn|16/100|[from] item: Leftovers
|upkeep
|turn|15
|
|t:|1743118980
|move|p2a: Tyranitar|Crunch|p1a: Ferrothorn
|-resisted|p1a: Ferrothorn
|-damage|p1a: Ferrothorn|0 fnt
|-damage|p2a: Tyranitar|63/100|[from] ability: Iron Barbs|[of] p1a: Ferrothorn
|faint|p1a: Ferrothorn
|
|-weather|Sandstorm|[upkeep]
|upkeep
|
|t:|1743118983
|switch|p1a: Politoed|Politoed, M, shiny|44/100
|-damage|p1a: Politoed|31/100|[from] Spikes
|-damage|p1a: Politoed|19/100|[from] Stealth Rock
|-weather|RainDance|[from] ability: Drizzle|[of] p1a: Politoed
|turn|16
|
|t:|1743118988
|switch|p2a: Ferrothorn|Ferrothorn, M|81/100
|-damage|p2a: Ferrothorn|74/100|[from] Stealth Rock
|move|p1a: Politoed|Scald|p2a: Ferrothorn
|-resisted|p2a: Ferrothorn
|-damage|p2a: Ferrothorn|58/100
|
|-weather|RainDance|[upkeep]
|-heal|p1a: Politoed|25/100|[from] item: Leftovers
|-heal|p2a: Ferrothorn|65/100|[from] item: Leftovers
|upkeep
|turn|17
|
|t:|1743118995
|move|p1a: Politoed|Scald|p2a: Ferrothorn
|-resisted|p2a: Ferrothorn
|-damage|p2a: Ferrothorn|51/100
|-status|p2a: Ferrothorn|brn
|move|p2a: Ferrothorn|Leech Seed|p1a: Politoed
|-start|p1a: Politoed|move: Leech Seed
|
|-weather|RainDance|[upkeep]
|-heal|p1a: Politoed|31/100|[from] item: Leftovers
|-heal|p2a: Ferrothorn|57/100 brn|[from] item: Leftovers
|-damage|p1a: Politoed|19/100|[from] Leech Seed|[of] p2a: Ferrothorn
|-heal|p2a: Ferrothorn|71/100 brn|[silent]
|-damage|p2a: Ferrothorn|58/100 brn|[from] brn
|upkeep
|turn|18
|
|t:|1743119000
|move|p1a: Politoed|Encore|p2a: Ferrothorn
|-start|p2a: Ferrothorn|Encore
|move|p2a: Ferrothorn|Leech Seed||[still]
|-fail|p2a: Ferrothorn
|
|-weather|RainDance|[upkeep]
|-heal|p1a: Politoed|25/100|[from] item: Leftovers
|-heal|p2a: Ferrothorn|65/100 brn|[from] item: Leftovers
|-damage|p1a: Politoed|13/100|[from] Leech Seed|[of] p2a: Ferrothorn
|-heal|p2a: Ferrothorn|78/100 brn|[silent]
|-damage|p2a: Ferrothorn|66/100 brn|[from] brn
|upkeep
|turn|19
|
|t:|1743119005
|switch|p1a: Mamoswine|Mamoswine, M|100/100
|-damage|p1a: Mamoswine|88/100|[from] Spikes
|-damage|p1a: Mamoswine|76/100|[from] Stealth Rock
|move|p2a: Ferrothorn|Leech Seed|p1a: Mamoswine
|-start|p1a: Mamoswine|move: Leech Seed
|
|-weather|RainDance|[upkeep]
|-heal|p2a: Ferrothorn|72/100 brn|[from] item: Leftovers
|-damage|p1a: Mamoswine|63/100|[from] Leech Seed|[of] p2a: Ferrothorn
|-heal|p2a: Ferrothorn|85/100 brn|[silent]
|-damage|p2a: Ferrothorn|72/100 brn|[from] brn
|upkeep
|turn|20
|
|t:|1743119010
|move|p1a: Mamoswine|Earthquake|p2a: Ferrothorn
|-damage|p2a: Ferrothorn|35/100 brn
|move|p2a: Ferrothorn|Leech Seed||[still]
|-fail|p2a: Ferrothorn
|
|-weather|RainDance|[upkeep]
|-heal|p2a: Ferrothorn|41/100 brn|[from] item: Leftovers
|-damage|p1a: Mamoswine|51/100|[from] Leech Seed|[of] p2a: Ferrothorn
|-heal|p2a: Ferrothorn|54/100 brn|[silent]
|-damage|p2a: Ferrothorn|41/100 brn|[from] brn
|-end|p2a: Ferrothorn|Encore
|upkeep
|turn|21
|
|t:|1743119015
|switch|p1a: Keldeo|Keldeo|88/100
|-damage|p1a: Keldeo|76/100|[from] Spikes
|-damage|p1a: Keldeo|70/100|[from] Stealth Rock
|move|p2a: Ferrothorn|Power Whip|p1a: Keldeo
|-supereffective|p1a: Keldeo
|-damage|p1a: Keldeo|23/100
|
|-weather|RainDance|[upkeep]
|-heal|p2a: Ferrothorn|48/100 brn|[from] item: Leftovers
|-damage|p2a: Ferrothorn|35/100 brn|[from] brn
|upkeep
|turn|22
|
|t:|1743119024
|move|p1a: Keldeo|Secret Sword|p2a: Ferrothorn
|-supereffective|p2a: Ferrothorn
|-damage|p2a: Ferrothorn|0 fnt
|faint|p2a: Ferrothorn
|
|-weather|RainDance|[upkeep]
|upkeep
|j| BRUL3D
|
|t:|1743119035
|switch|p2a: Alakazam|Alakazam, M|100/100
|turn|23
|
|t:|1743119039
|move|p1a: Keldeo|Secret Sword|p2a: Alakazam
|-resisted|p2a: Alakazam
|-damage|p2a: Alakazam|40/100
|move|p2a: Alakazam|Psychic|p1a: Keldeo
|-supereffective|p1a: Keldeo
|-damage|p1a: Keldeo|0 fnt
|faint|p1a: Keldeo
|
|-weather|RainDance|[upkeep]
|upkeep
|
|t:|1743119044
|switch|p1a: Mamoswine|Mamoswine, M|51/100
|-damage|p1a: Mamoswine|38/100|[from] Spikes
|-damage|p1a: Mamoswine|26/100|[from] Stealth Rock
|turn|24
|
|t:|1743119047
|switch|p2a: Tyranitar|Tyranitar, F, shiny|63/100
|-damage|p2a: Tyranitar|51/100|[from] Stealth Rock
|-weather|Sandstorm|[from] ability: Sand Stream|[of] p2a: Tyranitar
|move|p1a: Mamoswine|Ice Shard|p2a: Tyranitar
|-damage|p2a: Tyranitar|27/100
|
|-weather|Sandstorm|[upkeep]
|upkeep
|turn|25
|
|t:|1743119058
|move|p1a: Mamoswine|Earthquake|p2a: Tyranitar
|-supereffective|p2a: Tyranitar
|-damage|p2a: Tyranitar|0 fnt
|faint|p2a: Tyranitar
|
|-weather|Sandstorm|[upkeep]
|upkeep
|
|t:|1743119061
|switch|p2a: Alakazam|Alakazam, M|40/100
|turn|26
|
|t:|1743119065
|move|p1a: Mamoswine|Ice Shard|p2a: Alakazam
|-damage|p2a: Alakazam|0 fnt
|faint|p2a: Alakazam
|
|-weather|Sandstorm|[upkeep]
|upkeep
|
|t:|1743119067
|switch|p2a: Latios|Latios, M|21/100
|-damage|p2a: Latios|9/100|[from] Stealth Rock
|turn|27
|
|t:|1743119070
|move|p1a: Mamoswine|Ice Shard|p2a: Latios
|-supereffective|p2a: Latios
|-damage|p2a: Latios|0 fnt
|faint|p2a: Latios
|
|win|Xalvadore
|raw|Xalvadore's rating: 1319 &rarr; <strong>1344</strong><br />(+25 for winning)
|raw|Blossummm's rating: 1399 &rarr; <strong>1374</strong><br />(-25 for losing)
|c|☆Xalvadore|gg
|c|☆Xalvadore|\
