|j|☆IRLurker
|j|☆sankafola
|player|p1|IRLurker|123|1355
|player|p2|sankafola|juan|1375
|teamsize|p1|6
|teamsize|p2|6
|gametype|singles
|gen|5
|tier|[Gen 5] OU
|rated|
|rule|Species Clause: Limit one of each Pokémon
|rule|OHKO Clause: OHKO moves are banned
|rule|Moody Clause: Moody is banned
|rule|Evasion Moves Clause: Evasion moves are banned
|rule|Endless Battle Clause: Forcing endless battles is banned
|rule|HP Percentage Mod: HP is shown in percentages
|rule|Evasion Abilities Clause: Evasion abilities are banned
|rule|Baton Pass Clause: Limit one Baton Passer, can't pass Spe and other stats simultaneously
|rule|Sleep Clause: Sleep-inducing moves are banned
|rule|Swagger Clause: Swagger is banned
|clearpoke
|poke|p1|Azelf|item
|poke|p1|Hydreigon, M|item
|poke|p1|Metagross|item
|poke|p1|Salamence, F|item
|poke|p1|Jellicent, F|item
|poke|p1|Tyranitar, F|item
|poke|p2|Lucario, M|item
|poke|p2|Forretress, F|item
|poke|p2|Scizor, F|item
|poke|p2|Gengar, F|item
|poke|p2|Latios, M|item
|poke|p2|Keldeo-Resolute|item
|teampreview
|inactive|Battle timer is ON: inactive players will automatically lose when time's up. (requested by IRLurker)
|
|start
|switch|p1a: Azelf|Azelf|100/100
|switch|p2a: Latios|Latios, M|100/100
|turn|1
|
|move|p1a: Azelf|Stealth Rock|p2a: Latios
|-sidestart|p2: sankafola|move: Stealth Rock
|move|p2a: Latios|Trick|p1a: Azelf
|-activate|p2a: Latios|move: Trick|[of] p1a: Azelf
|-item|p1a: Azelf|Choice Specs|[from] move: Trick
|-item|p2a: Latios|Focus Sash|[from] move: Trick
|
|upkeep
|turn|2
|j| FSD19329
|
|move|p1a: Azelf|Fire Blast|p2a: Latios
|-resisted|p2a: Latios
|-damage|p2a: Latios|68/100
|move|p2a: Latios|Surf|p1a: Azelf
|-crit|p1a: Azelf
|-damage|p1a: Azelf|0 fnt
|faint|p1a: Azelf
|
|upkeep
|
|switch|p1a: Metagross|Metagross|100/100
|turn|3
|
|switch|p1a: Jellicent|Jellicent, F|100/100
|move|p2a: Latios|Surf|p1a: Jellicent
|-immune|p1a: Jellicent|[from] ability: Water Absorb
|
|upkeep
|turn|4
|
|switch|p1a: Tyranitar|Tyranitar, F|100/100
|-weather|Sandstorm|[from] ability: Sand Stream|[of] p1a: Tyranitar
|move|p2a: Latios|Surf|p1a: Tyranitar
|-supereffective|p1a: Tyranitar
|-damage|p1a: Tyranitar|67/100
|
|-weather|Sandstorm|[upkeep]
|-damage|p2a: Latios|62/100|[from] Sandstorm
|upkeep
|turn|5
|
|move|p2a: Latios|Draco Meteor|p1a: Tyranitar
|-damage|p1a: Tyranitar|26/100
|-unboost|p2a: Latios|spa|2
|move|p1a: Tyranitar|Pursuit|p2a: Latios
|-supereffective|p2a: Latios
|-damage|p2a: Latios|0 fnt
|faint|p2a: Latios
|
|-weather|Sandstorm|[upkeep]
|upkeep
|
|switch|p2a: Forretress|Forretress, F|100/100
|-damage|p2a: Forretress|88/100|[from] Stealth Rock
|turn|6
|
|switch|p1a: Jellicent|Jellicent, F|100/100
|move|p2a: Forretress|Stealth Rock|p1a: Jellicent
|-sidestart|p1: IRLurker|move: Stealth Rock
|
|-weather|Sandstorm|[upkeep]
|-damage|p1a: Jellicent|94/100|[from] Sandstorm
|-heal|p1a: Jellicent|100/100|[from] item: Leftovers
|upkeep
|turn|7
|
|move|p1a: Jellicent|Taunt|p2a: Forretress
|-start|p2a: Forretress|move: Taunt
|cant|p2a: Forretress|move: Taunt|Spikes
|
|-weather|Sandstorm|[upkeep]
|-damage|p1a: Jellicent|94/100|[from] Sandstorm
|-heal|p1a: Jellicent|100/100|[from] item: Leftovers
|upkeep
|turn|8
|
|move|p1a: Jellicent|Scald|p2a: Forretress
|-damage|p2a: Forretress|50/100
|-status|p2a: Forretress|brn
|move|p2a: Forretress|Explosion|p1a: Jellicent
|-immune|p1a: Jellicent
|faint|p2a: Forretress
|
|-weather|Sandstorm|[upkeep]
|-damage|p1a: Jellicent|94/100|[from] Sandstorm
|-heal|p1a: Jellicent|100/100|[from] item: Leftovers
|upkeep
|
|switch|p2a: Gengar|Gengar, F|100/100
|-damage|p2a: Gengar|88/100|[from] Stealth Rock
|turn|9
|
|move|p2a: Gengar|Substitute|p2a: Gengar
|-start|p2a: Gengar|Substitute
|-damage|p2a: Gengar|63/100
|move|p1a: Jellicent|Scald|p2a: Gengar
|-end|p2a: Gengar|Substitute
|
|-weather|Sandstorm|[upkeep]
|-damage|p2a: Gengar|57/100|[from] Sandstorm
|-damage|p1a: Jellicent|94/100|[from] Sandstorm
|-heal|p2a: Gengar|63/100|[from] item: Black Sludge
|-heal|p1a: Jellicent|100/100|[from] item: Leftovers
|upkeep
|turn|10
|
|move|p2a: Gengar|Disable|p1a: Jellicent
|-start|p1a: Jellicent|Disable|Scald
|cant|p1a: Jellicent|Disable|Scald
|
|-weather|Sandstorm|[upkeep]
|-damage|p2a: Gengar|57/100|[from] Sandstorm
|-damage|p1a: Jellicent|94/100|[from] Sandstorm
|-heal|p2a: Gengar|63/100|[from] item: Black Sludge
|-heal|p1a: Jellicent|100/100|[from] item: Leftovers
|upkeep
|turn|11
|
|switch|p1a: Metagross|Metagross|100/100
|-damage|p1a: Metagross|94/100|[from] Stealth Rock
|move|p2a: Gengar|Substitute|p2a: Gengar
|-start|p2a: Gengar|Substitute
|-damage|p2a: Gengar|39/100
|
|-weather|Sandstorm|[upkeep]
|-damage|p2a: Gengar|33/100|[from] Sandstorm
|-heal|p2a: Gengar|39/100|[from] item: Black Sludge
|upkeep
|turn|12
|
|move|p1a: Metagross|Bullet Punch|p2a: Gengar
|-end|p2a: Gengar|Substitute
|move|p2a: Gengar|Shadow Ball|p1a: Metagross
|-damage|p1a: Metagross|45/100
|
|-weather|Sandstorm|[upkeep]
|-damage|p2a: Gengar|33/100|[from] Sandstorm
|-heal|p2a: Gengar|39/100|[from] item: Black Sludge
|upkeep
|turn|13
|
|move|p1a: Metagross|Bullet Punch|p2a: Gengar
|-damage|p2a: Gengar|0 fnt
|faint|p2a: Gengar
|
|-weather|Sandstorm|[upkeep]
|upkeep
|
|switch|p2a: Scizor|Scizor, F|100/100
|-damage|p2a: Scizor|88/100|[from] Stealth Rock
|turn|14
|
|switch|p1a: Jellicent|Jellicent, F|100/100
|-damage|p1a: Jellicent|88/100|[from] Stealth Rock
|move|p2a: Scizor|Swords Dance|p2a: Scizor
|-boost|p2a: Scizor|atk|2
|
|-weather|Sandstorm|[upkeep]
|-damage|p1a: Jellicent|82/100|[from] Sandstorm
|-heal|p1a: Jellicent|88/100|[from] item: Leftovers
|upkeep
|turn|15
|
|move|p2a: Scizor|Acrobatics|p1a: Jellicent
|-enditem|p2a: Scizor|Flying Gem|[from] gem|[move] Acrobatics
|-damage|p1a: Jellicent|0 fnt
|faint|p1a: Jellicent
|
|-weather|Sandstorm|[upkeep]
|upkeep
|j| Le Austin
|l| Le Austin
|
|switch|p1a: Metagross|Metagross|45/100
|-damage|p1a: Metagross|39/100|[from] Stealth Rock
|turn|16
|
|move|p2a: Scizor|Bullet Punch|p1a: Metagross
|-resisted|p1a: Metagross
|-damage|p1a: Metagross|11/100
|move|p1a: Metagross|Hammer Arm|p2a: Scizor
|-damage|p2a: Scizor|23/100
|-unboost|p1a: Metagross|spe|1
|
|-weather|Sandstorm|[upkeep]
|upkeep
|turn|17
|
|move|p2a: Scizor|Bullet Punch|p1a: Metagross
|-resisted|p1a: Metagross
|-damage|p1a: Metagross|0 fnt
|faint|p1a: Metagross
|
|-weather|Sandstorm|[upkeep]
|upkeep
|
|switch|p1a: Salamence|Salamence, F|100/100
|-damage|p1a: Salamence|76/100|[from] Stealth Rock
|-ability|p1a: Salamence|Intimidate|boost
|-unboost|p2a: Scizor|atk|1
|turn|18
|j| Olemop
|
|move|p2a: Scizor|Bullet Punch|p1a: Salamence
|-damage|p1a: Salamence|14/100
|move|p1a: Salamence|Earthquake|p2a: Scizor
|-damage|p2a: Scizor|0 fnt
|faint|p2a: Scizor
|
|-weather|Sandstorm|[upkeep]
|-damage|p1a: Salamence|8/100|[from] Sandstorm
|upkeep
|
|switch|p2a: Lucario|Lucario, M|100/100
|-damage|p2a: Lucario|98/100|[from] Stealth Rock
|turn|19
|
|move|p2a: Lucario|Extreme Speed|p1a: Salamence
|-damage|p1a: Salamence|0 fnt
|-damage|p2a: Lucario|88/100|[from] item: Life Orb
|faint|p1a: Salamence
|
|-weather|Sandstorm|[upkeep]
|upkeep
|
|switch|p1a: Hydreigon|Hydreigon, M|100/100
|-damage|p1a: Hydreigon|88/100|[from] Stealth Rock
|turn|20
|
|move|p2a: Lucario|Extreme Speed|p1a: Hydreigon
|-damage|p1a: Hydreigon|46/100
|-damage|p2a: Lucario|78/100|[from] item: Life Orb
|move|p1a: Hydreigon|Fire Blast|p2a: Lucario
|-supereffective|p2a: Lucario
|-damage|p2a: Lucario|0 fnt
|faint|p2a: Lucario
|
|-weather|Sandstorm|[upkeep]
|-damage|p1a: Hydreigon|40/100|[from] Sandstorm
|upkeep
|
|switch|p2a: Keldeo|Keldeo-Resolute|100/100
|-damage|p2a: Keldeo|94/100|[from] Stealth Rock
|turn|21
|
|switch|p1a: Tyranitar|Tyranitar, F|26/100
|-damage|p1a: Tyranitar|14/100|[from] Stealth Rock
|move|p2a: Keldeo|Secret Sword|p1a: Tyranitar
|-supereffective|p1a: Tyranitar
|-damage|p1a: Tyranitar|0 fnt
|faint|p1a: Tyranitar
|
|-weather|Sandstorm|[upkeep]
|-damage|p2a: Keldeo|88/100|[from] Sandstorm
|upkeep
|
|switch|p1a: Hydreigon|Hydreigon, M|40/100
|-damage|p1a: Hydreigon|27/100|[from] Stealth Rock
|turn|22
|
|move|p2a: Keldeo|Secret Sword|p1a: Hydreigon
|-supereffective|p1a: Hydreigon
|-damage|p1a: Hydreigon|0 fnt
|faint|p1a: Hydreigon
|
|win|sankafola
|c|☆sankafola|gg
|l|☆IRLurker
|raw|IRLurker's rating: 1355 &rarr; <strong>1335</strong><br />(-20 for losing)
|raw|sankafola's rating: 1353 &rarr; <strong>1373</strong><br />(+20 for winning)
