|j|☆porrompompom
|j|☆firelit nights
|player|p1|porrompompom|266
|player|p2|firelit nights|158
|teamsize|p1|6
|teamsize|p2|6
|gametype|singles
|gen|5
|tier|[Gen 5] OU
|rated|
|rule|Sleep Clause Mod: Limit one foe put to sleep
|rule|Species Clause: Limit one of each Pokémon
|rule|OHKO Clause: OHKO moves are banned
|rule|Moody Clause: Moody is banned
|rule|Evasion Moves Clause: Evasion moves are banned
|rule|Endless Battle Clause: Forcing endless battles is banned
|rule|HP Percentage Mod: HP is shown in percentages
|rule|Evasion Abilities Clause: Evasion abilities are banned
|rule|Baton Pass Clause: Limit one Baton Passer, can't pass Spe and other stats simultaneously
|rule|Swagger Clause: Swagger is banned
|clearpoke
|poke|p1|Heracross, F|item
|poke|p1|Starmie|item
|poke|p1|Heatran, F|item
|poke|p1|Tangrowth, F|item
|poke|p1|Landorus-Therian, M|item
|poke|p1|Chansey, F|item
|poke|p2|Excadrill, F|item
|poke|p2|Magneton|item
|poke|p2|Kyurem-Black|item
|poke|p2|Latias, F|item
|poke|p2|Salamence, F|item
|poke|p2|Garchomp, M|item
|teampreview
|
|start
|switch|p1a: Starmie|Starmie|100/100
|switch|p2a: Excadrill|Excadrill, F|100/100
|-ability|p2a: Excadrill|Mold Breaker
|-item|p2a: Excadrill|Air Balloon
|turn|1
|
|switch|p2a: Latias|Latias, F|100/100
|move|p1a: Starmie|Toxic|p2a: Latias
|-status|p2a: Latias|tox
|
|-damage|p2a: Latias|95/100 tox|[from] psn
|upkeep
|turn|2
|
|switch|p1a: Heatran|Heatran, F|100/100
|switch|p2a: Kyurem|Kyurem-Black|100/100
|-ability|p2a: Kyurem|Teravolt
|
|upkeep
|turn|3
|
|switch|p1a: Chansey|Chansey, F|100/100
|move|p2a: Kyurem|Outrage|p1a: Chansey
|-damage|p1a: Chansey|18/100
|
|upkeep
|turn|4
|
|move|p2a: Kyurem|Outrage|p1a: Chansey|[from]lockedmove
|-damage|p1a: Chansey|0 fnt
|-start|p2a: Kyurem|confusion|[fatigue]
|faint|p1a: Chansey
|
|upkeep
|
|switch|p1a: Heatran|Heatran, F|100/100
|turn|5
|
|switch|p2a: Excadrill|Excadrill, F|100/100
|-ability|p2a: Excadrill|Mold Breaker
|-item|p2a: Excadrill|Air Balloon
|move|p1a: Heatran|Will-O-Wisp|p2a: Excadrill
|-status|p2a: Excadrill|brn
|
|-damage|p2a: Excadrill|88/100 brn|[from] brn
|upkeep
|turn|6
|
|switch|p1a: Starmie|Starmie|100/100
|move|p2a: Excadrill|Stealth Rock|p1a: Starmie
|-sidestart|p1: porrompompom|move: Stealth Rock
|
|-damage|p2a: Excadrill|76/100 brn|[from] brn
|upkeep
|turn|7
|
|move|p1a: Starmie|Rapid Spin|p2a: Excadrill
|-resisted|p2a: Excadrill
|-damage|p2a: Excadrill|74/100 brn
|-enditem|p2a: Excadrill|Air Balloon
|-sideend|p1: porrompompom|Stealth Rock|[from] move: Rapid Spin|[of] p1a: Starmie
|move|p2a: Excadrill|Stealth Rock|p1a: Starmie
|-sidestart|p1: porrompompom|move: Stealth Rock
|
|-damage|p2a: Excadrill|61/100 brn|[from] brn
|upkeep
|turn|8
|
|move|p1a: Starmie|Rapid Spin|p2a: Excadrill
|-resisted|p2a: Excadrill
|-damage|p2a: Excadrill|60/100 brn
|-sideend|p1: porrompompom|Stealth Rock|[from] move: Rapid Spin|[of] p1a: Starmie
|move|p2a: Excadrill|Stealth Rock|p1a: Starmie
|-sidestart|p1: porrompompom|move: Stealth Rock
|
|-damage|p2a: Excadrill|47/100 brn|[from] brn
|upkeep
|turn|9
|
|move|p1a: Starmie|Rapid Spin|p2a: Excadrill
|-resisted|p2a: Excadrill
|-damage|p2a: Excadrill|45/100 brn
|-sideend|p1: porrompompom|Stealth Rock|[from] move: Rapid Spin|[of] p1a: Starmie
|move|p2a: Excadrill|Stealth Rock|p1a: Starmie
|-sidestart|p1: porrompompom|move: Stealth Rock
|
|-damage|p2a: Excadrill|32/100 brn|[from] brn
|upkeep
|turn|10
|
|move|p1a: Starmie|Rapid Spin|p2a: Excadrill
|-resisted|p2a: Excadrill
|-damage|p2a: Excadrill|31/100 brn
|-sideend|p1: porrompompom|Stealth Rock|[from] move: Rapid Spin|[of] p1a: Starmie
|move|p2a: Excadrill|Stealth Rock|p1a: Starmie
|-sidestart|p1: porrompompom|move: Stealth Rock
|
|-damage|p2a: Excadrill|18/100 brn|[from] brn
|upkeep
|turn|11
|
|move|p1a: Starmie|Rapid Spin|p2a: Excadrill
|-resisted|p2a: Excadrill
|-damage|p2a: Excadrill|16/100 brn
|-sideend|p1: porrompompom|Stealth Rock|[from] move: Rapid Spin|[of] p1a: Starmie
|move|p2a: Excadrill|Stealth Rock|p1a: Starmie
|-sidestart|p1: porrompompom|move: Stealth Rock
|
|-damage|p2a: Excadrill|4/100 brn|[from] brn
|upkeep
|turn|12
|
|move|p1a: Starmie|Rapid Spin|p2a: Excadrill
|-resisted|p2a: Excadrill
|-damage|p2a: Excadrill|2/100 brn
|-sideend|p1: porrompompom|Stealth Rock|[from] move: Rapid Spin|[of] p1a: Starmie
|move|p2a: Excadrill|Stealth Rock|p1a: Starmie
|-sidestart|p1: porrompompom|move: Stealth Rock
|
|-damage|p2a: Excadrill|0 fnt|[from] brn
|faint|p2a: Excadrill
|upkeep
|
|switch|p2a: Kyurem|Kyurem-Black|100/100
|-ability|p2a: Kyurem|Teravolt
|turn|13
|
|switch|p1a: Tangrowth|Tangrowth, F|100/100
|-damage|p1a: Tangrowth|88/100|[from] Stealth Rock
|move|p2a: Kyurem|Dragon Claw|p1a: Tangrowth
|-damage|p1a: Tangrowth|48/100
|-damage|p2a: Kyurem|84/100|[from] item: Rocky Helmet|[of] p1a: Tangrowth
|
|upkeep
|turn|14
|
|switch|p2a: Latias|Latias, F|95/100 tox
|move|p1a: Tangrowth|Sleep Powder||[still]
|-fail|p1a: Tangrowth
|
|-damage|p2a: Latias|89/100 tox|[from] psn
|upkeep
|turn|15
|
|switch|p1a: Starmie|Starmie|100/100
|-damage|p1a: Starmie|88/100|[from] Stealth Rock
|move|p2a: Latias|Surf|p1a: Starmie
|-resisted|p1a: Starmie
|-damage|p1a: Starmie|63/100
|
|-heal|p1a: Starmie|70/100|[from] item: Leftovers
|-damage|p2a: Latias|77/100 tox|[from] psn
|upkeep
|turn|16
|
|switch|p2a: Kyurem|Kyurem-Black|84/100
|-ability|p2a: Kyurem|Teravolt
|move|p1a: Starmie|Rapid Spin|p2a: Kyurem
|-damage|p2a: Kyurem|81/100
|-sideend|p1: porrompompom|Stealth Rock|[from] move: Rapid Spin|[of] p1a: Starmie
|
|-heal|p1a: Starmie|76/100|[from] item: Leftovers
|upkeep
|turn|17
|
|move|p1a: Starmie|Scald|p2a: Kyurem
|-resisted|p2a: Kyurem
|-damage|p2a: Kyurem|68/100
|-status|p2a: Kyurem|brn
|move|p2a: Kyurem|Outrage|p1a: Starmie
|-damage|p1a: Starmie|0 fnt
|faint|p1a: Starmie
|
|-damage|p2a: Kyurem|56/100 brn|[from] brn
|upkeep
|
|switch|p1a: Heracross|Heracross, F|100/100
|turn|18
|
|move|p2a: Kyurem|Outrage|p1a: Heracross|[from]lockedmove
|-damage|p1a: Heracross|12/100
|-start|p2a: Kyurem|confusion|[fatigue]
|move|p1a: Heracross|Close Combat|p2a: Kyurem
|-supereffective|p2a: Kyurem
|-crit|p2a: Kyurem
|-damage|p2a: Kyurem|0 fnt
|-unboost|p1a: Heracross|def|1
|-unboost|p1a: Heracross|spd|1
|faint|p2a: Kyurem
|
|upkeep
|
|switch|p2a: Salamence|Salamence, F|100/100
|turn|19
|
|switch|p1a: Tangrowth|Tangrowth, F|81/100
|move|p2a: Salamence|Dragon Claw|p1a: Tangrowth
|-damage|p1a: Tangrowth|59/100
|-damage|p2a: Salamence|84/100|[from] item: Rocky Helmet|[of] p1a: Tangrowth
|
|upkeep
|turn|20
|
|switch|p1a: Heatran|Heatran, F|100/100
|move|p2a: Salamence|Fire Blast|p1a: Heatran
|-start|p1a: Heatran|ability: Flash Fire
|
|upkeep
|turn|21
|
|-end|p1a: Heatran|ability: Flash Fire|[silent]
|switch|p1a: Landorus|Landorus-Therian, M|100/100
|-ability|p1a: Landorus|Intimidate|boost
|-unboost|p2a: Salamence|atk|1
|move|p2a: Salamence|Dragon Claw|p1a: Landorus
|-damage|p1a: Landorus|66/100
|
|upkeep
|turn|22
|
|switch|p2a: Magneton|Magneton|100/100
|move|p1a: Landorus|U-turn|p2a: Magneton
|-resisted|p2a: Magneton
|-crit|p2a: Magneton
|-damage|p2a: Magneton|81/100
|
|switch|p1a: Heatran|Heatran, F|100/100|[from]move: U-turn
|
|upkeep
|turn|23
|
|move|p1a: Heatran|Stealth Rock|p2a: Magneton
|-sidestart|p2: firelit nights|move: Stealth Rock
|move|p2a: Magneton|Thunder Wave|p1a: Heatran
|-status|p1a: Heatran|par
|
|upkeep
|turn|24
|
|move|p2a: Magneton|Thunderbolt|p1a: Heatran
|-damage|p1a: Heatran|68/100 par
|cant|p1a: Heatran|par
|
|-heal|p1a: Heatran|75/100 par|[from] item: Leftovers
|upkeep
|turn|25
|
|move|p2a: Magneton|Thunderbolt|p1a: Heatran
|-damage|p1a: Heatran|45/100 par
|move|p1a: Heatran|Lava Plume|p2a: Magneton
|-supereffective|p2a: Magneton
|-damage|p2a: Magneton|33/100
|
|-heal|p1a: Heatran|51/100 par|[from] item: Leftovers
|upkeep
|turn|26
|
|move|p2a: Magneton|Hidden Power|p1a: Heatran
|-start|p1a: Heatran|ability: Flash Fire
|cant|p1a: Heatran|par
|
|-heal|p1a: Heatran|57/100 par|[from] item: Leftovers
|upkeep
|turn|27
|
|move|p2a: Magneton|Thunderbolt|p1a: Heatran
|-damage|p1a: Heatran|26/100 par
|move|p1a: Heatran|Lava Plume|p2a: Magneton
|-supereffective|p2a: Magneton
|-damage|p2a: Magneton|0 fnt
|faint|p2a: Magneton
|
|-heal|p1a: Heatran|33/100 par|[from] item: Leftovers
|upkeep
|
|switch|p2a: Latias|Latias, F|77/100 tox
|-damage|p2a: Latias|64/100 tox|[from] Stealth Rock
|turn|28
|
|-end|p1a: Heatran|ability: Flash Fire|[silent]
|switch|p1a: Heracross|Heracross, F|12/100
|move|p2a: Latias|Draco Meteor|p1a: Heracross
|-damage|p1a: Heracross|0 fnt
|-unboost|p2a: Latias|spa|2
|faint|p1a: Heracross
|
|-damage|p2a: Latias|58/100 tox|[from] psn
|upkeep
|
|switch|p1a: Heatran|Heatran, F|33/100 par
|turn|29
|
|move|p2a: Latias|Draco Meteor|p1a: Heatran
|-resisted|p1a: Heatran
|-damage|p1a: Heatran|13/100 par
|-unboost|p2a: Latias|spa|2
|move|p1a: Heatran|Will-O-Wisp||[still]
|-fail|p1a: Heatran
|
|-heal|p1a: Heatran|19/100 par|[from] item: Leftovers
|-damage|p2a: Latias|47/100 tox|[from] psn
|upkeep
|turn|30
|
|move|p2a: Latias|Draco Meteor|p1a: Heatran
|-resisted|p1a: Heatran
|-damage|p1a: Heatran|6/100 par
|-unboost|p2a: Latias|spa|2
|move|p1a: Heatran|Will-O-Wisp|p2a: Latias|[miss]
|-miss|p1a: Heatran|p2a: Latias
|
|-heal|p1a: Heatran|12/100 par|[from] item: Leftovers
|-damage|p2a: Latias|29/100 tox|[from] psn
|upkeep
|turn|31
|
|move|p2a: Latias|Draco Meteor|p1a: Heatran|[miss]
|-miss|p2a: Latias|p1a: Heatran
|move|p1a: Heatran|Will-O-Wisp||[still]
|-fail|p1a: Heatran
|
|-heal|p1a: Heatran|18/100 par|[from] item: Leftovers
|-damage|p2a: Latias|5/100 tox|[from] psn
|upkeep
|turn|32
|
|move|p2a: Latias|Draco Meteor|p1a: Heatran
|-resisted|p1a: Heatran
|-damage|p1a: Heatran|9/100 par
|move|p1a: Heatran|Will-O-Wisp||[still]
|-fail|p1a: Heatran
|
|-heal|p1a: Heatran|16/100 par|[from] item: Leftovers
|-damage|p2a: Latias|0 fnt|[from] psn
|faint|p2a: Latias
|upkeep
|
|switch|p2a: Salamence|Salamence, F|84/100
|-damage|p2a: Salamence|59/100|[from] Stealth Rock
|turn|33
|
|switch|p1a: Tangrowth|Tangrowth, F|92/100
|move|p2a: Salamence|Dragon Dance|p2a: Salamence
|-boost|p2a: Salamence|atk|1
|-boost|p2a: Salamence|spe|1
|
|upkeep
|turn|34
|
|move|p2a: Salamence|Fire Blast|p1a: Tangrowth
|-supereffective|p1a: Tangrowth
|-damage|p1a: Tangrowth|0 fnt
|faint|p1a: Tangrowth
|-ability|p2a: Salamence|Moxie|boost
|-boost|p2a: Salamence|atk|1
|
|upkeep
|c|☆porrompompom|4 SpA Salamence Fire Blast vs. 248 HP / 8 SpD Tangrowth: 320-378 (79.4 - 93.7%) -- guaranteed 2HKO after Leftovers recovery
|c|☆porrompompom|wig
|
|switch|p1a: Landorus|Landorus-Therian, M|66/100
|-ability|p1a: Landorus|Intimidate|boost
|-unboost|p2a: Salamence|atk|1
|turn|35
|c|☆firelit nights|it's invested in spatt too
|
|move|p2a: Salamence|Dragon Claw|p1a: Landorus
|-damage|p1a: Landorus|0 fnt
|faint|p1a: Landorus
|-ability|p2a: Salamence|Moxie|boost
|-boost|p2a: Salamence|atk|1
|
|upkeep
|c|☆firelit nights|gg
|inactive|Battle timer is ON: inactive players will automatically lose when time's up. (requested by firelit nights)
|
|switch|p1a: Heatran|Heatran, F|16/100 par
|turn|36
|
|move|p2a: Salamence|Dragon Claw|p1a: Heatran
|-resisted|p1a: Heatran
|-damage|p1a: Heatran|0 fnt
|faint|p1a: Heatran
|-ability|p2a: Salamence|Moxie|boost
|-boost|p2a: Salamence|atk|1
|
|win|firelit nights
|l|☆firelit nights
|l|☆porrompompom
|raw|porrompompom's rating: 1480 &rarr; <strong>1452</strong><br />(-28 for losing)
|raw|firelit nights's rating: 1336 &rarr; <strong>1364</strong><br />(+28 for winning)
|j|☆firelit nights
|inactive|firelit nights reconnected.
|player|p2|firelit nights|158
