|html|<div class="broadcast-blue"><strong>[Gen 5] OU is currently suspecting Volcarona & Cloyster! For information on how to participate check out the <a href="https://www.smogon.com/forums/threads/re-cloyster-volcarona-in-bw-ou-survey-post-29.3731863/page-2#post-9904362">suspect thread</a>.</strong></div>
|j|☆Alexia B.
|j|☆irgendwasmitmeeem
|t:|1704237319
|gametype|singles
|player|p1|Alexia B.|cynthia|1363
|player|p2|irgendwasmitmeeem|lucas|1417
|teamsize|p1|6
|teamsize|p2|6
|gen|5
|tier|[Gen 5] OU
|rated|
|rule|Species Clause: Limit one of each Pokémon
|rule|OHKO Clause: OHKO moves are banned
|rule|Moody Clause: Moody is banned
|rule|Evasion Items Clause: Evasion items are banned
|rule|Evasion Moves Clause: Evasion moves are banned
|rule|Endless Battle Clause: Forcing endless battles is banned
|rule|HP Percentage Mod: HP is shown in percentages
|rule|Evasion Abilities Clause: Evasion abilities are banned
|rule|Sleep Moves Clause: Sleep-inducing moves are banned
|rule|Swagger Clause: Swagger is banned
|rule|Baton Pass Stat Clause: No Baton Passer may have a way to boost its stats
|clearpoke
|poke|p1|Starmie|item
|poke|p1|Thundurus-Therian, M|item
|poke|p1|Ferrothorn, M|item
|poke|p1|Scizor, F|item
|poke|p1|Gengar, M|item
|poke|p1|Keldeo|item
|poke|p2|Politoed, F|item
|poke|p2|Starmie|item
|poke|p2|Keldeo|item
|poke|p2|Latios, M|item
|poke|p2|Tornadus, M|item
|poke|p2|Ferrothorn, M|item
|teampreview
|c|☆irgendwasmitmeeem|hf
|inactive|Battle timer is ON: inactive players will automatically lose when time's up. (requested by irgendwasmitmeeem)
|j| lavender forest
|
|t:|1704237333
|start
|switch|p1a: Thundurus|Thundurus-Therian, M|100/100
|switch|p2a: Starmie|Starmie|100/100
|turn|1
|c|☆irgendwasmitmeeem|ur hot oml
|
|t:|1704237342
|switch|p1a: Ferrothorn|Ferrothorn, M|100/100
|move|p2a: Starmie|Hydro Pump|p1a: Ferrothorn
|-resisted|p1a: Ferrothorn
|-damage|p1a: Ferrothorn|69/100
|
|-heal|p1a: Ferrothorn|75/100|[from] item: Leftovers
|upkeep
|turn|2
|
|t:|1704237359
|switch|p2a: Ferrothorn|Ferrothorn, M|100/100
|move|p1a: Ferrothorn|Stealth Rock|p2a: Ferrothorn
|-sidestart|p2: irgendwasmitmeeem|move: Stealth Rock
|
|-heal|p1a: Ferrothorn|82/100|[from] item: Leftovers
|upkeep
|turn|3
|
|t:|1704237362
|move|p2a: Ferrothorn|Stealth Rock|p1a: Ferrothorn
|-sidestart|p1: Alexia B.|move: Stealth Rock
|move|p1a: Ferrothorn|Spikes|p2a: Ferrothorn
|-sidestart|p2: irgendwasmitmeeem|Spikes
|
|-heal|p1a: Ferrothorn|88/100|[from] item: Leftovers
|upkeep
|turn|4
|
|t:|1704237365
|move|p2a: Ferrothorn|Spikes|p1a: Ferrothorn
|-sidestart|p1: Alexia B.|Spikes
|move|p1a: Ferrothorn|Spikes|p2a: Ferrothorn
|-sidestart|p2: irgendwasmitmeeem|Spikes
|
|-heal|p1a: Ferrothorn|94/100|[from] item: Leftovers
|upkeep
|turn|5
|
|t:|1704237371
|switch|p1a: Scizor|Scizor, F|100/100
|-damage|p1a: Scizor|88/100|[from] Stealth Rock
|-damage|p1a: Scizor|76/100|[from] Spikes
|move|p2a: Ferrothorn|Spikes|p1a: Scizor
|-sidestart|p1: Alexia B.|Spikes
|
|upkeep
|turn|6
|c| lavender forest|heute wird sich flüBig ernährt
|
|t:|1704237376
|move|p1a: Scizor|Swords Dance|p1a: Scizor
|-boost|p1a: Scizor|atk|2
|move|p2a: Ferrothorn|Spikes|p1a: Scizor
|-sidestart|p1: Alexia B.|Spikes
|
|upkeep
|turn|7
|
|t:|1704237383
|move|p1a: Scizor|Swords Dance|p1a: Scizor
|-boost|p1a: Scizor|atk|2
|move|p2a: Ferrothorn|Gyro Ball|p1a: Scizor
|-resisted|p1a: Scizor
|-damage|p1a: Scizor|60/100
|
|upkeep
|turn|8
|c|☆irgendwasmitmeeem|jaaaa rhymeeee
|
|t:|1704237389
|move|p1a: Scizor|Superpower|p2a: Ferrothorn
|-supereffective|p2a: Ferrothorn
|-damage|p2a: Ferrothorn|0 fnt
|-unboost|p1a: Scizor|atk|1
|-unboost|p1a: Scizor|def|1
|-damage|p1a: Scizor|48/100|[from] ability: Iron Barbs|[of] p2a: Ferrothorn
|faint|p2a: Ferrothorn
|
|upkeep
|c|☆irgendwasmitmeeem|komm fuckin call du schwubbe
|c|☆irgendwasmitmeeem|brauchen flexi
|c|☆irgendwasmitmeeem|league ist eh down
|c|☆irgendwasmitmeeem|jkjkjkjkjkjjkjkjkjk erz
|
|t:|1704237417
|switch|p2a: Keldeo|Keldeo|100/100
|-damage|p2a: Keldeo|94/100|[from] Stealth Rock
|-damage|p2a: Keldeo|78/100|[from] Spikes
|turn|9
|
|t:|1704237421
|move|p1a: Scizor|Quick Attack|p2a: Keldeo
|-damage|p2a: Keldeo|8/100
|move|p2a: Keldeo|Surf|p1a: Scizor
|-damage|p1a: Scizor|0 fnt
|faint|p1a: Scizor
|
|upkeep
|
|t:|1704237430
|switch|p1a: Starmie|Starmie|100/100
|-damage|p1a: Starmie|88/100|[from] Stealth Rock
|-damage|p1a: Starmie|63/100|[from] Spikes
|turn|10
|
|t:|1704237439
|switch|p2a: Starmie|Starmie|100/100
|-damage|p2a: Starmie|88/100|[from] Stealth Rock
|-damage|p2a: Starmie|72/100|[from] Spikes
|move|p1a: Starmie|Rapid Spin|p2a: Starmie
|-damage|p2a: Starmie|66/100
|-sideend|p1: Alexia B.|Spikes|[from] move: Rapid Spin|[of] p1a: Starmie
|-sideend|p1: Alexia B.|Stealth Rock|[from] move: Rapid Spin|[of] p1a: Starmie
|-damage|p1a: Starmie|53/100|[from] item: Life Orb
|
|upkeep
|turn|11
|inactive|Alexia B. has 120 seconds left.
|
|t:|1704237491
|switch|p1a: Gengar|Gengar, M|100/100
|move|p2a: Starmie|Rapid Spin|p1a: Gengar
|-immune|p1a: Gengar
|
|upkeep
|turn|12
|
|t:|1704237510
|switch|p2a: Politoed|Politoed, F|100/100
|-damage|p2a: Politoed|88/100|[from] Stealth Rock
|-damage|p2a: Politoed|72/100|[from] Spikes
|-weather|RainDance|[from] ability: Drizzle|[of] p2a: Politoed
|move|p1a: Gengar|Shadow Ball|p2a: Politoed
|-damage|p2a: Politoed|37/100
|
|-weather|RainDance|[upkeep]
|upkeep
|turn|13
|inactive|Alexia B. has 90 seconds left.
|
|t:|1704237541
|switch|p1a: Ferrothorn|Ferrothorn, M|94/100
|move|p2a: Politoed|Scald|p1a: Ferrothorn
|-resisted|p1a: Ferrothorn
|-damage|p1a: Ferrothorn|68/100
|
|-weather|RainDance|[upkeep]
|-heal|p1a: Ferrothorn|74/100|[from] item: Leftovers
|upkeep
|turn|14
|
|t:|1704237545
|move|p2a: Politoed|Scald|p1a: Ferrothorn
|-resisted|p1a: Ferrothorn
|-damage|p1a: Ferrothorn|49/100
|move|p1a: Ferrothorn|Spikes|p2a: Politoed
|-sidestart|p2: irgendwasmitmeeem|Spikes
|
|-weather|RainDance|[upkeep]
|-heal|p1a: Ferrothorn|55/100|[from] item: Leftovers
|upkeep
|turn|15
|
|t:|1704237549
|move|p2a: Politoed|Scald|p1a: Ferrothorn
|-resisted|p1a: Ferrothorn
|-damage|p1a: Ferrothorn|27/100
|-status|p1a: Ferrothorn|brn
|move|p1a: Ferrothorn|Seed Bomb|p2a: Politoed
|-supereffective|p2a: Politoed
|-damage|p2a: Politoed|2/100
|
|-weather|RainDance|[upkeep]
|-heal|p1a: Ferrothorn|34/100 brn|[from] item: Leftovers
|-damage|p1a: Ferrothorn|21/100 brn|[from] brn
|upkeep
|turn|16
|
|t:|1704237552
|move|p2a: Politoed|Scald|p1a: Ferrothorn
|-resisted|p1a: Ferrothorn
|-damage|p1a: Ferrothorn|0 fnt
|faint|p1a: Ferrothorn
|
|-weather|RainDance|[upkeep]
|upkeep
|inactive|Alexia B. has 120 seconds left.
|
|t:|1704237558
|switch|p1a: Starmie|Starmie|53/100
|turn|17
|
|t:|1704237560
|move|p1a: Starmie|Surf|p2a: Politoed
|-resisted|p2a: Politoed
|-damage|p2a: Politoed|0 fnt
|faint|p2a: Politoed
|-damage|p1a: Starmie|43/100|[from] item: Life Orb
|
|-weather|RainDance|[upkeep]
|upkeep
|
|t:|1704237567
|switch|p2a: Starmie|Starmie|66/100
|-damage|p2a: Starmie|53/100|[from] Stealth Rock
|-damage|p2a: Starmie|28/100|[from] Spikes
|turn|18
|
|t:|1704237577
|switch|p1a: Gengar|Gengar, M|100/100
|move|p2a: Starmie|Psyshock|p1a: Gengar
|-supereffective|p1a: Gengar
|-crit|p1a: Gengar
|-damage|p1a: Gengar|0 fnt
|faint|p1a: Gengar
|
|-weather|RainDance|[upkeep]
|upkeep
|
|t:|1704237580
|switch|p1a: Keldeo|Keldeo|100/100
|turn|19
|
|t:|1704237583
|move|p1a: Keldeo|Surf|p2a: Starmie
|-resisted|p2a: Starmie
|-damage|p2a: Starmie|0 fnt
|faint|p2a: Starmie
|
|-weather|RainDance|[upkeep]
|upkeep
|
|t:|1704237599
|switch|p2a: Tornadus|Tornadus, M|100/100
|-damage|p2a: Tornadus|76/100|[from] Stealth Rock
|turn|20
|j| korena pang
|inactive|Alexia B. has 120 seconds left.
|
|t:|1704237632
|move|p2a: Tornadus|Tailwind|p2a: Tornadus
|-sidestart|p2: irgendwasmitmeeem|move: Tailwind
|move|p1a: Keldeo|Surf|p2a: Tornadus
|-damage|p2a: Tornadus|0 fnt
|faint|p2a: Tornadus
|
|-weather|RainDance|[upkeep]
|upkeep
|
|t:|1704237642
|switch|p2a: Latios|Latios, M|100/100
|-damage|p2a: Latios|88/100|[from] Stealth Rock
|turn|21
|
|t:|1704237649
|move|p2a: Latios|Draco Meteor|p1a: Keldeo
|-damage|p1a: Keldeo|0 fnt
|-unboost|p2a: Latios|spa|2
|faint|p1a: Keldeo
|
|-weather|RainDance|[upkeep]
|upkeep
|
|t:|1704237654
|switch|p1a: Starmie|Starmie|43/100
|turn|22
|
|t:|1704237662
|move|p2a: Latios|Draco Meteor|p1a: Starmie
|-damage|p1a: Starmie|0 fnt
|-unboost|p2a: Latios|spa|2
|faint|p1a: Starmie
|
|-weather|RainDance|[upkeep]
|upkeep
|
|t:|1704237666
|switch|p1a: Thundurus|Thundurus-Therian, M|100/100
|turn|23
|
|t:|1704237670
|switch|p2a: Keldeo|Keldeo|8/100
|-damage|p2a: Keldeo|2/100|[from] Stealth Rock
|-damage|p2a: Keldeo|0 fnt|[from] Spikes
|faint|p2a: Keldeo
|move|p1a: Thundurus|Agility|p1a: Thundurus
|-boost|p1a: Thundurus|spe|2
|
|-weather|RainDance|[upkeep]
|-sideend|p2: irgendwasmitmeeem|move: Tailwind
|upkeep
|
|t:|1704237671
|switch|p2a: Latios|Latios, M|88/100
|-damage|p2a: Latios|76/100|[from] Stealth Rock
|turn|24
|
|t:|1704237675
|move|p1a: Thundurus|Hidden Power|p2a: Latios
|-supereffective|p2a: Latios
|-damage|p2a: Latios|21/100
|move|p2a: Latios|Draco Meteor|p1a: Thundurus
|-damage|p1a: Thundurus|0 fnt
|-unboost|p2a: Latios|spa|2
|faint|p1a: Thundurus
|
|win|irgendwasmitmeeem
|raw|Alexia B.'s rating: 1363 &rarr; <strong>1346</strong><br />(-17 for losing)
|raw|irgendwasmitmeeem's rating: 1417 &rarr; <strong>1434</strong><br />(+17 for winning)
