|j|☆Clawdia Chauchat
|j|☆Salutethewolf
|t:|1746801567
|gametype|singles
|player|p1|Clawdia Chauchat|winona|1447
|player|p2|Salutethewolf|hugh|1506
|teamsize|p1|6
|teamsize|p2|6
|gen|5
|tier|[Gen 5] OU
|rated|
|rule|Species Clause: Limit one of each Pokémon
|rule|OHKO Clause: OHKO moves are banned
|rule|Moody Clause: Moody is banned
|rule|Evasion Items Clause: Evasion items are banned
|rule|Evasion Moves Clause: Evasion moves are banned
|rule|Endless Battle Clause: Forcing endless battles is banned
|rule|HP Percentage Mod: HP is shown in percentages
|rule|Evasion Abilities Clause: Evasion abilities are banned
|rule|Sleep Moves Clause: Sleep-inducing moves are banned
|rule|Swagger Clause: Swagger is banned
|rule|Baton Pass Stat Clause: No Baton Passer may have a way to boost its stats
|clearpoke
|poke|p1|Latios, M|item
|poke|p1|Kingdra, F|item
|poke|p1|Suicune|item
|poke|p1|Landorus-Therian, M|item
|poke|p1|Jirachi|item
|poke|p1|Rotom-Wash|item
|poke|p2|Ambipom, M|item
|poke|p2|Staraptor, F|item
|poke|p2|Conkeldurr, M|item
|poke|p2|Cryogonal|item
|poke|p2|Ferrothorn, F|item
|poke|p2|Gliscor, F|item
|teampreview
|inactive|Battle timer is ON: inactive players will automatically lose when time's up. (requested by Salutethewolf)
|inactive|Clawdia Chauchat has 120 seconds left.
|
|t:|1746801609
|start
|switch|p1a: Suicune|Suicune|100/100
|switch|p2a: Ambipom|Ambipom, M|100/100
|-ability|p1a: Suicune|Pressure
|turn|1
|
|t:|1746801617
|move|p2a: Ambipom|Fake Out|p1a: Suicune
|-damage|p1a: Suicune|75/100
|cant|p1a: Suicune|flinch
|
|upkeep
|turn|2
|
|t:|1746801629
|move|p2a: Ambipom|U-turn|p1a: Suicune
|-damage|p1a: Suicune|61/100
|
|t:|1746801633
|switch|p2a: Ferrothorn|Ferrothorn, F|100/100|[from] U-turn
|move|p1a: Suicune|Rain Dance|p1a: Suicune
|-weather|RainDance
|
|-weather|RainDance|[upkeep]
|upkeep
|turn|3
|
|t:|1746801640
|move|p1a: Suicune|Calm Mind|p1a: Suicune
|-boost|p1a: Suicune|spa|1
|-boost|p1a: Suicune|spd|1
|move|p2a: Ferrothorn|Leech Seed|p1a: Suicune
|-start|p1a: Suicune|move: Leech Seed
|
|-weather|RainDance|[upkeep]
|-damage|p1a: Suicune|48/100|[from] Leech Seed|[of] p2a: Ferrothorn
|upkeep
|turn|4
|inactive|Clawdia Chauchat has 120 seconds left.
|inactive|Clawdia Chauchat has 90 seconds left.
|
|t:|1746801718
|move|p1a: Suicune|Hydro Pump|p2a: Ferrothorn
|-resisted|p2a: Ferrothorn
|-damage|p2a: Ferrothorn|60/100
|move|p2a: Ferrothorn|Spikes|p1a: Suicune
|-sidestart|p1: Clawdia Chauchat|Spikes
|
|-weather|RainDance|[upkeep]
|-heal|p2a: Ferrothorn|66/100|[from] item: Leftovers
|-damage|p1a: Suicune|36/100|[from] Leech Seed|[of] p2a: Ferrothorn
|-heal|p2a: Ferrothorn|81/100|[silent]
|upkeep
|turn|5
|
|t:|1746801729
|move|p2a: Ferrothorn|Protect|p2a: Ferrothorn
|-singleturn|p2a: Ferrothorn|Protect
|move|p1a: Suicune|Hydro Pump|p2a: Ferrothorn
|-activate|p2a: Ferrothorn|move: Protect
|
|-weather|RainDance|[upkeep]
|-heal|p2a: Ferrothorn|87/100|[from] item: Leftovers
|-damage|p1a: Suicune|24/100|[from] Leech Seed|[of] p2a: Ferrothorn
|-heal|p2a: Ferrothorn|100/100|[silent]
|upkeep
|turn|6
|inactive|Clawdia Chauchat has 90 seconds left.
|
|t:|1746801744
|switch|p1a: Rotom|Rotom-Wash|100/100
|move|p2a: Ferrothorn|Spikes|p1a: Rotom
|-sidestart|p1: Clawdia Chauchat|Spikes
|
|-weather|RainDance|[upkeep]
|upkeep
|turn|7
|
|t:|1746801754
|move|p2a: Ferrothorn|Protect|p2a: Ferrothorn
|-singleturn|p2a: Ferrothorn|Protect
|move|p1a: Rotom|Will-O-Wisp|p2a: Ferrothorn
|-activate|p2a: Ferrothorn|move: Protect
|
|-weather|RainDance|[upkeep]
|upkeep
|turn|8
|
|t:|1746801762
|switch|p2a: Conkeldurr|Conkeldurr, M|100/100
|move|p1a: Rotom|Will-O-Wisp|p2a: Conkeldurr
|-status|p2a: Conkeldurr|brn
|
|-weather|RainDance|[upkeep]
|-damage|p2a: Conkeldurr|88/100 brn|[from] brn
|upkeep
|turn|9
|
|t:|1746801772
|move|p1a: Rotom|Hydro Pump|p2a: Conkeldurr
|-damage|p2a: Conkeldurr|13/100 brn
|move|p2a: Conkeldurr|Drain Punch|p1a: Rotom
|-damage|p1a: Rotom|35/100
|-heal|p2a: Conkeldurr|37/100 brn|[from] drain|[of] p1a: Rotom
|
|-weather|none
|-heal|p1a: Rotom|42/100|[from] item: Leftovers
|-heal|p2a: Conkeldurr|43/100 brn|[from] item: Leftovers
|-damage|p2a: Conkeldurr|31/100 brn|[from] brn
|upkeep
|turn|10
|
|t:|1746801790
|switch|p2a: Cryogonal|Cryogonal|100/100
|move|p1a: Rotom|Hydro Pump|p2a: Cryogonal
|-damage|p2a: Cryogonal|76/100
|
|-heal|p2a: Cryogonal|82/100|[from] item: Leftovers
|-heal|p1a: Rotom|48/100|[from] item: Leftovers
|upkeep
|turn|11
|
|t:|1746801807
|move|p2a: Cryogonal|Ice Beam|p1a: Rotom
|-resisted|p1a: Rotom
|-damage|p1a: Rotom|34/100
|move|p1a: Rotom|Will-O-Wisp|p2a: Cryogonal
|-status|p2a: Cryogonal|brn
|
|-heal|p2a: Cryogonal|88/100 brn|[from] item: Leftovers
|-heal|p1a: Rotom|40/100|[from] item: Leftovers
|-damage|p2a: Cryogonal|76/100 brn|[from] brn
|upkeep
|turn|12
|
|t:|1746801830
|move|p2a: Cryogonal|Ice Beam|p1a: Rotom
|-resisted|p1a: Rotom
|-damage|p1a: Rotom|28/100
|move|p1a: Rotom|Volt Switch|p2a: Cryogonal
|-damage|p2a: Cryogonal|60/100 brn
|
|t:|1746801833
|switch|p1a: Jirachi|Jirachi|100/100|[from] Volt Switch
|-damage|p1a: Jirachi|84/100|[from] Spikes
|
|-heal|p2a: Cryogonal|66/100 brn|[from] item: Leftovers
|-damage|p2a: Cryogonal|53/100 brn|[from] brn
|upkeep
|turn|13
|
|t:|1746801850
|switch|p2a: Ferrothorn|Ferrothorn, F|100/100
|move|p1a: Jirachi|U-turn|p2a: Ferrothorn
|-damage|p2a: Ferrothorn|88/100
|-damage|p1a: Jirachi|72/100|[from] ability: Iron Barbs|[of] p2a: Ferrothorn
|
|t:|1746801851
|switch|p1a: Landorus|Landorus-Therian, M|100/100|[from] U-turn
|-ability|p1a: Landorus|Intimidate|boost
|-unboost|p2a: Ferrothorn|atk|1
|
|-heal|p2a: Ferrothorn|94/100|[from] item: Leftovers
|upkeep
|turn|14
|
|t:|1746801868
|move|p2a: Ferrothorn|Protect|p2a: Ferrothorn
|-singleturn|p2a: Ferrothorn|Protect
|move|p1a: Landorus|Stealth Rock|p2a: Ferrothorn
|-sidestart|p2: Salutethewolf|move: Stealth Rock
|
|-heal|p2a: Ferrothorn|99/100|[from] item: Leftovers
|upkeep
|turn|15
|
|t:|1746801876
|move|p1a: Landorus|Earthquake|p2a: Ferrothorn
|-damage|p2a: Ferrothorn|70/100
|move|p2a: Ferrothorn|Leech Seed|p1a: Landorus
|-start|p1a: Landorus|move: Leech Seed
|
|-heal|p2a: Ferrothorn|76/100|[from] item: Leftovers
|-damage|p1a: Landorus|88/100|[from] Leech Seed|[of] p2a: Ferrothorn
|-heal|p2a: Ferrothorn|89/100|[silent]
|upkeep
|turn|16
|
|t:|1746801886
|switch|p1a: Latios|Latios, M|100/100
|move|p2a: Ferrothorn|Leech Seed|p1a: Latios
|-start|p1a: Latios|move: Leech Seed
|
|-heal|p2a: Ferrothorn|95/100|[from] item: Leftovers
|-damage|p1a: Latios|88/100|[from] Leech Seed|[of] p2a: Ferrothorn
|-heal|p2a: Ferrothorn|100/100|[silent]
|upkeep
|turn|17
|
|t:|1746801896
|switch|p1a: Rotom|Rotom-Wash|28/100
|move|p2a: Ferrothorn|Protect||[still]
|-fail|p2a: Ferrothorn
|
|-heal|p1a: Rotom|34/100|[from] item: Leftovers
|upkeep
|turn|18
|
|t:|1746801907
|move|p1a: Rotom|Will-O-Wisp|p2a: Ferrothorn
|-status|p2a: Ferrothorn|brn
|move|p2a: Ferrothorn|Leech Seed|p1a: Rotom
|-start|p1a: Rotom|move: Leech Seed
|
|-heal|p1a: Rotom|40/100|[from] item: Leftovers
|-damage|p1a: Rotom|28/100|[from] Leech Seed|[of] p2a: Ferrothorn
|-damage|p2a: Ferrothorn|88/100 brn|[from] brn
|upkeep
|turn|19
|
|t:|1746801918
|switch|p1a: Landorus|Landorus-Therian, M|88/100
|-ability|p1a: Landorus|Intimidate|boost
|-unboost|p2a: Ferrothorn|atk|1
|move|p2a: Ferrothorn|Leech Seed|p1a: Landorus
|-start|p1a: Landorus|move: Leech Seed
|
|-heal|p1a: Landorus|94/100|[from] item: Leftovers
|-heal|p2a: Ferrothorn|94/100 brn|[from] item: Leftovers
|-damage|p1a: Landorus|82/100|[from] Leech Seed|[of] p2a: Ferrothorn
|-heal|p2a: Ferrothorn|100/100 brn|[silent]
|-damage|p2a: Ferrothorn|88/100 brn|[from] brn
|upkeep
|turn|20
|
|t:|1746801930
|switch|p1a: Latios|Latios, M|88/100
|move|p2a: Ferrothorn|Spikes|p1a: Latios
|-sidestart|p1: Clawdia Chauchat|Spikes
|
|-heal|p2a: Ferrothorn|94/100 brn|[from] item: Leftovers
|-damage|p2a: Ferrothorn|82/100 brn|[from] brn
|upkeep
|turn|21
|
|t:|1746801938
|move|p2a: Ferrothorn|Protect|p2a: Ferrothorn
|-singleturn|p2a: Ferrothorn|Protect
|move|p1a: Latios|Hidden Power|p2a: Ferrothorn
|-activate|p2a: Ferrothorn|move: Protect
|
|-heal|p2a: Ferrothorn|88/100 brn|[from] item: Leftovers
|-damage|p2a: Ferrothorn|75/100 brn|[from] brn
|upkeep
|turn|22
|
|t:|1746801949
|switch|p2a: Gliscor|Gliscor, F|100/100
|-damage|p2a: Gliscor|88/100|[from] Stealth Rock
|move|p1a: Latios|Draco Meteor|p2a: Gliscor
|-damage|p2a: Gliscor|5/100
|-unboost|p1a: Latios|spa|2
|-enditem|p1a: Latios|White Herb
|-clearnegativeboost|p1a: Latios|[silent]
|
|-status|p2a: Gliscor|tox|[from] item: Toxic Orb
|upkeep
|turn|23
|
|t:|1746801962
|move|p2a: Gliscor|Protect|p2a: Gliscor
|-singleturn|p2a: Gliscor|Protect
|move|p1a: Latios|Surf|p2a: Gliscor
|-activate|p2a: Gliscor|move: Protect
|
|-heal|p2a: Gliscor|17/100 tox|[from] ability: Poison Heal
|upkeep
|turn|24
|
|t:|1746801971
|switch|p2a: Cryogonal|Cryogonal|53/100 brn
|-damage|p2a: Cryogonal|28/100 brn|[from] Stealth Rock
|move|p1a: Latios|Surf|p2a: Cryogonal
|-damage|p2a: Cryogonal|9/100 brn
|
|-heal|p2a: Cryogonal|15/100 brn|[from] item: Leftovers
|-damage|p2a: Cryogonal|3/100 brn|[from] brn
|upkeep
|turn|25
|
|t:|1746801982
|move|p1a: Latios|Surf|p2a: Cryogonal
|-damage|p2a: Cryogonal|0 fnt
|faint|p2a: Cryogonal
|
|upkeep
|
|t:|1746801991
|switch|p2a: Ambipom|Ambipom, M|100/100
|-damage|p2a: Ambipom|88/100|[from] Stealth Rock
|turn|26
|
|t:|1746801998
|switch|p1a: Landorus|Landorus-Therian, M|82/100
|-ability|p1a: Landorus|Intimidate|boost
|-unboost|p2a: Ambipom|atk|1
|move|p2a: Ambipom|U-turn|p1a: Landorus
|-resisted|p1a: Landorus
|-damage|p1a: Landorus|75/100
|
|t:|1746802012
|switch|p2a: Staraptor|Staraptor, F|100/100|[from] U-turn
|-damage|p2a: Staraptor|76/100|[from] Stealth Rock
|
|-heal|p1a: Landorus|81/100|[from] item: Leftovers
|upkeep
|turn|27
|
|t:|1746802027
|switch|p1a: Rotom|Rotom-Wash|28/100
|move|p2a: Staraptor|Double-Edge|p1a: Rotom
|-damage|p1a: Rotom|0 fnt
|faint|p1a: Rotom
|-damage|p2a: Staraptor|67/100|[from] Recoil
|
|upkeep
|
|t:|1746802034
|switch|p1a: Jirachi|Jirachi|72/100
|-damage|p1a: Jirachi|47/100|[from] Spikes
|turn|28
|
|t:|1746802041
|switch|p2a: Ferrothorn|Ferrothorn, F|75/100 brn
|-damage|p2a: Ferrothorn|69/100 brn|[from] Stealth Rock
|move|p1a: Jirachi|Healing Wish|p1a: Jirachi
|faint|p1a: Jirachi
|
|-heal|p2a: Ferrothorn|75/100 brn|[from] item: Leftovers
|-damage|p2a: Ferrothorn|63/100 brn|[from] brn
|upkeep
|
|t:|1746802046
|switch|p1a: Suicune|Suicune|24/100
|-heal|p1a: Suicune|100/100|[from] move: Healing Wish
|-damage|p1a: Suicune|75/100|[from] Spikes
|-ability|p1a: Suicune|Pressure
|turn|29
|
|t:|1746802057
|move|p1a: Suicune|Rain Dance|p1a: Suicune
|-weather|RainDance
|move|p2a: Ferrothorn|Leech Seed|p1a: Suicune
|-start|p1a: Suicune|move: Leech Seed
|
|-weather|RainDance|[upkeep]
|-heal|p2a: Ferrothorn|69/100 brn|[from] item: Leftovers
|-damage|p1a: Suicune|63/100|[from] Leech Seed|[of] p2a: Ferrothorn
|-heal|p2a: Ferrothorn|83/100 brn|[silent]
|-damage|p2a: Ferrothorn|71/100 brn|[from] brn
|upkeep
|turn|30
|
|t:|1746802072
|switch|p1a: Latios|Latios, M|88/100
|move|p2a: Ferrothorn|Protect||[still]
|-fail|p2a: Ferrothorn
|
|-weather|RainDance|[upkeep]
|-heal|p2a: Ferrothorn|77/100 brn|[from] item: Leftovers
|-damage|p2a: Ferrothorn|65/100 brn|[from] brn
|upkeep
|turn|31
|
|t:|1746802082
|move|p1a: Latios|Hidden Power|p2a: Ferrothorn
|-supereffective|p2a: Ferrothorn
|-damage|p2a: Ferrothorn|31/100 brn
|move|p2a: Ferrothorn|Leech Seed|p1a: Latios
|-start|p1a: Latios|move: Leech Seed
|
|-weather|RainDance|[upkeep]
|-heal|p2a: Ferrothorn|37/100 brn|[from] item: Leftovers
|-damage|p1a: Latios|76/100|[from] Leech Seed|[of] p2a: Ferrothorn
|-heal|p2a: Ferrothorn|47/100 brn|[silent]
|-damage|p2a: Ferrothorn|35/100 brn|[from] brn
|upkeep
|turn|32
|
|t:|1746802095
|switch|p1a: Kingdra|Kingdra, F|100/100
|-damage|p1a: Kingdra|76/100|[from] Spikes
|move|p2a: Ferrothorn|Protect||[still]
|-fail|p2a: Ferrothorn
|
|-weather|RainDance|[upkeep]
|-heal|p2a: Ferrothorn|41/100 brn|[from] item: Leftovers
|-damage|p2a: Ferrothorn|29/100 brn|[from] brn
|upkeep
|turn|33
|
|t:|1746802106
|move|p2a: Ferrothorn|Protect|p2a: Ferrothorn
|-singleturn|p2a: Ferrothorn|Protect
|move|p1a: Kingdra|Hydro Pump|p2a: Ferrothorn
|-activate|p2a: Ferrothorn|move: Protect
|
|-weather|RainDance|[upkeep]
|-heal|p2a: Ferrothorn|35/100 brn|[from] item: Leftovers
|-damage|p2a: Ferrothorn|22/100 brn|[from] brn
|upkeep
|turn|34
|
|t:|1746802117
|move|p1a: Kingdra|Hydro Pump|p2a: Ferrothorn|[miss]
|-miss|p1a: Kingdra|p2a: Ferrothorn
|move|p2a: Ferrothorn|Leech Seed|p1a: Kingdra
|-start|p1a: Kingdra|move: Leech Seed
|
|-weather|RainDance|[upkeep]
|-heal|p2a: Ferrothorn|29/100 brn|[from] item: Leftovers
|-damage|p1a: Kingdra|63/100|[from] Leech Seed|[of] p2a: Ferrothorn
|-heal|p2a: Ferrothorn|39/100 brn|[silent]
|-damage|p2a: Ferrothorn|26/100 brn|[from] brn
|upkeep
|turn|35
|
|t:|1746802128
|switch|p1a: Suicune|Suicune|63/100
|-damage|p1a: Suicune|38/100|[from] Spikes
|-ability|p1a: Suicune|Pressure
|move|p2a: Ferrothorn|Protect||[still]
|-fail|p2a: Ferrothorn
|
|-weather|RainDance|[upkeep]
|-heal|p2a: Ferrothorn|33/100 brn|[from] item: Leftovers
|-damage|p2a: Ferrothorn|20/100 brn|[from] brn
|upkeep
|turn|36
|
|t:|1746802140
|move|p1a: Suicune|Calm Mind|p1a: Suicune
|-boost|p1a: Suicune|spa|1
|-boost|p1a: Suicune|spd|1
|move|p2a: Ferrothorn|Leech Seed|p1a: Suicune
|-start|p1a: Suicune|move: Leech Seed
|
|-weather|none
|-heal|p2a: Ferrothorn|26/100 brn|[from] item: Leftovers
|-damage|p1a: Suicune|26/100|[from] Leech Seed|[of] p2a: Ferrothorn
|-heal|p2a: Ferrothorn|41/100 brn|[silent]
|-damage|p2a: Ferrothorn|28/100 brn|[from] brn
|upkeep
|turn|37
|
|t:|1746802151
|move|p1a: Suicune|Rain Dance|p1a: Suicune
|-weather|RainDance
|move|p2a: Ferrothorn|Gyro Ball|p1a: Suicune
|-resisted|p1a: Suicune
|-damage|p1a: Suicune|19/100
|
|-weather|RainDance|[upkeep]
|-heal|p2a: Ferrothorn|34/100 brn|[from] item: Leftovers
|-damage|p1a: Suicune|6/100|[from] Leech Seed|[of] p2a: Ferrothorn
|-heal|p2a: Ferrothorn|49/100 brn|[silent]
|-damage|p2a: Ferrothorn|36/100 brn|[from] brn
|upkeep
|turn|38
|
|t:|1746802164
|move|p2a: Ferrothorn|Protect|p2a: Ferrothorn
|-singleturn|p2a: Ferrothorn|Protect
|move|p1a: Suicune|Ice Beam|p2a: Ferrothorn
|-activate|p2a: Ferrothorn|move: Protect
|
|-weather|RainDance|[upkeep]
|-heal|p2a: Ferrothorn|42/100 brn|[from] item: Leftovers
|-damage|p1a: Suicune|0 fnt|[from] Leech Seed|[of] p2a: Ferrothorn
|-heal|p2a: Ferrothorn|49/100 brn|[silent]
|faint|p1a: Suicune
|-damage|p2a: Ferrothorn|36/100 brn|[from] brn
|upkeep
|
|t:|1746802167
|switch|p1a: Kingdra|Kingdra, F|63/100
|-damage|p1a: Kingdra|39/100|[from] Spikes
|turn|39
|
|t:|1746802180
|move|p1a: Kingdra|Hydro Pump|p2a: Ferrothorn
|-resisted|p2a: Ferrothorn
|-damage|p2a: Ferrothorn|0 fnt
|faint|p2a: Ferrothorn
|
|-weather|RainDance|[upkeep]
|upkeep
|j| TYBL
|
|t:|1746802189
|switch|p2a: Ambipom|Ambipom, M|88/100
|-damage|p2a: Ambipom|76/100|[from] Stealth Rock
|turn|40
|
|t:|1746802194
|switch|p1a: Landorus|Landorus-Therian, M|81/100
|-ability|p1a: Landorus|Intimidate|boost
|-unboost|p2a: Ambipom|atk|1
|move|p2a: Ambipom|Fake Out|p1a: Landorus
|-damage|p1a: Landorus|62/100
|
|-weather|RainDance|[upkeep]
|-heal|p1a: Landorus|68/100|[from] item: Leftovers
|upkeep
|turn|41
|l| TYBL
|
|t:|1746802205
|move|p2a: Ambipom|U-turn|p1a: Landorus
|-resisted|p1a: Landorus
|-damage|p1a: Landorus|61/100
|
|t:|1746802209
|switch|p2a: Gliscor|Gliscor, F|17/100 tox|[from] U-turn
|-damage|p2a: Gliscor|5/100 tox|[from] Stealth Rock
|move|p1a: Landorus|Hidden Power|p2a: Gliscor
|-supereffective|p2a: Gliscor
|-damage|p2a: Gliscor|0 fnt
|faint|p2a: Gliscor
|
|-weather|RainDance|[upkeep]
|-heal|p1a: Landorus|67/100|[from] item: Leftovers
|upkeep
|
|t:|1746802228
|switch|p2a: Ambipom|Ambipom, M|76/100
|-damage|p2a: Ambipom|64/100|[from] Stealth Rock
|turn|42
|
|t:|1746802237
|switch|p1a: Latios|Latios, M|76/100
|move|p2a: Ambipom|Ice Punch|p1a: Latios
|-supereffective|p1a: Latios
|-damage|p1a: Latios|11/100
|
|-weather|RainDance|[upkeep]
|upkeep
|turn|43
|
|t:|1746802245
|move|p2a: Ambipom|Ice Punch|p1a: Latios
|-supereffective|p1a: Latios
|-damage|p1a: Latios|0 fnt
|faint|p1a: Latios
|
|-weather|RainDance|[upkeep]
|upkeep
|
|t:|1746802247
|switch|p1a: Kingdra|Kingdra, F|39/100
|-damage|p1a: Kingdra|14/100|[from] Spikes
|turn|44
|
|t:|1746802256
|switch|p2a: Conkeldurr|Conkeldurr, M|31/100 brn
|-damage|p2a: Conkeldurr|25/100 brn|[from] Stealth Rock
|move|p1a: Kingdra|Surf|p2a: Conkeldurr
|-damage|p2a: Conkeldurr|0 fnt
|faint|p2a: Conkeldurr
|
|-weather|none
|upkeep
|
|t:|1746802268
|switch|p2a: Staraptor|Staraptor, F|67/100
|-damage|p2a: Staraptor|42/100|[from] Stealth Rock
|turn|45
|
|t:|1746802292
|switch|p1a: Landorus|Landorus-Therian, M|67/100
|-ability|p1a: Landorus|Intimidate|boost
|-unboost|p2a: Staraptor|atk|1
|move|p2a: Staraptor|Double-Edge|p1a: Landorus
|-damage|p1a: Landorus|19/100
|-damage|p2a: Staraptor|23/100|[from] Recoil
|
|-heal|p1a: Landorus|25/100|[from] item: Leftovers
|upkeep
|turn|46
|l|☆Clawdia Chauchat
|inactive|Clawdia Chauchat disconnected and has a minute to reconnect!
|player|p1|
|inactive|Clawdia Chauchat has 30 seconds to reconnect!
|inactive|Clawdia Chauchat has 20 seconds to reconnect!
|inactive|Clawdia Chauchat has 15 seconds to reconnect!
|inactive|Clawdia Chauchat has 10 seconds to reconnect!
|inactive|Clawdia Chauchat has 5 seconds to reconnect!
|-message|Clawdia Chauchat lost due to inactivity.
|
|win|Salutethewolf
|raw|Clawdia Chauchat's rating: 1447 &rarr; <strong>1430</strong><br />(-17 for losing)
|raw|Salutethewolf's rating: 1506 &rarr; <strong>1523</strong><br />(+17 for winning)
|l|☆Salutethewolf
|player|p2|
|j|☆Salutethewolf
|player|p2|Salutethewolf|hugh|
