|j|man
|j|deluks917 gen5
|player|p1|man|1
|teamsize|p1|6
|player|p2|deluks917 gen5|102
|teamsize|p2|6
|gametype|singles
|gen|5
|tier|[Gen 5] OU
|rated
|seed|9436,41962,38251,5036
|rule|Sleep Clause Mod: Limit one foe put to sleep
|rule|Species Clause: Limit one of each Pokémon
|rule|OHKO Clause: OHKO moves are banned
|rule|Moody Clause: Moody is banned
|rule|Evasion Moves Clause: Evasion moves are banned
|rule|Endless Battle Clause: Forcing endless battles is banned
|rule|HP Percentage Mod: HP is shown in percentages
|rule|Evasion Abilities Clause: Evasion abilities are banned
|rule|Baton Pass Clause: Limit one Baton Passer, can't pass Spe and other stats simultaneously
|rule|Swagger Clause: Swagger is banned
|clearpoke
|poke|p1|Terrakion|item
|poke|p1|Jirachi|item
|poke|p1|Latios, M|item
|poke|p1|Excadrill, F|item
|poke|p1|Tangrowth, F|item
|poke|p1|Dragonite, M|item
|poke|p2|Volcarona, F|item
|poke|p2|Dragonite, F|item
|poke|p2|Starmie|item
|poke|p2|Heatran, M|item
|poke|p2|Breloom, M|item
|poke|p2|Garchomp, M|item
|teampreview
|c|☆deluks917 gen5|gl again
|choice|team 1, team 2, team 3, team 4, team 5, team 6|team 5, team 2, team 3, team 4, team 1, team 6
|
|start
|switch|p1a: Terrakion|Terrakion|323/323
|switch|p2a: Breloom|Breloom, M|262/262
|turn|1
|choice|switch 3|move bulletseed
|
|switch|p1a: Latios|Latios, M|301/301
|move|p2a: Breloom|Bullet Seed|p1a: Latios
|-resisted|p1a: Latios
|-damage|p1a: Latios|259/301
|-resisted|p1a: Latios
|-damage|p1a: Latios|220/301
|-resisted|p1a: Latios
|-damage|p1a: Latios|181/301
|-hitcount|p1a: Latios|3
|
|upkeep
|turn|2
|choice|move surf|move lowsweep
|
|move|p1a: Latios|Surf|p2a: Breloom
|-resisted|p2a: Breloom
|-damage|p2a: Breloom|145/262
|move|p2a: Breloom|Low Sweep|p1a: Latios
|-resisted|p1a: Latios
|-damage|p1a: Latios|91/301
|-unboost|p1a: Latios|spe|1
|
|upkeep
|turn|3
|choice|move surf|move bulletseed
|
|move|p2a: Breloom|Bullet Seed|p1a: Latios
|-resisted|p1a: Latios
|-damage|p1a: Latios|48/301
|-resisted|p1a: Latios
|-damage|p1a: Latios|6/301
|-resisted|p1a: Latios
|-damage|p1a: Latios|0 fnt
|-hitcount|p1a: Latios|3
|faint|p1a: Latios
|
|upkeep
|choice|switch 2|
|
|switch|p1a: Jirachi|Jirachi|351/351
|turn|4
|choice|move icywind|switch 4
|
|switch|p2a: Heatran|Heatran, M|323/323
|-item|p2a: Heatran|Air Balloon
|move|p1a: Jirachi|Icy Wind|p2a: Heatran
|-resisted|p2a: Heatran
|-damage|p2a: Heatran|311/323
|-enditem|p2a: Heatran|Air Balloon
|-unboost|p2a: Heatran|spe|1
|
|upkeep
|turn|5
|choice|move stealthrock|move stealthrock
|
|move|p1a: Jirachi|Stealth Rock|p2a: Heatran
|-sidestart|p2: deluks917 gen5|move: Stealth Rock
|move|p2a: Heatran|Stealth Rock|p1a: Jirachi
|-sidestart|p1: man|move: Stealth Rock
|
|upkeep
|turn|6
|choice|switch 3|move fireblast
|
|switch|p1a: Terrakion|Terrakion|323/323
|-damage|p1a: Terrakion|303/323|[from] Stealth Rock
|move|p2a: Heatran|Fire Blast|p1a: Terrakion
|-resisted|p1a: Terrakion
|-damage|p1a: Terrakion|182/323
|
|upkeep
|turn|7
|choice|move closecombat|switch 4
|
|switch|p2a: Breloom|Breloom, M|145/262
|-damage|p2a: Breloom|129/262|[from] Stealth Rock
|move|p1a: Terrakion|Close Combat|p2a: Breloom
|-damage|p2a: Breloom|0 fnt
|-unboost|p1a: Terrakion|def|1
|-unboost|p1a: Terrakion|spd|1
|faint|p2a: Breloom
|
|upkeep
|choice||switch 3
|
|switch|p2a: Starmie|Starmie|262/262
|-damage|p2a: Starmie|230/262|[from] Stealth Rock
|turn|8
|choice|move closecombat|move hydropump
|
|move|p2a: Starmie|Hydro Pump|p1a: Terrakion
|-supereffective|p1a: Terrakion
|-damage|p1a: Terrakion|0 fnt
|-damage|p2a: Starmie|204/262|[from] item: Life Orb
|faint|p1a: Terrakion
|
|upkeep
|choice|switch 4|
|
|switch|p1a: Excadrill|Excadrill, F|361/361
|-damage|p1a: Excadrill|350/361|[from] Stealth Rock
|-ability|p1a: Excadrill|Mold Breaker
|turn|9
|choice|move earthquake|switch 2
|
|switch|p2a: Dragonite|Dragonite, F|323/323
|-damage|p2a: Dragonite|243/323|[from] Stealth Rock
|move|p1a: Excadrill|Earthquake|p2a: Dragonite
|-immune|p2a: Dragonite|[msg]
|
|upkeep
|turn|10
|choice|switch 5|move earthquake
|
|switch|p1a: Tangrowth|Tangrowth, F|403/403
|-damage|p1a: Tangrowth|353/403|[from] Stealth Rock
|move|p2a: Dragonite|Earthquake|p1a: Tangrowth
|-resisted|p1a: Tangrowth
|-damage|p1a: Tangrowth|305/403
|
|-heal|p1a: Tangrowth|330/403|[from] item: Leftovers
|upkeep
|turn|11
|choice|move sleeppowder|switch 4
|
|switch|p2a: Heatran|Heatran, M|311/323
|-damage|p2a: Heatran|271/323|[from] Stealth Rock
|move|p1a: Tangrowth|Sleep Powder|p2a: Heatran
|-status|p2a: Heatran|slp
|
|-heal|p1a: Tangrowth|355/403|[from] item: Leftovers
|upkeep
|turn|12
|choice|switch 5|move fireblast
|
|switch|p1a: Excadrill|Excadrill, F|350/361
|-damage|p1a: Excadrill|339/361|[from] Stealth Rock
|-ability|p1a: Excadrill|Mold Breaker
|cant|p2a: Heatran|slp
|
|upkeep
|turn|13
|choice|move earthquake|move fireblast
|
|move|p1a: Excadrill|Earthquake|p2a: Heatran
|-supereffective|p2a: Heatran
|-damage|p2a: Heatran|0 fnt
|faint|p2a: Heatran
|
|upkeep
|choice||switch 6
|
|switch|p2a: Garchomp|Garchomp, M|358/358
|-damage|p2a: Garchomp|336/358|[from] Stealth Rock
|turn|14
|choice|switch 5|move swordsdance
|
|switch|p1a: Tangrowth|Tangrowth, F|403/403
|-damage|p1a: Tangrowth|353/403|[from] Stealth Rock
|move|p2a: Garchomp|Swords Dance|p2a: Garchomp
|-boost|p2a: Garchomp|atk|2
|
|-heal|p1a: Tangrowth|378/403|[from] item: Leftovers
|upkeep
|turn|15
|choice|move hiddenpower|move outrage
|
|move|p2a: Garchomp|Outrage|p1a: Tangrowth
|-enditem|p2a: Garchomp|Dragon Gem|[from] gem|[move] Outrage
|-damage|p1a: Tangrowth|0 fnt
|faint|p1a: Tangrowth
|
|upkeep
|choice|switch 3|
|
|switch|p1a: Jirachi|Jirachi|351/351
|-damage|p1a: Jirachi|330/351|[from] Stealth Rock
|turn|16
|choice|move icywind|move outrage
|
|move|p2a: Garchomp|Outrage|p1a: Jirachi|[from]lockedmove
|-resisted|p1a: Jirachi
|-damage|p1a: Jirachi|102/351
|-start|p2a: Garchomp|confusion|[fatigue]
|move|p1a: Jirachi|Icy Wind|p2a: Garchomp
|-supereffective|p2a: Garchomp
|-damage|p2a: Garchomp|96/358
|-unboost|p2a: Garchomp|spe|1
|
|upkeep
|turn|17
|choice|move icywind|switch 2
|
|switch|p2a: Starmie|Starmie|204/262
|-damage|p2a: Starmie|172/262|[from] Stealth Rock
|move|p1a: Jirachi|Icy Wind|p2a: Starmie
|-resisted|p2a: Starmie
|-damage|p2a: Starmie|142/262
|-unboost|p2a: Starmie|spe|1
|
|upkeep
|turn|18
|choice|move thunder|move rapidspin
|
|move|p1a: Jirachi|Thunder|p2a: Starmie
|-supereffective|p2a: Starmie
|-damage|p2a: Starmie|0 fnt
|faint|p2a: Starmie
|
|upkeep
|choice||switch 2
|
|switch|p2a: Garchomp|Garchomp, M|96/358
|-damage|p2a: Garchomp|74/358|[from] Stealth Rock
|turn|19
|choice|move icywind|move earthquake
|
|move|p2a: Garchomp|Earthquake|p1a: Jirachi
|-supereffective|p1a: Jirachi
|-enditem|p1a: Jirachi|Shuca Berry|[eat]
|-enditem|p1a: Jirachi|Shuca Berry|[weaken]
|-damage|p1a: Jirachi|0 fnt
|faint|p1a: Jirachi
|
|upkeep
|choice|switch 5|
|
|switch|p1a: Excadrill|Excadrill, F|339/361
|-damage|p1a: Excadrill|328/361|[from] Stealth Rock
|-ability|p1a: Excadrill|Mold Breaker
|turn|20
|choice|move ironhead|move earthquake
|
|move|p1a: Excadrill|Iron Head|p2a: Garchomp
|-damage|p2a: Garchomp|0 fnt
|-damage|p1a: Excadrill|283/361|[from] ability: Rough Skin|[of] p2a: Garchomp
|faint|p2a: Garchomp
|
|upkeep
|choice||switch 5
|
|switch|p2a: Volcarona|Volcarona, F|311/311
|-damage|p2a: Volcarona|156/311|[from] Stealth Rock
|turn|21
|choice|switch 6|move quiverdance
|
|switch|p1a: Dragonite|Dragonite, M|323/323
|-damage|p1a: Dragonite|243/323|[from] Stealth Rock
|move|p2a: Volcarona|Quiver Dance|p2a: Volcarona
|-boost|p2a: Volcarona|spa|1
|-boost|p2a: Volcarona|spd|1
|-boost|p2a: Volcarona|spe|1
|
|upkeep
|turn|22
|choice|move extremespeed|move hiddenpower
|
|move|p1a: Dragonite|Extreme Speed|p2a: Volcarona
|-damage|p2a: Volcarona|10/311
|-status|p1a: Dragonite|brn|[from] ability: Flame Body|[of] p2a: Volcarona
|move|p2a: Volcarona|Hidden Power|p1a: Dragonite
|-supereffective|p1a: Dragonite
|-enditem|p1a: Dragonite|Yache Berry|[eat]
|-enditem|p1a: Dragonite|Yache Berry|[weaken]
|-damage|p1a: Dragonite|5/323 brn
|
|-damage|p1a: Dragonite|0 fnt|[from] brn
|upkeep
|faint|p1a: Dragonite
|choice|switch 6|
|
|switch|p1a: Excadrill|Excadrill, F|283/361
|-damage|p1a: Excadrill|272/361|[from] Stealth Rock
|-ability|p1a: Excadrill|Mold Breaker
|turn|23
|choice|move ironhead|move fireblast
|
|move|p2a: Volcarona|Fire Blast|p1a: Excadrill
|-supereffective|p1a: Excadrill
|-damage|p1a: Excadrill|0 fnt
|faint|p1a: Excadrill
|
|win|deluks917 gen5
|raw|man's rating: 1352 &rarr; <strong>1339</strong><br />(-13 for losing)
|raw|deluks917 gen5's rating: 1465 &rarr; <strong>1479</strong><br />(+14 for winning)
|c|☆man|uncool.