|j|☆baixiaohen
|j|☆SattleBimulator
|t:|1738375614
|gametype|singles
|player|p1|baixiaohen|steven|1438
|player|p2|SattleBimulator|1|1362
|teamsize|p1|6
|teamsize|p2|6
|gen|5
|tier|[Gen 5] OU
|rated|
|rule|Species Clause: Limit one of each Pokémon
|rule|OHKO Clause: OHKO moves are banned
|rule|Moody Clause: Moody is banned
|rule|Evasion Items Clause: Evasion items are banned
|rule|Evasion Moves Clause: Evasion moves are banned
|rule|Endless Battle Clause: Forcing endless battles is banned
|rule|HP Percentage Mod: HP is shown in percentages
|rule|Evasion Abilities Clause: Evasion abilities are banned
|rule|Sleep Moves Clause: Sleep-inducing moves are banned
|rule|Swagger Clause: Swagger is banned
|rule|Baton Pass Stat Clause: No Baton Passer may have a way to boost its stats
|clearpoke
|poke|p1|Scizor, M|item
|poke|p1|Gyarados, F|item
|poke|p1|Celebi|item
|poke|p1|Starmie|item
|poke|p1|Jirachi|item
|poke|p1|Metagross|item
|poke|p2|Excadrill, M|item
|poke|p2|Garchomp, M|item
|poke|p2|Tyranitar, F|item
|poke|p2|Scizor, F|item
|poke|p2|Skarmory, M|item
|poke|p2|Gengar, M|item
|teampreview
|inactive|Battle timer is ON: inactive players will automatically lose when time's up. (requested by SattleBimulator)
|
|t:|1738375620
|start
|switch|p1a: Metagross|Metagross, shiny|100/100
|switch|p2a: Skarmory|Skarmory, M|100/100
|turn|1
|
|t:|1738375622
|move|p2a: Skarmory|Stealth Rock|p1a: Metagross
|-sidestart|p1: baixiaohen|move: Stealth Rock
|move|p1a: Metagross|Trick|p2a: Skarmory
|-activate|p1a: Metagross|move: Trick|[of] p2a: Skarmory
|-item|p2a: Skarmory|Iron Ball|[from] move: Trick
|-item|p1a: Metagross|Rocky Helmet|[from] move: Trick
|
|upkeep
|turn|2
|
|t:|1738375627
|move|p1a: Metagross|Earthquake|p2a: Skarmory
|-crit|p2a: Skarmory
|-damage|p2a: Skarmory|64/100
|move|p2a: Skarmory|Spikes|p1a: Metagross
|-sidestart|p1: baixiaohen|Spikes
|
|upkeep
|turn|3
|
|t:|1738375633
|switch|p1a: Starmie|Starmie|100/100
|-damage|p1a: Starmie|88/100|[from] Stealth Rock
|-damage|p1a: Starmie|76/100|[from] Spikes
|move|p2a: Skarmory|Whirlwind|p1a: Starmie
|drag|p1a: Celebi|Celebi|100/100
|-damage|p1a: Celebi|88/100|[from] Stealth Rock
|-damage|p1a: Celebi|76/100|[from] Spikes
|
|-heal|p1a: Celebi|82/100|[from] item: Leftovers
|upkeep
|turn|4
|
|t:|1738375639
|move|p1a: Celebi|Thunder Wave|p2a: Skarmory
|-status|p2a: Skarmory|par
|cant|p2a: Skarmory|par
|
|-heal|p1a: Celebi|88/100|[from] item: Leftovers
|upkeep
|turn|5
|
|t:|1738375641
|move|p1a: Celebi|Stealth Rock|p2a: Skarmory
|-sidestart|p2: SattleBimulator|move: Stealth Rock
|move|p2a: Skarmory|Whirlwind|p1a: Celebi
|drag|p1a: Jirachi|Jirachi, shiny|100/100
|-damage|p1a: Jirachi|94/100|[from] Stealth Rock
|-damage|p1a: Jirachi|82/100|[from] Spikes
|
|upkeep
|turn|6
|
|t:|1738375647
|move|p1a: Jirachi|Trick|p2a: Skarmory
|-activate|p1a: Jirachi|move: Trick|[of] p2a: Skarmory
|-item|p2a: Skarmory|Choice Scarf|[from] move: Trick
|-item|p1a: Jirachi|Iron Ball|[from] move: Trick
|move|p2a: Skarmory|Spikes|p1a: Jirachi
|-sidestart|p1: baixiaohen|Spikes
|
|upkeep
|turn|7
|
|t:|1738375656
|move|p1a: Jirachi|U-turn|p2a: Skarmory
|-resisted|p2a: Skarmory
|-crit|p2a: Skarmory
|-damage|p2a: Skarmory|58/100 par
|
|t:|1738375660
|switch|p1a: Starmie|Starmie|76/100|[from] U-turn
|-damage|p1a: Starmie|64/100|[from] Stealth Rock
|-damage|p1a: Starmie|47/100|[from] Spikes
|move|p2a: Skarmory|Spikes|p1a: Starmie
|-sidestart|p1: baixiaohen|Spikes
|
|upkeep
|turn|8
|
|t:|1738375663
|switch|p2a: Gengar|Gengar, M|100/100
|-damage|p2a: Gengar|88/100|[from] Stealth Rock
|move|p1a: Starmie|Hydro Pump|p2a: Gengar
|-damage|p2a: Gengar|0 fnt
|faint|p2a: Gengar
|-damage|p1a: Starmie|38/100|[from] item: Life Orb
|
|upkeep
|
|t:|1738375666
|switch|p2a: Garchomp|Garchomp, M|100/100
|-damage|p2a: Garchomp|94/100|[from] Stealth Rock
|turn|9
|
|t:|1738375683
|switch|p1a: Celebi|Celebi|88/100
|-damage|p1a: Celebi|76/100|[from] Stealth Rock
|-damage|p1a: Celebi|51/100|[from] Spikes
|move|p2a: Garchomp|Outrage|p1a: Celebi
|-crit|p1a: Celebi
|-damage|p1a: Celebi|0 fnt
|faint|p1a: Celebi
|
|upkeep
|
|t:|1738375690
|switch|p1a: Gyarados|Gyarados, F, shiny|100/100
|-damage|p1a: Gyarados|75/100|[from] Stealth Rock
|-ability|p1a: Gyarados|Intimidate|boost
|-unboost|p2a: Garchomp|atk|1
|turn|10
|
|t:|1738375699
|move|p2a: Garchomp|Outrage|p1a: Gyarados|[from] lockedmove
|-damage|p1a: Gyarados|20/100
|move|p1a: Gyarados|Dragon Dance|p1a: Gyarados
|-boost|p1a: Gyarados|atk|1
|-boost|p1a: Gyarados|spe|1
|
|-heal|p1a: Gyarados|26/100|[from] item: Leftovers
|upkeep
|turn|11
|
|t:|1738375702
|move|p2a: Garchomp|Outrage|p1a: Gyarados|[from] lockedmove
|-damage|p1a: Gyarados|0 fnt
|faint|p1a: Gyarados
|-start|p2a: Garchomp|confusion|[fatigue]
|
|upkeep
|
|t:|1738375705
|switch|p1a: Starmie|Starmie|38/100
|-damage|p1a: Starmie|25/100|[from] Stealth Rock
|-damage|p1a: Starmie|0 fnt|[from] Spikes
|faint|p1a: Starmie
|-message|baixiaohen forfeited.
|
|win|SattleBimulator
|raw|baixiaohen's rating: 1438 &rarr; <strong>1414</strong><br />(-24 for losing)
|raw|SattleBimulator's rating: 1362 &rarr; <strong>1386</strong><br />(+24 for winning)
|l|☆baixiaohen
|player|p1|
