|j|☆Bl153
|j|☆SattleBimulator
|t:|1737337057
|gametype|singles
|player|p1|Bl153|nate|1388
|player|p2|SattleBimulator|266|1313
|teamsize|p1|6
|teamsize|p2|6
|gen|5
|tier|[Gen 5] OU
|rated|
|rule|Species Clause: Limit one of each Pokémon
|rule|OHKO Clause: OHKO moves are banned
|rule|Moody Clause: Moody is banned
|rule|Evasion Items Clause: Evasion items are banned
|rule|Evasion Moves Clause: Evasion moves are banned
|rule|Endless Battle Clause: Forcing endless battles is banned
|rule|HP Percentage Mod: HP is shown in percentages
|rule|Evasion Abilities Clause: Evasion abilities are banned
|rule|Sleep Moves Clause: Sleep-inducing moves are banned
|rule|Swagger Clause: Swagger is banned
|rule|Baton Pass Stat Clause: No Baton Passer may have a way to boost its stats
|clearpoke
|poke|p1|Celebi|item
|poke|p1|Heatran, M|item
|poke|p1|Thundurus-Therian, M|item
|poke|p1|Forretress, M|item
|poke|p1|Conkeldurr, M|item
|poke|p1|Gastrodon, M|item
|poke|p2|Excadrill, F|item
|poke|p2|Garchomp, F|item
|poke|p2|Tyranitar, F|item
|poke|p2|Scizor, F|item
|poke|p2|Skarmory, M|item
|poke|p2|Gengar, F|item
|teampreview
|inactive|Battle timer is ON: inactive players will automatically lose when time's up. (requested by SattleBimulator)
|c|☆Bl153|hf
|
|t:|1737337077
|start
|switch|p1a: Forretress|Forretress, M|100/100
|switch|p2a: Tyranitar|Tyranitar, F|100/100
|-weather|Sandstorm|[from] ability: Sand Stream|[of] p2a: Tyranitar
|turn|1
|
|t:|1737337085
|switch|p1a: Gastrodon|Gastrodon, M|100/100
|move|p2a: Tyranitar|Thunder Wave|p1a: Gastrodon
|-immune|p1a: Gastrodon
|
|-weather|Sandstorm|[upkeep]
|upkeep
|turn|2
|
|t:|1737337092
|switch|p2a: Skarmory|Skarmory, M|100/100
|move|p1a: Gastrodon|Scald|p2a: Skarmory
|-damage|p2a: Skarmory|66/100
|
|-weather|Sandstorm|[upkeep]
|upkeep
|turn|3
|
|t:|1737337102
|move|p2a: Skarmory|Stealth Rock|p1a: Gastrodon
|-sidestart|p1: Bl153|move: Stealth Rock
|move|p1a: Gastrodon|Scald|p2a: Skarmory
|-damage|p2a: Skarmory|29/100
|
|-weather|Sandstorm|[upkeep]
|upkeep
|turn|4
|
|t:|1737337106
|switch|p1a: Thundurus|Thundurus-Therian, M|100/100
|-damage|p1a: Thundurus|76/100|[from] Stealth Rock
|move|p2a: Skarmory|Spikes|p1a: Thundurus
|-sidestart|p1: Bl153|Spikes
|
|-weather|Sandstorm|[upkeep]
|-damage|p1a: Thundurus|70/100|[from] Sandstorm
|-heal|p1a: Thundurus|76/100|[from] item: Leftovers
|upkeep
|turn|5
|
|t:|1737337113
|move|p1a: Thundurus|Nasty Plot|p1a: Thundurus
|-boost|p1a: Thundurus|spa|2
|move|p2a: Skarmory|Whirlwind|p1a: Thundurus
|drag|p1a: Celebi|Celebi|100/100
|-damage|p1a: Celebi|88/100|[from] Stealth Rock
|-damage|p1a: Celebi|76/100|[from] Spikes
|
|-weather|Sandstorm|[upkeep]
|-damage|p1a: Celebi|70/100|[from] Sandstorm
|-heal|p1a: Celebi|76/100|[from] item: Leftovers
|upkeep
|turn|6
|
|t:|1737337120
|move|p1a: Celebi|Psychic|p2a: Skarmory
|-resisted|p2a: Skarmory
|-damage|p2a: Skarmory|6/100
|move|p2a: Skarmory|Whirlwind|p1a: Celebi
|drag|p1a: Gastrodon|Gastrodon, M|100/100
|-damage|p1a: Gastrodon|94/100|[from] Stealth Rock
|-damage|p1a: Gastrodon|82/100|[from] Spikes
|
|-weather|Sandstorm|[upkeep]
|-heal|p1a: Gastrodon|88/100|[from] item: Leftovers
|upkeep
|turn|7
|
|t:|1737337126
|move|p2a: Skarmory|Brave Bird|p1a: Gastrodon
|-damage|p1a: Gastrodon|56/100
|-damage|p2a: Skarmory|0 fnt|[from] Recoil
|faint|p2a: Skarmory
|move|p1a: Gastrodon|Scald|p2: Skarmory|[notarget]
|-fail|p1a: Gastrodon
|
|-weather|Sandstorm|[upkeep]
|-heal|p1a: Gastrodon|62/100|[from] item: Leftovers
|upkeep
|
|t:|1737337130
|switch|p2a: Scizor|Scizor, F|100/100
|turn|8
|
|t:|1737337134
|move|p2a: Scizor|Swords Dance|p2a: Scizor
|-boost|p2a: Scizor|atk|2
|move|p1a: Gastrodon|Recover|p1a: Gastrodon
|-heal|p1a: Gastrodon|100/100
|
|-weather|Sandstorm|[upkeep]
|upkeep
|turn|9
|
|t:|1737337139
|move|p2a: Scizor|Swords Dance|p2a: Scizor
|-boost|p2a: Scizor|atk|2
|move|p1a: Gastrodon|Scald|p2a: Scizor
|-damage|p2a: Scizor|61/100
|
|-weather|Sandstorm|[upkeep]
|upkeep
|turn|10
|
|t:|1737337148
|switch|p1a: Heatran|Heatran, M, shiny|100/100
|-damage|p1a: Heatran|88/100|[from] Stealth Rock
|-item|p1a: Heatran|Air Balloon
|move|p2a: Scizor|Superpower|p1a: Heatran
|-supereffective|p1a: Heatran
|-damage|p1a: Heatran|0 fnt
|-unboost|p2a: Scizor|atk|1
|-unboost|p2a: Scizor|def|1
|-enditem|p1a: Heatran|Air Balloon
|faint|p1a: Heatran
|-damage|p2a: Scizor|51/100|[from] item: Life Orb
|
|-weather|Sandstorm|[upkeep]
|upkeep
|
|t:|1737337163
|switch|p1a: Forretress|Forretress, M|100/100
|-damage|p1a: Forretress|88/100|[from] Stealth Rock
|-damage|p1a: Forretress|75/100|[from] Spikes
|turn|11
|
|t:|1737337166
|move|p2a: Scizor|Superpower|p1a: Forretress
|-damage|p1a: Forretress|0 fnt
|-unboost|p2a: Scizor|atk|1
|-unboost|p2a: Scizor|def|1
|faint|p1a: Forretress
|-damage|p2a: Scizor|41/100|[from] item: Life Orb
|
|-weather|Sandstorm|[upkeep]
|upkeep
|
|t:|1737337172
|switch|p1a: Thundurus|Thundurus-Therian, M|76/100
|-damage|p1a: Thundurus|51/100|[from] Stealth Rock
|turn|12
|
|t:|1737337174
|move|p2a: Scizor|Bullet Punch|p1a: Thundurus
|-resisted|p1a: Thundurus
|-damage|p1a: Thundurus|0 fnt
|faint|p1a: Thundurus
|-damage|p2a: Scizor|31/100|[from] item: Life Orb
|
|-weather|Sandstorm|[upkeep]
|upkeep
|
|t:|1737337177
|switch|p1a: Conkeldurr|Conkeldurr, M|100/100
|-damage|p1a: Conkeldurr|94/100|[from] Stealth Rock
|-damage|p1a: Conkeldurr|82/100|[from] Spikes
|turn|13
|
|t:|1737337179
|move|p2a: Scizor|Bullet Punch|p1a: Conkeldurr
|-damage|p1a: Conkeldurr|0 fnt
|faint|p1a: Conkeldurr
|-damage|p2a: Scizor|21/100|[from] item: Life Orb
|
|-weather|Sandstorm|[upkeep]
|upkeep
|c|☆Bl153|gg
|c|☆Bl153|SCIZ IS A THREAT
|
|t:|1737337193
|switch|p1a: Celebi|Celebi|76/100
|-damage|p1a: Celebi|63/100|[from] Stealth Rock
|-damage|p1a: Celebi|51/100|[from] Spikes
|turn|14
|
|t:|1737337196
|move|p2a: Scizor|Bullet Punch|p1a: Celebi
|-crit|p1a: Celebi
|-damage|p1a: Celebi|0 fnt
|faint|p1a: Celebi
|-damage|p2a: Scizor|11/100|[from] item: Life Orb
|
|-weather|Sandstorm|[upkeep]
|upkeep
|
|t:|1737337198
|switch|p1a: Gastrodon|Gastrodon, M|100/100
|-damage|p1a: Gastrodon|94/100|[from] Stealth Rock
|-damage|p1a: Gastrodon|82/100|[from] Spikes
|turn|15
|
|t:|1737337200
|move|p2a: Scizor|Superpower|p1a: Gastrodon
|-damage|p1a: Gastrodon|0 fnt
|-unboost|p2a: Scizor|atk|1
|-unboost|p2a: Scizor|def|1
|faint|p1a: Gastrodon
|-damage|p2a: Scizor|1/100|[from] item: Life Orb
|
|win|SattleBimulator
|raw|Bl153's rating: 1388 &rarr; <strong>1364</strong><br />(-24 for losing)
|raw|SattleBimulator's rating: 1313 &rarr; <strong>1337</strong><br />(+24 for winning)
