|j|☆cinema staff fan
|j|☆xanatosss gambit
|t:|1748879987
|gametype|singles
|player|p1|cinema staff fan|miku-flying|1363
|player|p2|xanatosss gambit|psychic-gen2|1630
|teamsize|p1|6
|teamsize|p2|6
|gen|5
|tier|[Gen 5] OU
|rated|
|rule|Species Clause: Limit one of each Pokémon
|rule|OHKO Clause: OHKO moves are banned
|rule|Moody Clause: Moody is banned
|rule|Evasion Items Clause: Evasion items are banned
|rule|Evasion Moves Clause: Evasion moves are banned
|rule|Endless Battle Clause: Forcing endless battles is banned
|rule|HP Percentage Mod: HP is shown in percentages
|rule|Evasion Abilities Clause: Evasion abilities are banned
|rule|Sleep Moves Clause: Sleep-inducing moves are banned
|rule|Swagger Clause: Swagger is banned
|rule|Baton Pass Stat Clause: No Baton Passer may have a way to boost its stats
|clearpoke
|poke|p1|Infernape, F|item
|poke|p1|Tyranitar, F|item
|poke|p1|Gastrodon-East, F|item
|poke|p1|Forretress, M|item
|poke|p1|Keldeo|item
|poke|p1|Landorus-Therian, M|item
|poke|p2|Aerodactyl, M|item
|poke|p2|Breloom, F|item
|poke|p2|Garchomp, F|item
|poke|p2|Latios, M|item
|poke|p2|Lucario, F|item
|poke|p2|Scizor, M|item
|teampreview
|inactive|Battle timer is ON: inactive players will automatically lose when time's up. (requested by cinema staff fan)
|inactive|cinema staff fan has 120 seconds left.
|
|t:|1748880025
|start
|switch|p1a: Achtung Baby|Gastrodon-East, F|100/100
|switch|p2a: Aerodactyl|Aerodactyl, M|100/100
|-ability|p2a: Aerodactyl|Pressure
|turn|1
|inactive|xanatosss gambit has 120 seconds left.
|
|t:|1748880057
|move|p2a: Aerodactyl|Stealth Rock|p1a: Achtung Baby
|-sidestart|p1: cinema staff fan|move: Stealth Rock
|move|p1a: Achtung Baby|Scald|p2a: Aerodactyl
|-supereffective|p2a: Aerodactyl
|-damage|p2a: Aerodactyl|24/100
|
|upkeep
|turn|2
|
|t:|1748880060
|move|p2a: Aerodactyl|Taunt|p1a: Achtung Baby
|-start|p1a: Achtung Baby|move: Taunt
|move|p1a: Achtung Baby|Scald|p2a: Aerodactyl
|-supereffective|p2a: Aerodactyl
|-damage|p2a: Aerodactyl|0 fnt
|faint|p2a: Aerodactyl
|
|upkeep
|inactive|xanatosss gambit has 120 seconds left.
|
|t:|1748880076
|switch|p2a: Breloom|Breloom, F, shiny|100/100
|turn|3
|
|t:|1748880079
|switch|p1a: Tusk|Forretress, M, shiny|100/100
|-damage|p1a: Tusk|88/100|[from] Stealth Rock
|move|p2a: Breloom|Swords Dance|p2a: Breloom
|-boost|p2a: Breloom|atk|2
|
|-heal|p1a: Tusk|94/100|[from] item: Leftovers
|upkeep
|turn|4
|
|t:|1748880085
|move|p2a: Breloom|Low Sweep|p1a: Tusk
|-damage|p1a: Tusk|39/100
|-unboost|p1a: Tusk|spe|1
|move|p1a: Tusk|Stealth Rock|p2a: Breloom
|-sidestart|p2: xanatosss gambit|move: Stealth Rock
|
|-heal|p1a: Tusk|45/100|[from] item: Leftovers
|upkeep
|turn|5
|
|t:|1748880091
|move|p2a: Breloom|Low Sweep|p1a: Tusk
|-damage|p1a: Tusk|0 fnt
|faint|p1a: Tusk
|
|upkeep
|
|t:|1748880094
|switch|p1a: Pearl Jam|Infernape, F|100/100
|-damage|p1a: Pearl Jam|88/100|[from] Stealth Rock
|turn|6
|c|☆xanatosss gambit|//calc
|c|☆xanatosss gambit|ops
|inactive|xanatosss gambit has 120 seconds left.
|
|t:|1748880129
|move|p2a: Breloom|Mach Punch|p1a: Pearl Jam
|-damage|p1a: Pearl Jam|0 fnt
|faint|p1a: Pearl Jam
|
|upkeep
|j| skatehead
|inactive|cinema staff fan has 120 seconds left.
|
|t:|1748880143
|switch|p1a: White Album|Keldeo|100/100
|-damage|p1a: White Album|94/100|[from] Stealth Rock
|turn|7
|
|t:|1748880146
|move|p1a: White Album|Secret Sword|p2a: Breloom
|-damage|p2a: Breloom|0 fnt
|faint|p2a: Breloom
|
|upkeep
|inactive|xanatosss gambit has 120 seconds left.
|
|t:|1748880160
|switch|p2a: Garchomp|Garchomp, F|100/100
|-damage|p2a: Garchomp|94/100|[from] Stealth Rock
|turn|8
|j| chomp29
|
|t:|1748880163
|switch|p1a: Achtung Baby|Gastrodon-East, F|100/100
|-damage|p1a: Achtung Baby|94/100|[from] Stealth Rock
|move|p2a: Garchomp|Swords Dance|p2a: Garchomp
|-boost|p2a: Garchomp|atk|2
|
|-heal|p1a: Achtung Baby|100/100|[from] item: Leftovers
|upkeep
|turn|9
|
|t:|1748880172
|move|p2a: Garchomp|Earthquake|p1a: Achtung Baby
|-crit|p1a: Achtung Baby
|-damage|p1a: Achtung Baby|0 fnt
|faint|p1a: Achtung Baby
|
|upkeep
|
|t:|1748880176
|switch|p1a: White Album|Keldeo|94/100
|-damage|p1a: White Album|88/100|[from] Stealth Rock
|turn|10
|
|t:|1748880183
|switch|p2a: Latios|Latios, M, shiny|100/100
|-damage|p2a: Latios|88/100|[from] Stealth Rock
|move|p1a: White Album|Hydro Pump|p2a: Latios
|-resisted|p2a: Latios
|-damage|p2a: Latios|36/100
|
|upkeep
|turn|11
|
|t:|1748880189
|switch|p1a: Sandman|Tyranitar, F|100/100
|-damage|p1a: Sandman|88/100|[from] Stealth Rock
|-weather|Sandstorm|[from] ability: Sand Stream|[of] p1a: Sandman
|move|p2a: Latios|Draco Meteor|p1a: Sandman
|-damage|p1a: Sandman|56/100
|-unboost|p2a: Latios|spa|2
|
|-weather|Sandstorm|[upkeep]
|-damage|p2a: Latios|30/100|[from] Sandstorm
|upkeep
|turn|12
|
|t:|1748880192
|move|p2a: Latios|Draco Meteor|p1a: Sandman
|-damage|p1a: Sandman|41/100
|-unboost|p2a: Latios|spa|2
|move|p1a: Sandman|Pursuit|p2a: Latios
|-supereffective|p2a: Latios
|-damage|p2a: Latios|0 fnt
|faint|p2a: Latios
|
|-weather|Sandstorm|[upkeep]
|upkeep
|
|t:|1748880196
|switch|p2a: Scizor|Scizor, M|100/100
|-damage|p2a: Scizor|88/100|[from] Stealth Rock
|turn|13
|
|t:|1748880198
|move|p2a: Scizor|Swords Dance|p2a: Scizor
|-boost|p2a: Scizor|atk|2
|move|p1a: Sandman|Flamethrower|p2a: Scizor
|-supereffective|p2a: Scizor
|-damage|p2a: Scizor|0 fnt
|faint|p2a: Scizor
|
|-weather|Sandstorm|[upkeep]
|upkeep
|
|t:|1748880202
|switch|p2a: Garchomp|Garchomp, F|94/100
|-damage|p2a: Garchomp|88/100|[from] Stealth Rock
|turn|14
|
|t:|1748880208
|move|p2a: Garchomp|Substitute|p2a: Garchomp
|-start|p2a: Garchomp|Substitute
|-damage|p2a: Garchomp|63/100
|move|p1a: Sandman|Crunch|p2a: Garchomp
|-end|p2a: Garchomp|Substitute
|
|-weather|Sandstorm|[upkeep]
|upkeep
|turn|15
|c|☆xanatosss gambit|gg
|
|t:|1748880215
|move|p2a: Garchomp|Swords Dance|p2a: Garchomp
|-boost|p2a: Garchomp|atk|2
|move|p1a: Sandman|Crunch|p2a: Garchomp
|-damage|p2a: Garchomp|27/100
|-damage|p1a: Sandman|29/100|[from] ability: Rough Skin|[of] p2a: Garchomp
|
|-weather|Sandstorm|[upkeep]
|upkeep
|turn|16
|
|t:|1748880219
|move|p2a: Garchomp|Substitute|p2a: Garchomp
|-start|p2a: Garchomp|Substitute
|-damage|p2a: Garchomp|2/100
|-enditem|p2a: Garchomp|Salac Berry|[eat]
|-boost|p2a: Garchomp|spe|1|[from] item: Salac Berry
|move|p1a: Sandman|Crunch|p2a: Garchomp
|-end|p2a: Garchomp|Substitute
|
|-weather|Sandstorm|[upkeep]
|upkeep
|turn|17
|
|t:|1748880221
|move|p2a: Garchomp|Dragon Claw|p1a: Sandman
|-damage|p1a: Sandman|0 fnt
|faint|p1a: Sandman
|
|-weather|Sandstorm|[upkeep]
|upkeep
|
|t:|1748880227
|switch|p1a: Mr.President|Landorus-Therian, M|100/100
|-damage|p1a: Mr.President|88/100|[from] Stealth Rock
|-ability|p1a: Mr.President|Intimidate|boost
|-unboost|p2a: Garchomp|atk|1
|turn|18
|
|t:|1748880236
|move|p2a: Garchomp|Dragon Claw|p1a: Mr.President
|-crit|p1a: Mr.President
|-damage|p1a: Mr.President|0 fnt
|faint|p1a: Mr.President
|
|-weather|Sandstorm|[upkeep]
|upkeep
|c|☆cinema staff fan|no way dude
|
|t:|1748880243
|switch|p1a: White Album|Keldeo|88/100
|-damage|p1a: White Album|82/100|[from] Stealth Rock
|turn|19
|c|☆xanatosss gambit|sorry
|c|☆xanatosss gambit|lol
|c| skatehead|legacy crit
|c| skatehead|LOL
|
|t:|1748880249
|move|p2a: Garchomp|Earthquake|p1a: White Album
|-damage|p1a: White Album|0 fnt
|faint|p1a: White Album
|
|win|xanatosss gambit
|raw|cinema staff fan's rating: 1363 &rarr; <strong>1356</strong><br />(-7 for losing)
|raw|xanatosss gambit's rating: 1630 &rarr; <strong>1637</strong><br />(+7 for winning)
|l|☆xanatosss gambit
|player|p2|
