|j|☆Coronet077
|j|☆blossummm
|t:|1717090472
|gametype|singles
|player|p1|Coronet077|fisherman-gen4|1390
|player|p2|blossummm|bianca|1411
|teamsize|p1|6
|teamsize|p2|6
|gen|5
|tier|[Gen 5] OU
|rated|
|rule|Species Clause: Limit one of each Pokémon
|rule|OHKO Clause: OHKO moves are banned
|rule|Moody Clause: Moody is banned
|rule|Evasion Items Clause: Evasion items are banned
|rule|Evasion Moves Clause: Evasion moves are banned
|rule|Endless Battle Clause: Forcing endless battles is banned
|rule|HP Percentage Mod: HP is shown in percentages
|rule|Evasion Abilities Clause: Evasion abilities are banned
|rule|Sleep Moves Clause: Sleep-inducing moves are banned
|rule|Swagger Clause: Swagger is banned
|rule|Baton Pass Stat Clause: No Baton Passer may have a way to boost its stats
|clearpoke
|poke|p1|Magnezone|item
|poke|p1|Jirachi|item
|poke|p1|Kyurem-Black|item
|poke|p1|Latios, M|item
|poke|p1|Garchomp, M|item
|poke|p1|Dragonite, M|item
|poke|p2|Skarmory, F|item
|poke|p2|Latios, M|item
|poke|p2|Jellicent, F|item
|poke|p2|Tyranitar, F|item
|poke|p2|Alakazam, F|item
|poke|p2|Garchomp, F|item
|teampreview
|
|t:|1717090493
|start
|switch|p1a: Kyurem|Kyurem-Black|100/100
|switch|p2a: Skarmory|Skarmory, F|100/100
|-ability|p1a: Kyurem|Teravolt
|turn|1
|
|t:|1717090501
|move|p1a: Kyurem|Ice Beam|p2a: Skarmory
|-damage|p2a: Skarmory|40/100
|move|p2a: Skarmory|Stealth Rock|p1a: Kyurem
|-sidestart|p1: Coronet077|move: Stealth Rock
|
|upkeep
|turn|2
|
|t:|1717090507
|move|p1a: Kyurem|Ice Beam|p2a: Skarmory
|-damage|p2a: Skarmory|0 fnt
|faint|p2a: Skarmory
|
|upkeep
|
|t:|1717090541
|switch|p2a: Jellicent|Jellicent, F|100/100
|turn|3
|
|t:|1717090546
|switch|p1a: Jirachi|Jirachi|100/100
|-damage|p1a: Jirachi|94/100|[from] Stealth Rock
|move|p2a: Jellicent|Will-O-Wisp|p1a: Jirachi
|-status|p1a: Jirachi|brn
|
|-damage|p1a: Jirachi|82/100 brn|[from] brn
|upkeep
|turn|4
|
|t:|1717090553
|move|p1a: Jirachi|Thunder|p2a: Jellicent
|-supereffective|p2a: Jellicent
|-damage|p2a: Jellicent|59/100
|move|p2a: Jellicent|Scald|p1a: Jirachi
|-crit|p1a: Jirachi
|-damage|p1a: Jirachi|52/100 brn
|
|-heal|p2a: Jellicent|65/100|[from] item: Leftovers
|-damage|p1a: Jirachi|40/100 brn|[from] brn
|upkeep
|turn|5
|
|t:|1717090561
|move|p1a: Jirachi|Stealth Rock|p2a: Jellicent
|-sidestart|p2: blossummm|move: Stealth Rock
|move|p2a: Jellicent|Recover|p2a: Jellicent
|-heal|p2a: Jellicent|100/100
|
|-damage|p1a: Jirachi|27/100 brn|[from] brn
|upkeep
|turn|6
|
|t:|1717090564
|move|p1a: Jirachi|Thunder|p2a: Jellicent
|-supereffective|p2a: Jellicent
|-damage|p2a: Jellicent|56/100
|-status|p2a: Jellicent|par
|cant|p2a: Jellicent|par
|
|-heal|p2a: Jellicent|62/100 par|[from] item: Leftovers
|-damage|p1a: Jirachi|15/100 brn|[from] brn
|upkeep
|turn|7
|
|t:|1717090570
|move|p1a: Jirachi|Thunder|p2a: Jellicent
|-supereffective|p2a: Jellicent
|-damage|p2a: Jellicent|17/100 par
|move|p2a: Jellicent|Recover|p2a: Jellicent
|-heal|p2a: Jellicent|67/100 par
|
|-heal|p2a: Jellicent|73/100 par|[from] item: Leftovers
|-damage|p1a: Jirachi|2/100 brn|[from] brn
|upkeep
|turn|8
|
|t:|1717090581
|move|p1a: Jirachi|Thunder|p2a: Jellicent
|-supereffective|p2a: Jellicent
|-damage|p2a: Jellicent|25/100 par
|cant|p2a: Jellicent|par
|
|-heal|p2a: Jellicent|31/100 par|[from] item: Leftovers
|-damage|p1a: Jirachi|0 fnt|[from] brn
|faint|p1a: Jirachi
|upkeep
|
|t:|1717090585
|switch|p1a: Kyurem|Kyurem-Black|100/100
|-damage|p1a: Kyurem|76/100|[from] Stealth Rock
|-ability|p1a: Kyurem|Teravolt
|turn|9
|
|t:|1717090589
|move|p1a: Kyurem|Dragon Claw|p2a: Jellicent
|-damage|p2a: Jellicent|0 fnt
|faint|p2a: Jellicent
|
|upkeep
|
|t:|1717090603
|switch|p2a: Garchomp|Garchomp, F|100/100
|-damage|p2a: Garchomp|94/100|[from] Stealth Rock
|turn|10
|
|t:|1717090607
|switch|p1a: Magnezone|Magnezone|100/100
|-damage|p1a: Magnezone|94/100|[from] Stealth Rock
|-item|p1a: Magnezone|Air Balloon
|move|p2a: Garchomp|Outrage|p1a: Magnezone
|-resisted|p1a: Magnezone
|-damage|p1a: Magnezone|61/100
|-enditem|p1a: Magnezone|Air Balloon
|
|upkeep
|turn|11
|
|t:|1717090613
|move|p2a: Garchomp|Outrage|p1a: Magnezone|[from]lockedmove
|-resisted|p1a: Magnezone
|-damage|p1a: Magnezone|26/100
|move|p1a: Magnezone|Magnet Rise|p1a: Magnezone
|-start|p1a: Magnezone|Magnet Rise
|
|upkeep
|turn|12
|
|t:|1717090616
|move|p2a: Garchomp|Outrage|p1a: Magnezone|[from]lockedmove
|-resisted|p1a: Magnezone
|-damage|p1a: Magnezone|0 fnt
|faint|p1a: Magnezone
|-start|p2a: Garchomp|confusion|[fatigue]
|
|upkeep
|
|t:|1717090619
|switch|p1a: Garchomp|Garchomp, M|100/100
|-damage|p1a: Garchomp|94/100|[from] Stealth Rock
|turn|13
|
|t:|1717090622
|-activate|p2a: Garchomp|confusion
|-damage|p2a: Garchomp|80/100|[from] confusion
|move|p1a: Garchomp|Dual Chop|p2a: Garchomp
|-supereffective|p2a: Garchomp
|-damage|p2a: Garchomp|36/100
|-damage|p1a: Garchomp|82/100|[from] ability: Rough Skin|[of] p2a: Garchomp
|-supereffective|p2a: Garchomp
|-crit|p2a: Garchomp
|-damage|p2a: Garchomp|0 fnt
|-damage|p1a: Garchomp|70/100|[from] ability: Rough Skin|[of] p2a: Garchomp
|faint|p2a: Garchomp
|-hitcount|p2: Garchomp|2
|
|upkeep
|
|t:|1717090653
|switch|p2a: Tyranitar|Tyranitar, F, shiny|100/100
|-damage|p2a: Tyranitar|88/100|[from] Stealth Rock
|-weather|Sandstorm|[from] ability: Sand Stream|[of] p2a: Tyranitar
|turn|14
|
|t:|1717090656
|switch|p1a: Kyurem|Kyurem-Black|76/100
|-damage|p1a: Kyurem|51/100|[from] Stealth Rock
|-ability|p1a: Kyurem|Teravolt
|move|p2a: Tyranitar|Crunch|p1a: Kyurem
|-damage|p1a: Kyurem|16/100
|
|-weather|Sandstorm|[upkeep]
|-damage|p1a: Kyurem|10/100|[from] Sandstorm
|upkeep
|turn|15
|
|t:|1717090662
|move|p1a: Kyurem|Outrage|p2a: Tyranitar
|-damage|p2a: Tyranitar|0 fnt
|faint|p2a: Tyranitar
|
|-weather|Sandstorm|[upkeep]
|-damage|p1a: Kyurem|4/100|[from] Sandstorm
|upkeep
|
|t:|1717090683
|switch|p2a: Alakazam|Alakazam, F|100/100
|turn|16
|
|t:|1717090685
|move|p2a: Alakazam|Psychic|p1a: Kyurem
|-damage|p1a: Kyurem|0 fnt
|faint|p1a: Kyurem
|
|-weather|Sandstorm|[upkeep]
|upkeep
|
|t:|1717090687
|switch|p1a: Garchomp|Garchomp, M|70/100
|-damage|p1a: Garchomp|64/100|[from] Stealth Rock
|turn|17
|
|t:|1717090690
|move|p1a: Garchomp|Dual Chop|p2a: Alakazam
|-damage|p2a: Alakazam|57/100
|-damage|p2a: Alakazam|7/100
|-hitcount|p2a: Alakazam|2
|move|p2a: Alakazam|Psychic|p1a: Garchomp
|-damage|p1a: Garchomp|0 fnt
|faint|p1a: Garchomp
|
|-weather|Sandstorm|[upkeep]
|upkeep
|
|t:|1717090697
|switch|p1a: Latios|Latios, M|100/100
|-damage|p1a: Latios|88/100|[from] Stealth Rock
|turn|18
|
|t:|1717090700
|move|p1a: Latios|Dragon Pulse|p2a: Alakazam
|-damage|p2a: Alakazam|0 fnt
|faint|p2a: Alakazam
|
|-weather|Sandstorm|[upkeep]
|-damage|p1a: Latios|82/100|[from] Sandstorm
|upkeep
|
|t:|1717090755
|switch|p2a: Latios|Latios, M|100/100
|-damage|p2a: Latios|88/100|[from] Stealth Rock
|turn|19
|
|t:|1717090758
|move|p1a: Latios|Dragon Pulse|p2a: Latios
|-supereffective|p2a: Latios
|-damage|p2a: Latios|0 fnt
|faint|p2a: Latios
|
|win|Coronet077
|raw|Coronet077's rating: 1390 &rarr; <strong>1411</strong><br />(+21 for winning)
|raw|blossummm's rating: 1411 &rarr; <strong>1390</strong><br />(-21 for losing)
|l|☆blossummm
|player|p2|
