|j|☆torinoko city
|j|☆chomp29
|t:|1708161969
|gametype|singles
|player|p1|torinoko city|miku-flying|1529
|player|p2|chomp29|brock|1651
|teamsize|p1|6
|teamsize|p2|6
|gen|5
|tier|[Gen 5] OU
|rated|
|rule|Species Clause: Limit one of each Pokémon
|rule|OHKO Clause: OHKO moves are banned
|rule|Moody Clause: Moody is banned
|rule|Evasion Items Clause: Evasion items are banned
|rule|Evasion Moves Clause: Evasion moves are banned
|rule|Endless Battle Clause: Forcing endless battles is banned
|rule|HP Percentage Mod: HP is shown in percentages
|rule|Evasion Abilities Clause: Evasion abilities are banned
|rule|Sleep Moves Clause: Sleep-inducing moves are banned
|rule|Swagger Clause: Swagger is banned
|rule|Baton Pass Stat Clause: No Baton Passer may have a way to boost its stats
|clearpoke
|poke|p1|Politoed, M|item
|poke|p1|Landorus-Therian, M|item
|poke|p1|Celebi|item
|poke|p1|Jirachi|item
|poke|p1|Keldeo-Resolute|item
|poke|p1|Tentacruel, M|item
|poke|p2|Starmie|item
|poke|p2|Ferrothorn, F|item
|poke|p2|Gyarados, M|item
|poke|p2|Latios, M|item
|poke|p2|Thundurus-Therian, M|item
|poke|p2|Politoed, M|item
|teampreview
|inactive|Battle timer is ON: inactive players will automatically lose when time's up. (requested by torinoko city)
|j| Edertekeur
|
|t:|1708161994
|start
|switch|p1a: Landorus|Landorus-Therian, M|100/100
|switch|p2a: Politoed|Politoed, M|100/100
|-ability|p1a: Landorus|Intimidate|boost
|-unboost|p2a: Politoed|atk|1
|-weather|RainDance|[from] ability: Drizzle|[of] p2a: Politoed
|turn|1
|
|t:|1708161998
|move|p1a: Landorus|U-turn|p2a: Politoed
|-damage|p2a: Politoed|80/100
|
|t:|1708162001
|switch|p1a: Celebi|Celebi|100/100|[from] U-turn
|move|p2a: Politoed|Scald|p1a: Celebi
|-resisted|p1a: Celebi
|-damage|p1a: Celebi|88/100
|
|-weather|RainDance|[upkeep]
|-heal|p1a: Celebi|94/100|[from] item: Leftovers
|-heal|p2a: Politoed|86/100|[from] item: Leftovers
|upkeep
|turn|2
|
|t:|1708162005
|switch|p2a: Ferrothorn|Ferrothorn, F|100/100
|move|p1a: Celebi|Substitute|p1a: Celebi
|-start|p1a: Celebi|Substitute
|-damage|p1a: Celebi|69/100
|
|-weather|RainDance|[upkeep]
|-heal|p1a: Celebi|75/100|[from] item: Leftovers
|upkeep
|turn|3
|
|t:|1708162009
|move|p1a: Celebi|Baton Pass|p1a: Celebi
|j| SKT T1 Motherfaker
|
|t:|1708162011
|switch|p1a: Keldeo|Keldeo-Resolute|100/100|[from] Baton Pass
|move|p2a: Ferrothorn|Stealth Rock|p1a: Keldeo
|-sidestart|p1: torinoko city|move: Stealth Rock
|
|-weather|RainDance|[upkeep]
|upkeep
|turn|4
|inactive|chomp29 has 120 seconds left.
|
|t:|1708162059
|move|p1a: Keldeo|Secret Sword|p2a: Ferrothorn
|-supereffective|p2a: Ferrothorn
|-damage|p2a: Ferrothorn|37/100
|move|p2a: Ferrothorn|Gyro Ball|p1a: Keldeo
|-resisted|p1a: Keldeo
|-activate|p1a: Keldeo|Substitute|[damage]
|
|-weather|RainDance|[upkeep]
|-heal|p2a: Ferrothorn|43/100|[from] item: Leftovers
|upkeep
|turn|5
|
|t:|1708162064
|move|p2a: Ferrothorn|Protect|p2a: Ferrothorn
|-singleturn|p2a: Ferrothorn|Protect
|move|p1a: Keldeo|Secret Sword|p2a: Ferrothorn
|-activate|p2a: Ferrothorn|move: Protect
|
|-weather|RainDance|[upkeep]
|-heal|p2a: Ferrothorn|49/100|[from] item: Leftovers
|upkeep
|turn|6
|
|t:|1708162068
|switch|p2a: Politoed|Politoed, M|86/100
|move|p1a: Keldeo|Secret Sword|p2a: Politoed
|-damage|p2a: Politoed|40/100
|
|-weather|RainDance|[upkeep]
|-heal|p2a: Politoed|46/100|[from] item: Leftovers
|upkeep
|turn|7
|
|t:|1708162071
|move|p2a: Politoed|Protect|p2a: Politoed
|-singleturn|p2a: Politoed|Protect
|move|p1a: Keldeo|Calm Mind|p1a: Keldeo
|-boost|p1a: Keldeo|spa|1
|-boost|p1a: Keldeo|spd|1
|
|-weather|RainDance|[upkeep]
|-heal|p2a: Politoed|53/100|[from] item: Leftovers
|upkeep
|turn|8
|
|t:|1708162074
|move|p1a: Keldeo|Secret Sword|p2a: Politoed
|-damage|p2a: Politoed|0 fnt
|faint|p2a: Politoed
|
|-weather|RainDance|[upkeep]
|upkeep
|
|t:|1708162085
|switch|p2a: Starmie|Starmie|100/100
|-item|p2a: Starmie|Air Balloon
|turn|9
|
|t:|1708162087
|move|p2a: Starmie|Surf|p1a: Keldeo
|-resisted|p1a: Keldeo
|-end|p1a: Keldeo|Substitute
|move|p1a: Keldeo|Hidden Power|p2a: Starmie
|-supereffective|p2a: Starmie
|-damage|p2a: Starmie|0 fnt
|-enditem|p2a: Starmie|Air Balloon
|faint|p2a: Starmie
|
|-weather|RainDance|[upkeep]
|upkeep
|
|t:|1708162090
|switch|p2a: Latios|Latios, M|100/100
|turn|10
|
|t:|1708162095
|move|p2a: Latios|Trick|p1a: Keldeo
|-activate|p2a: Latios|move: Trick|[of] p1a: Keldeo
|-item|p1a: Keldeo|Choice Scarf|[from] move: Trick
|-item|p2a: Latios|Leftovers|[from] move: Trick
|move|p1a: Keldeo|Hidden Power|p2a: Latios
|-supereffective|p2a: Latios
|-damage|p2a: Latios|28/100
|
|-weather|RainDance|[upkeep]
|-heal|p2a: Latios|34/100|[from] item: Leftovers
|upkeep
|turn|11
|
|t:|1708162111
|switch|p1a: Tentacruel|Tentacruel, M|100/100
|-damage|p1a: Tentacruel|88/100|[from] Stealth Rock
|switch|p2a: Ferrothorn|Ferrothorn, F|49/100
|
|-weather|RainDance|[upkeep]
|-heal|p1a: Tentacruel|94/100|[from] ability: Rain Dish
|-heal|p1a: Tentacruel|99/100|[from] item: Black Sludge
|-heal|p2a: Ferrothorn|56/100|[from] item: Leftovers
|upkeep
|turn|12
|
|t:|1708162114
|move|p1a: Tentacruel|Scald|p2a: Ferrothorn
|-resisted|p2a: Ferrothorn
|-damage|p2a: Ferrothorn|43/100
|move|p2a: Ferrothorn|Leech Seed|p1a: Tentacruel
|-start|p1a: Tentacruel|move: Leech Seed
|
|-weather|RainDance|[upkeep]
|-heal|p1a: Tentacruel|100/100|[from] ability: Rain Dish
|-heal|p2a: Ferrothorn|49/100|[from] item: Leftovers
|-damage|p1a: Tentacruel|88/100|[from] Leech Seed|[of] p2a: Ferrothorn
|-heal|p2a: Ferrothorn|62/100|[silent]
|upkeep
|turn|13
|
|t:|1708162117
|move|p2a: Ferrothorn|Protect|p2a: Ferrothorn
|-singleturn|p2a: Ferrothorn|Protect
|move|p1a: Tentacruel|Rapid Spin|p2a: Ferrothorn
|-activate|p2a: Ferrothorn|move: Protect
|
|-weather|RainDance|[upkeep]
|-heal|p1a: Tentacruel|94/100|[from] ability: Rain Dish
|-heal|p1a: Tentacruel|99/100|[from] item: Black Sludge
|-heal|p2a: Ferrothorn|68/100|[from] item: Leftovers
|-damage|p1a: Tentacruel|88/100|[from] Leech Seed|[of] p2a: Ferrothorn
|-heal|p2a: Ferrothorn|81/100|[silent]
|upkeep
|turn|14
|
|t:|1708162123
|switch|p2a: Gyarados|Gyarados, M|100/100
|-ability|p2a: Gyarados|Intimidate|boost
|-unboost|p1a: Tentacruel|atk|1
|move|p1a: Tentacruel|Rapid Spin|p2a: Gyarados
|-damage|p2a: Gyarados|98/100
|-end|p1a: Tentacruel|Leech Seed|[from] move: Rapid Spin|[of] p1a: Tentacruel
|-sideend|p1: torinoko city|Stealth Rock|[from] move: Rapid Spin|[of] p1a: Tentacruel
|
|-weather|RainDance|[upkeep]
|-heal|p1a: Tentacruel|94/100|[from] ability: Rain Dish
|-heal|p1a: Tentacruel|99/100|[from] item: Black Sludge
|-heal|p2a: Gyarados|100/100|[from] item: Leftovers
|upkeep
|turn|15
|
|t:|1708162125
|move|p1a: Tentacruel|Toxic|p2a: Gyarados
|-status|p2a: Gyarados|tox
|move|p2a: Gyarados|Substitute|p2a: Gyarados
|-start|p2a: Gyarados|Substitute
|-damage|p2a: Gyarados|76/100 tox
|
|-weather|RainDance|[upkeep]
|-heal|p1a: Tentacruel|100/100|[from] ability: Rain Dish
|-heal|p2a: Gyarados|82/100 tox|[from] item: Leftovers
|-damage|p2a: Gyarados|76/100 tox|[from] psn
|upkeep
|turn|16
|
|t:|1708162129
|switch|p2a: Thundurus|Thundurus-Therian, M|100/100
|move|p1a: Tentacruel|Scald|p2a: Thundurus
|-damage|p2a: Thundurus|56/100
|-status|p2a: Thundurus|brn
|
|-weather|RainDance|[upkeep]
|-heal|p2a: Thundurus|63/100 brn|[from] item: Leftovers
|-damage|p2a: Thundurus|50/100 brn|[from] brn
|upkeep
|turn|17
|-message|chomp29 forfeited.
|
|win|torinoko city
|raw|torinoko city's rating: 1529 &rarr; <strong>1556</strong><br />(+27 for winning)
|raw|chomp29's rating: 1651 &rarr; <strong>1624</strong><br />(-27 for losing)
|l|☆chomp29
|player|p2|
|l|☆torinoko city
|player|p1|
|l| Edertekeur
