|j|☆kobepayne
|j|‽smiletoad
|player|p1|kobepayne|dahlia|1552
|player|p2|smiletoad|schoolkidf-gen3|1556
|teamsize|p1|6
|teamsize|p2|6
|gametype|singles
|gen|5
|tier|[Gen 5] OU
|rated|
|clearpoke
|poke|p1|Tyranitar, M|item
|poke|p1|Garchomp, F|item
|poke|p1|Rotom-Wash|item
|poke|p1|Landorus-Therian, M|item
|poke|p1|Ferrothorn, M|item
|poke|p1|Alakazam, F|item
|poke|p2|Politoed, M|item
|poke|p2|Breloom, M|item
|poke|p2|Keldeo|item
|poke|p2|Jirachi|item
|poke|p2|Tentacruel, M|item
|poke|p2|Thundurus-Therian, M|item
|rule|Species Clause: Limit one of each Pokémon
|rule|OHKO Clause: OHKO moves are banned
|rule|Moody Clause: Moody is banned
|rule|Evasion Moves Clause: Evasion moves are banned
|rule|Endless Battle Clause: Forcing endless battles is banned
|rule|HP Percentage Mod: HP is shown in percentages
|rule|Evasion Abilities Clause: Evasion abilities are banned
|rule|Baton Pass Clause: Limit one Baton Passer, can't pass Spe and other stats simultaneously
|rule|Sleep Clause: Sleep-inducing moves are banned
|rule|Swagger Clause: Swagger is banned
|teampreview
|inactive|Battle timer is ON: inactive players will automatically lose when time's up. (requested by kobepayne)
|
|start
|switch|p1a: Tyranitar|Tyranitar, M|100/100
|switch|p2a: Politoed|Politoed, M|100/100
|-weather|RainDance|[from] ability: Drizzle|[of] p2a: Politoed
|-weather|Sandstorm|[from] ability: Sand Stream|[of] p1a: Tyranitar
|turn|1
|
|switch|p1a: Rotom|Rotom-Wash|100/100
|move|p2a: Politoed|Scald|p1a: Rotom
|-resisted|p1a: Rotom
|-damage|p1a: Rotom|91/100
|-status|p1a: Rotom|brn
|
|-weather|Sandstorm|[upkeep]
|-damage|p1a: Rotom|85/100 brn|[from] Sandstorm
|-damage|p2a: Politoed|94/100|[from] Sandstorm
|-heal|p1a: Rotom|91/100 brn|[from] item: Leftovers
|-heal|p2a: Politoed|100/100|[from] item: Leftovers
|-damage|p1a: Rotom|79/100 brn|[from] brn
|upkeep
|turn|2
|
|move|p2a: Politoed|Protect|p2a: Politoed
|-singleturn|p2a: Politoed|Protect
|move|p1a: Rotom|Will-O-Wisp|p2a: Politoed
|-activate|p2a: Politoed|move: Protect
|
|-weather|Sandstorm|[upkeep]
|-damage|p1a: Rotom|73/100 brn|[from] Sandstorm
|-damage|p2a: Politoed|94/100|[from] Sandstorm
|-heal|p1a: Rotom|79/100 brn|[from] item: Leftovers
|-heal|p2a: Politoed|100/100|[from] item: Leftovers
|-damage|p1a: Rotom|67/100 brn|[from] brn
|upkeep
|turn|3
|
|move|p1a: Rotom|Will-O-Wisp|p2a: Politoed
|-status|p2a: Politoed|brn
|move|p2a: Politoed|Scald|p1a: Rotom
|-resisted|p1a: Rotom
|-damage|p1a: Rotom|57/100 brn
|
|-weather|Sandstorm|[upkeep]
|-damage|p1a: Rotom|51/100 brn|[from] Sandstorm
|-damage|p2a: Politoed|94/100 brn|[from] Sandstorm
|-heal|p1a: Rotom|57/100 brn|[from] item: Leftovers
|-heal|p2a: Politoed|100/100 brn|[from] item: Leftovers
|-damage|p1a: Rotom|44/100 brn|[from] brn
|-damage|p2a: Politoed|88/100 brn|[from] brn
|upkeep
|turn|4
|
|switch|p2a: Breloom|Breloom, M|100/100
|move|p1a: Rotom|Volt Switch|p2a: Breloom
|-resisted|p2a: Breloom
|-damage|p2a: Breloom|86/100
|
|switch|p1a: Garchomp|Garchomp, F|100/100|[from]move: Volt Switch
|
|-weather|Sandstorm|[upkeep]
|-damage|p2a: Breloom|80/100|[from] Sandstorm
|-status|p2a: Breloom|tox|[from] item: Toxic Orb
|upkeep
|turn|5
|
|move|p1a: Garchomp|Stealth Rock|p2a: Breloom
|-sidestart|p2: smiletoad|move: Stealth Rock
|move|p2a: Breloom|Bulk Up|p2a: Breloom
|-boost|p2a: Breloom|atk|1
|-boost|p2a: Breloom|def|1
|
|-weather|Sandstorm|[upkeep]
|-damage|p2a: Breloom|74/100 tox|[from] Sandstorm
|-heal|p2a: Breloom|86/100 tox|[from] ability: Poison Heal
|upkeep
|turn|6
|
|move|p1a: Garchomp|Fire Blast|p2a: Breloom
|-supereffective|p2a: Breloom
|-damage|p2a: Breloom|6/100 tox
|-damage|p1a: Garchomp|91/100|[from] item: Life Orb
|move|p2a: Breloom|Drain Punch|p1a: Garchomp
|-crit|p1a: Garchomp
|-damage|p1a: Garchomp|0 fnt
|-heal|p2a: Breloom|57/100 tox|[from] drain|[of] p1a: Garchomp
|-damage|p2a: Breloom|44/100 tox|[from] ability: Rough Skin|[of] p1a: Garchomp
|faint|p1a: Garchomp
|
|-weather|Sandstorm|[upkeep]
|-damage|p2a: Breloom|38/100 tox|[from] Sandstorm
|-heal|p2a: Breloom|50/100 tox|[from] ability: Poison Heal
|upkeep
|
|switch|p1a: Alakazam|Alakazam, F|100/100
|turn|7
|
|switch|p1a: Landorus|Landorus-Therian, M|100/100
|-ability|p1a: Landorus|Intimidate|boost
|-unboost|p2a: Breloom|atk|1
|move|p2a: Breloom|Protect||[still]
|-fail|p2a: Breloom
|
|-weather|Sandstorm|[upkeep]
|-damage|p2a: Breloom|44/100 tox|[from] Sandstorm
|-heal|p2a: Breloom|57/100 tox|[from] ability: Poison Heal
|upkeep
|turn|8
|
|move|p1a: Landorus|U-turn|p2a: Breloom
|-damage|p2a: Breloom|38/100 tox
|
|switch|p1a: Ferrothorn|Ferrothorn, M|100/100|[from]move: U-turn
|move|p2a: Breloom|Drain Punch|p1a: Ferrothorn
|-supereffective|p1a: Ferrothorn
|-damage|p1a: Ferrothorn|58/100
|-heal|p2a: Breloom|61/100 tox|[from] drain|[of] p1a: Ferrothorn
|-damage|p2a: Breloom|49/100 tox|[from] ability: Iron Barbs|[of] p1a: Ferrothorn
|
|-weather|Sandstorm|[upkeep]
|-damage|p2a: Breloom|42/100 tox|[from] Sandstorm
|-heal|p1a: Ferrothorn|64/100|[from] item: Leftovers
|-heal|p2a: Breloom|55/100 tox|[from] ability: Poison Heal
|upkeep
|turn|9
|
|switch|p1a: Landorus|Landorus-Therian, M|100/100
|-ability|p1a: Landorus|Intimidate|boost
|-unboost|p2a: Breloom|atk|1
|move|p2a: Breloom|Drain Punch|p1a: Landorus
|-resisted|p1a: Landorus
|-damage|p1a: Landorus|92/100
|-heal|p2a: Breloom|60/100 tox|[from] drain|[of] p1a: Landorus
|
|-weather|Sandstorm|[upkeep]
|-damage|p2a: Breloom|54/100 tox|[from] Sandstorm
|-heal|p2a: Breloom|66/100 tox|[from] ability: Poison Heal
|upkeep
|turn|10
|
|move|p2a: Breloom|Protect|p2a: Breloom
|-singleturn|p2a: Breloom|Protect
|move|p1a: Landorus|Hidden Power|p2a: Breloom
|-activate|p2a: Breloom|move: Protect
|
|-weather|Sandstorm|[upkeep]
|-damage|p2a: Breloom|60/100 tox|[from] Sandstorm
|-heal|p2a: Breloom|72/100 tox|[from] ability: Poison Heal
|upkeep
|turn|11
|
|switch|p2a: Politoed|Politoed, M|88/100 brn
|-damage|p2a: Politoed|75/100 brn|[from] Stealth Rock
|-weather|RainDance|[from] ability: Drizzle|[of] p2a: Politoed
|move|p1a: Landorus|Hidden Power|p2a: Politoed
|-resisted|p2a: Politoed
|-damage|p2a: Politoed|68/100 brn
|
|-weather|RainDance|[upkeep]
|-heal|p2a: Politoed|74/100 brn|[from] item: Leftovers
|-damage|p2a: Politoed|62/100 brn|[from] brn
|upkeep
|turn|12
|
|switch|p1a: Rotom|Rotom-Wash|44/100 brn
|move|p2a: Politoed|Scald|p1a: Rotom
|-resisted|p1a: Rotom
|-crit|p1a: Rotom
|-damage|p1a: Rotom|12/100 brn
|
|-weather|RainDance|[upkeep]
|-heal|p1a: Rotom|18/100 brn|[from] item: Leftovers
|-heal|p2a: Politoed|68/100 brn|[from] item: Leftovers
|-damage|p1a: Rotom|6/100 brn|[from] brn
|-damage|p2a: Politoed|56/100 brn|[from] brn
|upkeep
|turn|13
|
|switch|p1a: Tyranitar|Tyranitar, M|100/100
|-weather|Sandstorm|[from] ability: Sand Stream|[of] p1a: Tyranitar
|move|p2a: Politoed|Protect||[still]
|-fail|p2a: Politoed
|
|-weather|Sandstorm|[upkeep]
|-damage|p2a: Politoed|49/100 brn|[from] Sandstorm
|-heal|p2a: Politoed|56/100 brn|[from] item: Leftovers
|-damage|p2a: Politoed|43/100 brn|[from] brn
|upkeep
|turn|14
|
|move|p2a: Politoed|Toxic|p1a: Tyranitar
|-status|p1a: Tyranitar|tox
|move|p1a: Tyranitar|Pursuit|p2a: Politoed
|-crit|p2a: Politoed
|-damage|p2a: Politoed|9/100 brn
|
|-weather|Sandstorm|[upkeep]
|-damage|p2a: Politoed|3/100 brn|[from] Sandstorm
|-heal|p2a: Politoed|9/100 brn|[from] item: Leftovers
|-damage|p2a: Politoed|0 fnt|[from] brn
|faint|p2a: Politoed
|-damage|p1a: Tyranitar|94/100 tox|[from] psn
|upkeep
|
|switch|p2a: Keldeo|Keldeo|100/100
|-damage|p2a: Keldeo|94/100|[from] Stealth Rock
|turn|15
|
|switch|p1a: Rotom|Rotom-Wash|6/100 brn
|move|p2a: Keldeo|Secret Sword|p1a: Rotom
|-damage|p1a: Rotom|0 fnt
|faint|p1a: Rotom
|
|-weather|Sandstorm|[upkeep]
|-damage|p2a: Keldeo|88/100|[from] Sandstorm
|upkeep
|
|switch|p1a: Landorus|Landorus-Therian, M|92/100
|-ability|p1a: Landorus|Intimidate|boost
|-unboost|p2a: Keldeo|atk|1
|turn|16
|
|switch|p2a: Breloom|Breloom, M|72/100 tox
|-damage|p2a: Breloom|66/100 tox|[from] Stealth Rock
|move|p1a: Landorus|U-turn|p2a: Breloom
|-damage|p2a: Breloom|36/100 tox
|
|switch|p1a: Alakazam|Alakazam, F|100/100|[from]move: U-turn
|
|-weather|Sandstorm|[upkeep]
|-damage|p2a: Breloom|30/100 tox|[from] Sandstorm
|-heal|p2a: Breloom|42/100 tox|[from] ability: Poison Heal
|upkeep
|turn|17
|
|move|p2a: Breloom|Protect|p2a: Breloom
|-singleturn|p2a: Breloom|Protect
|move|p1a: Alakazam|Substitute|p1a: Alakazam
|-start|p1a: Alakazam|Substitute
|-damage|p1a: Alakazam|76/100
|
|-weather|Sandstorm|[upkeep]
|-damage|p2a: Breloom|36/100 tox|[from] Sandstorm
|-heal|p2a: Breloom|48/100 tox|[from] ability: Poison Heal
|upkeep
|turn|18
|
|switch|p2a: Jirachi|Jirachi|100/100
|-damage|p2a: Jirachi|94/100|[from] Stealth Rock
|move|p1a: Alakazam|Psychic|p2a: Jirachi
|-resisted|p2a: Jirachi
|-crit|p2a: Jirachi
|-damage|p2a: Jirachi|76/100
|
|-weather|Sandstorm|[upkeep]
|-heal|p2a: Jirachi|82/100|[from] item: Leftovers
|upkeep
|turn|19
|
|move|p1a: Alakazam|Psychic|p2a: Jirachi
|-resisted|p2a: Jirachi
|-damage|p2a: Jirachi|72/100
|move|p2a: Jirachi|Stealth Rock|p1a: Alakazam
|-sidestart|p1: kobepayne|move: Stealth Rock
|
|-weather|Sandstorm|[upkeep]
|-heal|p2a: Jirachi|78/100|[from] item: Leftovers
|upkeep
|turn|20
|
|move|p1a: Alakazam|Psychic|p2a: Jirachi
|-resisted|p2a: Jirachi
|-damage|p2a: Jirachi|68/100
|move|p2a: Jirachi|Body Slam|p1a: Alakazam
|-end|p1a: Alakazam|Substitute
|
|-weather|Sandstorm|[upkeep]
|-heal|p2a: Jirachi|74/100|[from] item: Leftovers
|upkeep
|turn|21
|
|switch|p1a: Ferrothorn|Ferrothorn, M|64/100
|-damage|p1a: Ferrothorn|58/100|[from] Stealth Rock
|move|p2a: Jirachi|Iron Head|p1a: Ferrothorn
|-resisted|p1a: Ferrothorn
|-damage|p1a: Ferrothorn|49/100
|-damage|p2a: Jirachi|62/100|[from] ability: Iron Barbs|[of] p1a: Ferrothorn
|
|-weather|Sandstorm|[upkeep]
|-heal|p2a: Jirachi|68/100|[from] item: Leftovers
|-heal|p1a: Ferrothorn|55/100|[from] item: Leftovers
|upkeep
|turn|22
|
|switch|p2a: Breloom|Breloom, M|48/100 tox
|-damage|p2a: Breloom|42/100 tox|[from] Stealth Rock
|move|p1a: Ferrothorn|Knock Off|p2a: Breloom
|-resisted|p2a: Breloom
|-damage|p2a: Breloom|39/100 tox
|-enditem|p2a: Breloom|Toxic Orb|[from] move: Knock Off|[of] p1a: Ferrothorn
|
|-weather|Sandstorm|[upkeep]
|-damage|p2a: Breloom|33/100 tox|[from] Sandstorm
|-heal|p1a: Ferrothorn|61/100|[from] item: Leftovers
|-heal|p2a: Breloom|45/100 tox|[from] ability: Poison Heal
|upkeep
|turn|23
|
|switch|p1a: Alakazam|Alakazam, F|76/100
|move|p2a: Breloom|Drain Punch|p1a: Alakazam
|-resisted|p1a: Alakazam
|-damage|p1a: Alakazam|36/100
|-heal|p2a: Breloom|61/100 tox|[from] drain|[of] p1a: Alakazam
|
|-weather|Sandstorm|[upkeep]
|-damage|p2a: Breloom|55/100 tox|[from] Sandstorm
|-heal|p2a: Breloom|67/100 tox|[from] ability: Poison Heal
|upkeep
|turn|24
|
|move|p2a: Breloom|Protect|p2a: Breloom
|-singleturn|p2a: Breloom|Protect
|move|p1a: Alakazam|Psychic|p2a: Breloom
|-activate|p2a: Breloom|move: Protect
|
|-weather|Sandstorm|[upkeep]
|-damage|p2a: Breloom|61/100 tox|[from] Sandstorm
|-heal|p2a: Breloom|74/100 tox|[from] ability: Poison Heal
|upkeep
|turn|25
|
|switch|p1a: Landorus|Landorus-Therian, M|92/100
|-damage|p1a: Landorus|80/100|[from] Stealth Rock
|-ability|p1a: Landorus|Intimidate|boost
|-unboost|p2a: Breloom|atk|1
|switch|p2a: Tentacruel|Tentacruel, M|100/100
|-damage|p2a: Tentacruel|88/100|[from] Stealth Rock
|
|-weather|Sandstorm|[upkeep]
|-damage|p2a: Tentacruel|82/100|[from] Sandstorm
|-heal|p2a: Tentacruel|88/100|[from] item: Black Sludge
|upkeep
|turn|26
|
|switch|p2a: Thundurus|Thundurus-Therian, M|100/100
|-damage|p2a: Thundurus|76/100|[from] Stealth Rock
|move|p1a: Landorus|Earthquake|p2a: Thundurus
|-immune|p2a: Thundurus
|
|-weather|Sandstorm|[upkeep]
|-damage|p2a: Thundurus|70/100|[from] Sandstorm
|-heal|p2a: Thundurus|76/100|[from] item: Leftovers
|upkeep
|turn|27
|
|switch|p1a: Tyranitar|Tyranitar, M|94/100 tox
|-damage|p1a: Tyranitar|82/100 tox|[from] Stealth Rock
|switch|p2a: Breloom|Breloom, M|74/100 tox
|-damage|p2a: Breloom|67/100 tox|[from] Stealth Rock
|
|-weather|Sandstorm|[upkeep]
|-damage|p2a: Breloom|61/100 tox|[from] Sandstorm
|-heal|p2a: Breloom|74/100 tox|[from] ability: Poison Heal
|-damage|p1a: Tyranitar|76/100 tox|[from] psn
|upkeep
|turn|28
|
|move|p2a: Breloom|Drain Punch|p1a: Tyranitar
|-supereffective|p1a: Tyranitar
|-enditem|p1a: Tyranitar|Chople Berry|[eat]
|-enditem|p1a: Tyranitar|Chople Berry|[weaken]
|-damage|p1a: Tyranitar|29/100 tox
|-heal|p2a: Breloom|100/100 tox|[from] drain|[of] p1a: Tyranitar
|move|p1a: Tyranitar|Ice Beam|p2a: Breloom
|-supereffective|p2a: Breloom
|-damage|p2a: Breloom|56/100 tox
|
|-weather|Sandstorm|[upkeep]
|-damage|p2a: Breloom|49/100 tox|[from] Sandstorm
|-heal|p2a: Breloom|62/100 tox|[from] ability: Poison Heal
|-damage|p1a: Tyranitar|17/100 tox|[from] psn
|upkeep
|turn|29
|
|move|p2a: Breloom|Drain Punch|p1a: Tyranitar
|-supereffective|p1a: Tyranitar
|-damage|p1a: Tyranitar|0 fnt
|-heal|p2a: Breloom|72/100 tox|[from] drain|[of] p1a: Tyranitar
|faint|p1a: Tyranitar
|
|-weather|Sandstorm|[upkeep]
|-damage|p2a: Breloom|66/100 tox|[from] Sandstorm
|-heal|p2a: Breloom|78/100 tox|[from] ability: Poison Heal
|upkeep
|-message|kobepayne forfeited.
|
|win|smiletoad
|raw|kobepayne's rating: 1552 &rarr; <strong>1533</strong><br />(-19 for losing)
|raw|smiletoad's rating: 1556 &rarr; <strong>1576</strong><br />(+20 for winning)
|l|☆kobepayne
