|j|☆312bud
|j|☆magialice
|t:|1716091996
|gametype|singles
|player|p1|312bud|cyclistf|1300
|player|p2|magialice|miku-flying|1341
|teamsize|p1|6
|teamsize|p2|6
|gen|5
|tier|[Gen 5] OU
|rated|
|rule|Species Clause: Limit one of each Pokémon
|rule|OHKO Clause: OHKO moves are banned
|rule|Moody Clause: Moody is banned
|rule|Evasion Items Clause: Evasion items are banned
|rule|Evasion Moves Clause: Evasion moves are banned
|rule|Endless Battle Clause: Forcing endless battles is banned
|rule|HP Percentage Mod: HP is shown in percentages
|rule|Evasion Abilities Clause: Evasion abilities are banned
|rule|Sleep Moves Clause: Sleep-inducing moves are banned
|rule|Swagger Clause: Swagger is banned
|rule|Baton Pass Stat Clause: No Baton Passer may have a way to boost its stats
|clearpoke
|poke|p1|Jirachi|item
|poke|p1|Kyurem-Black|item
|poke|p1|Latios, M|item
|poke|p1|Magnezone|item
|poke|p1|Dragonite, M|item
|poke|p1|Garchomp, M|item
|poke|p2|Politoed, M|item
|poke|p2|Ferrothorn, M|item
|poke|p2|Starmie|item
|poke|p2|Latios, M|item
|poke|p2|Thundurus-Therian, M|item
|poke|p2|Floatzel, F|item
|teampreview
|inactive|Battle timer is ON: inactive players will automatically lose when time's up. (requested by magialice)
|j| Soumya Ukil
|inactive|312bud has 120 seconds left.
|inactive|magialice has 120 seconds left.
|
|t:|1716092046
|start
|switch|p1a: Kyurem|Kyurem-Black|100/100
|switch|p2a: Politoed|Politoed, M|100/100
|-ability|p1a: Kyurem|Teravolt
|-weather|RainDance|[from] ability: Drizzle|[of] p2a: Politoed
|turn|1
|
|t:|1716092050
|switch|p2a: Ferrothorn|Ferrothorn, M|100/100
|move|p1a: Kyurem|Outrage|p2a: Ferrothorn
|-resisted|p2a: Ferrothorn
|-damage|p2a: Ferrothorn|51/100
|-damage|p1a: Kyurem|88/100|[from] ability: Iron Barbs|[of] p2a: Ferrothorn
|
|-weather|RainDance|[upkeep]
|-heal|p2a: Ferrothorn|57/100|[from] item: Leftovers
|upkeep
|turn|2
|
|t:|1716092053
|move|p1a: Kyurem|Outrage|p2a: Ferrothorn|[from]lockedmove
|-resisted|p2a: Ferrothorn
|-damage|p2a: Ferrothorn|14/100
|-damage|p1a: Kyurem|76/100|[from] ability: Iron Barbs|[of] p2a: Ferrothorn
|-start|p1a: Kyurem|confusion|[fatigue]
|move|p2a: Ferrothorn|Gyro Ball|p1a: Kyurem
|-supereffective|p1a: Kyurem
|-damage|p1a: Kyurem|0 fnt
|faint|p1a: Kyurem
|
|-weather|RainDance|[upkeep]
|-heal|p2a: Ferrothorn|21/100|[from] item: Leftovers
|upkeep
|
|t:|1716092073
|switch|p1a: Magnezone|Magnezone|100/100
|-item|p1a: Magnezone|Air Balloon
|turn|3
|
|t:|1716092087
|move|p1a: Magnezone|Sunny Day|p1a: Magnezone
|-weather|SunnyDay
|move|p2a: Ferrothorn|Stealth Rock|p1a: Magnezone
|-sidestart|p1: 312bud|move: Stealth Rock
|
|-weather|SunnyDay|[upkeep]
|-heal|p2a: Ferrothorn|27/100|[from] item: Leftovers
|upkeep
|turn|4
|
|t:|1716092090
|move|p1a: Magnezone|Hidden Power|p2a: Ferrothorn
|-supereffective|p2a: Ferrothorn
|-damage|p2a: Ferrothorn|0 fnt
|faint|p2a: Ferrothorn
|
|-weather|SunnyDay|[upkeep]
|upkeep
|
|t:|1716092092
|switch|p2a: Politoed|Politoed, M|100/100
|-weather|RainDance|[from] ability: Drizzle|[of] p2a: Politoed
|turn|5
|
|t:|1716092098
|switch|p2a: Thundurus|Thundurus-Therian, M|100/100
|move|p1a: Magnezone|Sunny Day|p1a: Magnezone
|-weather|SunnyDay
|
|-weather|SunnyDay|[upkeep]
|upkeep
|turn|6
|
|t:|1716092101
|move|p2a: Thundurus|Focus Blast|p1a: Magnezone|[miss]
|-miss|p2a: Thundurus|p1a: Magnezone
|move|p1a: Magnezone|Thunderbolt|p2a: Thundurus
|-immune|p2a: Thundurus|[from] ability: Volt Absorb
|
|-weather|SunnyDay|[upkeep]
|upkeep
|turn|7
|
|t:|1716092104
|move|p2a: Thundurus|Focus Blast|p1a: Magnezone
|-supereffective|p1a: Magnezone
|-damage|p1a: Magnezone|0 fnt
|-enditem|p1a: Magnezone|Air Balloon
|faint|p1a: Magnezone
|
|-weather|SunnyDay|[upkeep]
|upkeep
|
|t:|1716092113
|switch|p1a: Jirachi|Jirachi|100/100
|-damage|p1a: Jirachi|94/100|[from] Stealth Rock
|turn|8
|
|t:|1716092116
|switch|p2a: Politoed|Politoed, M|100/100
|-weather|RainDance|[from] ability: Drizzle|[of] p2a: Politoed
|move|p1a: Jirachi|Stealth Rock|p2a: Politoed
|-sidestart|p2: magialice|move: Stealth Rock
|
|-weather|RainDance|[upkeep]
|-heal|p1a: Jirachi|100/100|[from] item: Leftovers
|upkeep
|turn|9
|
|t:|1716092133
|move|p1a: Jirachi|Thunder|p2a: Politoed
|-supereffective|p2a: Politoed
|-damage|p2a: Politoed|54/100
|-status|p2a: Politoed|par
|-enditem|p2a: Politoed|Eject Button
|
|t:|1716092138
|switch|p2a: Thundurus|Thundurus-Therian, M|100/100
|-damage|p2a: Thundurus|76/100|[from] Stealth Rock
|
|-weather|RainDance|[upkeep]
|-heal|p2a: Thundurus|82/100|[from] item: Leftovers
|upkeep
|turn|10
|
|t:|1716092142
|move|p2a: Thundurus|Thunder|p1a: Jirachi
|-damage|p1a: Jirachi|57/100
|move|p1a: Jirachi|Icy Wind|p2a: Thundurus
|-supereffective|p2a: Thundurus
|-damage|p2a: Thundurus|44/100
|-unboost|p2a: Thundurus|spe|1
|
|-weather|RainDance|[upkeep]
|-heal|p2a: Thundurus|50/100|[from] item: Leftovers
|-heal|p1a: Jirachi|63/100|[from] item: Leftovers
|upkeep
|turn|11
|
|t:|1716092149
|move|p2a: Thundurus|U-turn|p1a: Jirachi
|-damage|p1a: Jirachi|51/100
|
|t:|1716092152
|switch|p2a: Floatzel|Floatzel, F|100/100|[from] U-turn
|-damage|p2a: Floatzel|88/100|[from] Stealth Rock
|move|p1a: Jirachi|U-turn|p2a: Floatzel
|-damage|p2a: Floatzel|62/100
|
|t:|1716092158
|switch|p1a: Latios|Latios, M|100/100|[from] U-turn
|-damage|p1a: Latios|88/100|[from] Stealth Rock
|
|-weather|RainDance|[upkeep]
|upkeep
|turn|12
|
|t:|1716092163
|switch|p2a: Politoed|Politoed, M|54/100 par
|-damage|p2a: Politoed|41/100 par|[from] Stealth Rock
|move|p1a: Latios|Draco Meteor|p2a: Politoed
|-crit|p2a: Politoed
|-damage|p2a: Politoed|0 fnt
|-unboost|p1a: Latios|spa|2
|faint|p2a: Politoed
|
|-weather|RainDance|[upkeep]
|upkeep
|
|t:|1716092165
|switch|p2a: Starmie|Starmie|100/100
|-damage|p2a: Starmie|88/100|[from] Stealth Rock
|turn|13
|
|t:|1716092180
|switch|p1a: Jirachi|Jirachi|51/100
|-damage|p1a: Jirachi|45/100|[from] Stealth Rock
|move|p2a: Starmie|Rapid Spin|p1a: Jirachi
|-resisted|p1a: Jirachi
|-damage|p1a: Jirachi|43/100
|-sideend|p2: magialice|Stealth Rock|[from] move: Rapid Spin|[of] p2a: Starmie
|
|-weather|RainDance|[upkeep]
|-heal|p1a: Jirachi|50/100|[from] item: Leftovers
|upkeep
|turn|14
|
|t:|1716092185
|switch|p2a: Floatzel|Floatzel, F|62/100
|move|p1a: Jirachi|U-turn|p2a: Floatzel
|-damage|p2a: Floatzel|32/100
|
|t:|1716092191
|switch|p1a: Latios|Latios, M|88/100|[from] U-turn
|-damage|p1a: Latios|76/100|[from] Stealth Rock
|
|-weather|RainDance|[upkeep]
|upkeep
|turn|15
|
|t:|1716092197
|move|p1a: Latios|Dragon Pulse|p2a: Floatzel
|-damage|p2a: Floatzel|0 fnt
|faint|p2a: Floatzel
|
|-weather|RainDance|[upkeep]
|upkeep
|
|t:|1716092202
|switch|p2a: Starmie|Starmie|88/100
|turn|16
|
|t:|1716092204
|move|p2a: Starmie|Ice Beam|p1a: Latios
|-supereffective|p1a: Latios
|-damage|p1a: Latios|15/100
|move|p1a: Latios|Dragon Pulse|p2a: Starmie
|-damage|p2a: Starmie|19/100
|
|-weather|RainDance|[upkeep]
|upkeep
|turn|17
|
|t:|1716092208
|switch|p1a: Jirachi|Jirachi|50/100
|-damage|p1a: Jirachi|43/100|[from] Stealth Rock
|move|p2a: Starmie|Ice Beam|p1a: Jirachi
|-resisted|p1a: Jirachi
|-damage|p1a: Jirachi|32/100
|
|-weather|RainDance|[upkeep]
|-heal|p1a: Jirachi|39/100|[from] item: Leftovers
|upkeep
|turn|18
|
|t:|1716092211
|switch|p2a: Thundurus|Thundurus-Therian, M|50/100
|move|p1a: Jirachi|Stealth Rock|p2a: Thundurus
|-sidestart|p2: magialice|move: Stealth Rock
|
|-weather|RainDance|[upkeep]
|-heal|p2a: Thundurus|56/100|[from] item: Leftovers
|-heal|p1a: Jirachi|45/100|[from] item: Leftovers
|upkeep
|turn|19
|
|t:|1716092214
|move|p2a: Thundurus|Thunder|p1a: Jirachi
|-damage|p1a: Jirachi|3/100
|-status|p1a: Jirachi|par
|move|p1a: Jirachi|Icy Wind|p2a: Thundurus
|-supereffective|p2a: Thundurus
|-damage|p2a: Thundurus|24/100
|-unboost|p2a: Thundurus|spe|1
|
|-weather|RainDance|[upkeep]
|-heal|p2a: Thundurus|30/100|[from] item: Leftovers
|-heal|p1a: Jirachi|9/100 par|[from] item: Leftovers
|upkeep
|turn|20
|
|t:|1716092218
|move|p2a: Thundurus|U-turn|p1a: Jirachi
|-damage|p1a: Jirachi|0 fnt
|faint|p1a: Jirachi
|
|t:|1716092220
|switch|p2a: Latios|Latios, M|100/100|[from] U-turn
|-damage|p2a: Latios|88/100|[from] Stealth Rock
|
|-weather|RainDance|[upkeep]
|upkeep
|
|t:|1716092224
|switch|p1a: Latios|Latios, M|15/100
|-damage|p1a: Latios|3/100|[from] Stealth Rock
|turn|21
|
|t:|1716092228
|switch|p2a: Thundurus|Thundurus-Therian, M|30/100
|-damage|p2a: Thundurus|5/100|[from] Stealth Rock
|move|p1a: Latios|Draco Meteor|p2a: Thundurus
|-crit|p2a: Thundurus
|-damage|p2a: Thundurus|0 fnt
|-unboost|p1a: Latios|spa|2
|faint|p2a: Thundurus
|
|-weather|RainDance|[upkeep]
|upkeep
|
|t:|1716092231
|switch|p2a: Starmie|Starmie|19/100
|-damage|p2a: Starmie|7/100|[from] Stealth Rock
|turn|22
|
|t:|1716092235
|move|p2a: Starmie|Ice Beam|p1a: Latios
|-supereffective|p1a: Latios
|-damage|p1a: Latios|0 fnt
|faint|p1a: Latios
|
|-weather|RainDance|[upkeep]
|upkeep
|
|t:|1716092238
|switch|p1a: Dragonite|Dragonite, M|100/100
|-damage|p1a: Dragonite|76/100|[from] Stealth Rock
|turn|23
|
|t:|1716092242
|move|p1a: Dragonite|Extreme Speed|p2a: Starmie
|-damage|p2a: Starmie|0 fnt
|faint|p2a: Starmie
|
|-weather|RainDance|[upkeep]
|upkeep
|
|t:|1716092244
|switch|p2a: Latios|Latios, M|88/100
|-damage|p2a: Latios|76/100|[from] Stealth Rock
|turn|24
|
|t:|1716092249
|move|p1a: Dragonite|Extreme Speed|p2a: Latios
|-damage|p2a: Latios|37/100
|move|p2a: Latios|Draco Meteor|p1a: Dragonite
|-supereffective|p1a: Dragonite
|-damage|p1a: Dragonite|0 fnt
|-unboost|p2a: Latios|spa|2
|faint|p1a: Dragonite
|
|-weather|RainDance|[upkeep]
|upkeep
|
|t:|1716092252
|switch|p1a: Garchomp|Garchomp, M|100/100
|-damage|p1a: Garchomp|94/100|[from] Stealth Rock
|turn|25
|
|t:|1716092255
|move|p2a: Latios|Draco Meteor|p1a: Garchomp
|-supereffective|p1a: Garchomp
|-damage|p1a: Garchomp|20/100
|-unboost|p2a: Latios|spa|2
|-enditem|p1a: Garchomp|Salac Berry|[eat]
|-boost|p1a: Garchomp|spe|1|[from] item: Salac Berry
|move|p1a: Garchomp|Substitute|p1a: Garchomp
|-fail|p1a: Garchomp|move: Substitute|[weak]
|
|-weather|RainDance|[upkeep]
|upkeep
|turn|26
|
|t:|1716092260
|move|p1a: Garchomp|Outrage|p2a: Latios
|-supereffective|p2a: Latios
|-damage|p2a: Latios|0 fnt
|faint|p2a: Latios
|
|win|312bud
|raw|312bud's rating: 1300 &rarr; <strong>1328</strong><br />(+28 for winning)
|raw|magialice's rating: 1341 &rarr; <strong>1319</strong><br />(-22 for losing)
|l|☆magialice
|player|p2|
|l|☆312bud
|player|p1|
