|j|‽ayrab money
|j|‽RoadTo10kBWGames
|t:|1718639355
|gametype|singles
|player|p1|ayrab money|brock|1616
|player|p2|RoadTo10kBWGames|2|1563
|teamsize|p1|6
|teamsize|p2|6
|gen|5
|tier|[Gen 5] OU
|rated|
|rule|Species Clause: Limit one of each Pokémon
|rule|OHKO Clause: OHKO moves are banned
|rule|Moody Clause: Moody is banned
|rule|Evasion Items Clause: Evasion items are banned
|rule|Evasion Moves Clause: Evasion moves are banned
|rule|Endless Battle Clause: Forcing endless battles is banned
|rule|HP Percentage Mod: HP is shown in percentages
|rule|Evasion Abilities Clause: Evasion abilities are banned
|rule|Sleep Moves Clause: Sleep-inducing moves are banned
|rule|Swagger Clause: Swagger is banned
|rule|Baton Pass Stat Clause: No Baton Passer may have a way to boost its stats
|clearpoke
|poke|p1|Hippowdon, M|item
|poke|p1|Slowbro, M|item
|poke|p1|Xatu, F|item
|poke|p1|Blissey, F|item
|poke|p1|Ditto|item
|poke|p1|Excadrill, M|item
|poke|p2|Slowbro, M|item
|poke|p2|Chansey, F|item
|poke|p2|Amoonguss, F|item
|poke|p2|Skarmory, M|item
|poke|p2|Magnezone|item
|poke|p2|Excadrill, M|item
|teampreview
|
|t:|1718639366
|start
|switch|p1a: Hippowdon|Hippowdon, M|100/100
|switch|p2a: Slowbro|Slowbro, M|100/100
|-weather|Sandstorm|[from] ability: Sand Stream|[of] p1a: Hippowdon
|turn|1
|
|t:|1718639371
|switch|p1a: Blissey|Blissey, F|100/100
|move|p2a: Slowbro|Calm Mind|p2a: Slowbro
|-boost|p2a: Slowbro|spa|1
|-boost|p2a: Slowbro|spd|1
|
|-weather|Sandstorm|[upkeep]
|-damage|p1a: Blissey|94/100|[from] Sandstorm
|-damage|p2a: Slowbro|94/100|[from] Sandstorm
|-heal|p1a: Blissey|100/100|[from] item: Leftovers
|-heal|p2a: Slowbro|100/100|[from] item: Leftovers
|upkeep
|turn|2
|
|t:|1718639378
|switch|p2a: Excadrill|Excadrill, M|100/100
|-ability|p2a: Excadrill|Mold Breaker
|move|p1a: Blissey|Seismic Toss|p2a: Excadrill
|-damage|p2a: Excadrill|77/100
|
|-weather|Sandstorm|[upkeep]
|-damage|p1a: Blissey|94/100|[from] Sandstorm
|-heal|p2a: Excadrill|83/100|[from] item: Leftovers
|-heal|p1a: Blissey|100/100|[from] item: Leftovers
|upkeep
|turn|3
|
|t:|1718639384
|switch|p1a: Hippowdon|Hippowdon, M|100/100
|move|p2a: Excadrill|Stealth Rock|p1a: Hippowdon
|-sidestart|p1: ayrab money|move: Stealth Rock
|
|-weather|Sandstorm|[upkeep]
|-heal|p2a: Excadrill|89/100|[from] item: Leftovers
|upkeep
|turn|4
|
|t:|1718639390
|move|p2a: Excadrill|Protect|p2a: Excadrill
|-singleturn|p2a: Excadrill|Protect
|move|p1a: Hippowdon|Stealth Rock|p2a: Excadrill
|-sidestart|p2: RoadTo10kBWGames|move: Stealth Rock
|
|-weather|Sandstorm|[upkeep]
|-heal|p2a: Excadrill|95/100|[from] item: Leftovers
|upkeep
|turn|5
|
|t:|1718639393
|switch|p2a: Slowbro|Slowbro, M|100/100
|-damage|p2a: Slowbro|88/100|[from] Stealth Rock
|move|p1a: Hippowdon|Whirlwind|p2a: Slowbro
|drag|p2a: Excadrill|Excadrill, M|95/100
|-damage|p2a: Excadrill|92/100|[from] Stealth Rock
|-ability|p2a: Excadrill|Mold Breaker
|
|-weather|Sandstorm|[upkeep]
|-heal|p2a: Excadrill|98/100|[from] item: Leftovers
|upkeep
|turn|6
|
|t:|1718639400
|move|p2a: Excadrill|Protect|p2a: Excadrill
|-singleturn|p2a: Excadrill|Protect
|move|p1a: Hippowdon|Earthquake|p2a: Excadrill
|-activate|p2a: Excadrill|move: Protect
|
|-weather|Sandstorm|[upkeep]
|-heal|p2a: Excadrill|100/100|[from] item: Leftovers
|upkeep
|turn|7
|
|t:|1718639403
|switch|p2a: Slowbro|Slowbro, M|100/100
|-damage|p2a: Slowbro|88/100|[from] Stealth Rock
|move|p1a: Hippowdon|Whirlwind|p2a: Slowbro
|drag|p2a: Excadrill|Excadrill, M|100/100
|-damage|p2a: Excadrill|97/100|[from] Stealth Rock
|-ability|p2a: Excadrill|Mold Breaker
|
|-weather|Sandstorm|[upkeep]
|-heal|p2a: Excadrill|100/100|[from] item: Leftovers
|upkeep
|turn|8
|
|t:|1718639409
|move|p2a: Excadrill|Protect|p2a: Excadrill
|-singleturn|p2a: Excadrill|Protect
|move|p1a: Hippowdon|Whirlwind|p2a: Excadrill
|-activate|p2a: Excadrill|move: Protect
|
|-weather|Sandstorm|[upkeep]
|upkeep
|turn|9
|
|t:|1718639412
|switch|p2a: Slowbro|Slowbro, M|100/100
|-damage|p2a: Slowbro|88/100|[from] Stealth Rock
|move|p1a: Hippowdon|Earthquake|p2a: Slowbro
|-damage|p2a: Slowbro|66/100
|
|-weather|Sandstorm|[upkeep]
|-damage|p2a: Slowbro|60/100|[from] Sandstorm
|-heal|p2a: Slowbro|66/100|[from] item: Leftovers
|upkeep
|turn|10
|
|t:|1718639417
|switch|p1a: Blissey|Blissey, F|100/100
|-damage|p1a: Blissey|88/100|[from] Stealth Rock
|move|p2a: Slowbro|Calm Mind|p2a: Slowbro
|-boost|p2a: Slowbro|spa|1
|-boost|p2a: Slowbro|spd|1
|
|-weather|Sandstorm|[upkeep]
|-damage|p1a: Blissey|82/100|[from] Sandstorm
|-damage|p2a: Slowbro|60/100|[from] Sandstorm
|-heal|p1a: Blissey|88/100|[from] item: Leftovers
|-heal|p2a: Slowbro|66/100|[from] item: Leftovers
|upkeep
|turn|11
|
|t:|1718639422
|move|p1a: Blissey|Flash|p2a: Slowbro
|-unboost|p2a: Slowbro|accuracy|1
|move|p2a: Slowbro|Calm Mind|p2a: Slowbro
|-boost|p2a: Slowbro|spa|1
|-boost|p2a: Slowbro|spd|1
|
|-weather|Sandstorm|[upkeep]
|-damage|p1a: Blissey|82/100|[from] Sandstorm
|-damage|p2a: Slowbro|60/100|[from] Sandstorm
|-heal|p1a: Blissey|88/100|[from] item: Leftovers
|-heal|p2a: Slowbro|66/100|[from] item: Leftovers
|upkeep
|turn|12
|
|t:|1718639426
|move|p1a: Blissey|Flash|p2a: Slowbro
|-unboost|p2a: Slowbro|accuracy|1
|move|p2a: Slowbro|Calm Mind|p2a: Slowbro
|-boost|p2a: Slowbro|spa|1
|-boost|p2a: Slowbro|spd|1
|
|-weather|Sandstorm|[upkeep]
|-damage|p1a: Blissey|82/100|[from] Sandstorm
|-damage|p2a: Slowbro|60/100|[from] Sandstorm
|-heal|p1a: Blissey|88/100|[from] item: Leftovers
|-heal|p2a: Slowbro|66/100|[from] item: Leftovers
|upkeep
|turn|13
|
|t:|1718639432
|move|p1a: Blissey|Thunder Wave|p2a: Slowbro
|-status|p2a: Slowbro|par
|cant|p2a: Slowbro|par
|
|-weather|Sandstorm|[upkeep]
|-damage|p1a: Blissey|82/100|[from] Sandstorm
|-damage|p2a: Slowbro|60/100 par|[from] Sandstorm
|-heal|p1a: Blissey|88/100|[from] item: Leftovers
|-heal|p2a: Slowbro|66/100 par|[from] item: Leftovers
|upkeep
|turn|14
|
|t:|1718639436
|move|p1a: Blissey|Seismic Toss|p2a: Slowbro
|-damage|p2a: Slowbro|40/100 par
|move|p2a: Slowbro|Calm Mind|p2a: Slowbro
|-boost|p2a: Slowbro|spa|1
|-boost|p2a: Slowbro|spd|1
|
|-weather|Sandstorm|[upkeep]
|-damage|p1a: Blissey|82/100|[from] Sandstorm
|-damage|p2a: Slowbro|34/100 par|[from] Sandstorm
|-heal|p1a: Blissey|88/100|[from] item: Leftovers
|-heal|p2a: Slowbro|40/100 par|[from] item: Leftovers
|upkeep
|turn|15
|
|t:|1718639440
|switch|p2a: Amoonguss|Amoonguss, F|100/100
|-damage|p2a: Amoonguss|88/100|[from] Stealth Rock
|move|p1a: Blissey|Seismic Toss|p2a: Amoonguss
|-damage|p2a: Amoonguss|65/100
|
|-weather|Sandstorm|[upkeep]
|-damage|p1a: Blissey|82/100|[from] Sandstorm
|-damage|p2a: Amoonguss|59/100|[from] Sandstorm
|-heal|p1a: Blissey|88/100|[from] item: Leftovers
|-heal|p2a: Amoonguss|65/100|[from] item: Black Sludge
|upkeep
|turn|16
|
|t:|1718639446
|switch|p2a: Slowbro|Slowbro, M|74/100 par
|-damage|p2a: Slowbro|61/100 par|[from] Stealth Rock
|move|p1a: Blissey|Seismic Toss|p2a: Slowbro
|-damage|p2a: Slowbro|36/100 par
|
|-weather|Sandstorm|[upkeep]
|-damage|p1a: Blissey|82/100|[from] Sandstorm
|-damage|p2a: Slowbro|30/100 par|[from] Sandstorm
|-heal|p1a: Blissey|88/100|[from] item: Leftovers
|-heal|p2a: Slowbro|36/100 par|[from] item: Leftovers
|upkeep
|turn|17
|
|t:|1718639450
|switch|p1a: Excadrill|Excadrill, M|100/100
|-damage|p1a: Excadrill|98/100|[from] Stealth Rock
|switch|p2a: Amoonguss|Amoonguss, F|98/100
|-damage|p2a: Amoonguss|86/100|[from] Stealth Rock
|
|-weather|Sandstorm|[upkeep]
|-damage|p2a: Amoonguss|79/100|[from] Sandstorm
|-heal|p1a: Excadrill|100/100|[from] item: Leftovers
|-heal|p2a: Amoonguss|86/100|[from] item: Black Sludge
|upkeep
|turn|18
|
|t:|1718639456
|switch|p2a: Skarmory|Skarmory, M, shiny|100/100
|-damage|p2a: Skarmory|88/100|[from] Stealth Rock
|move|p1a: Excadrill|Earthquake|p2a: Skarmory
|-immune|p2a: Skarmory
|
|-weather|Sandstorm|[upkeep]
|upkeep
|turn|19
|
|t:|1718639465
|move|p1a: Excadrill|Earthquake|p2a: Skarmory
|-immune|p2a: Skarmory
|move|p2a: Skarmory|Spikes|p1a: Excadrill
|-sidestart|p1: ayrab money|Spikes
|
|-weather|Sandstorm|[upkeep]
|upkeep
|turn|20
|
|t:|1718639471
|move|p1a: Excadrill|Rapid Spin|p2a: Skarmory
|-resisted|p2a: Skarmory
|-damage|p2a: Skarmory|87/100
|-damage|p1a: Excadrill|84/100|[from] item: Rocky Helmet|[of] p2a: Skarmory
|-sideend|p1: ayrab money|Spikes|[from] move: Rapid Spin|[of] p1a: Excadrill
|-sideend|p1: ayrab money|Stealth Rock|[from] move: Rapid Spin|[of] p1a: Excadrill
|move|p2a: Skarmory|Counter|p1a: Excadrill
|-damage|p1a: Excadrill|81/100
|
|-weather|Sandstorm|[upkeep]
|-heal|p1a: Excadrill|87/100|[from] item: Leftovers
|upkeep
|turn|21
|
|t:|1718639478
|switch|p2a: Excadrill|Excadrill, M|100/100
|-damage|p2a: Excadrill|97/100|[from] Stealth Rock
|-ability|p2a: Excadrill|Mold Breaker
|move|p1a: Excadrill|Earthquake|p2a: Excadrill
|-supereffective|p2a: Excadrill
|-damage|p2a: Excadrill|0 fnt
|faint|p2a: Excadrill
|
|-weather|Sandstorm|[upkeep]
|-heal|p1a: Excadrill|94/100|[from] item: Leftovers
|upkeep
|-message|RoadTo10kBWGames forfeited.
|
|win|ayrab money
|raw|ayrab money's rating: 1616 &rarr; <strong>1633</strong><br />(+17 for winning)
|raw|RoadTo10kBWGames's rating: 1563 &rarr; <strong>1546</strong><br />(-17 for losing)
|l|‽RoadTo10kBWGames
|player|p2|
