|j|☆Croaset
|j|☆ybd1
|t:|1732396957
|gametype|singles
|player|p1|Croaset|elesa|1388
|player|p2|ybd1|pokefan-gen4|1331
|teamsize|p1|6
|teamsize|p2|6
|gen|5
|tier|[Gen 5] OU
|rated|
|rule|Species Clause: Limit one of each Pokémon
|rule|OHKO Clause: OHKO moves are banned
|rule|Moody Clause: Moody is banned
|rule|Evasion Items Clause: Evasion items are banned
|rule|Evasion Moves Clause: Evasion moves are banned
|rule|Endless Battle Clause: Forcing endless battles is banned
|rule|HP Percentage Mod: HP is shown in percentages
|rule|Evasion Abilities Clause: Evasion abilities are banned
|rule|Sleep Moves Clause: Sleep-inducing moves are banned
|rule|Swagger Clause: Swagger is banned
|rule|Baton Pass Stat Clause: No Baton Passer may have a way to boost its stats
|clearpoke
|poke|p1|Latios, M|item
|poke|p1|Tyranitar, F|item
|poke|p1|Landorus-Therian, M|item
|poke|p1|Excadrill, M|item
|poke|p1|Ferrothorn, M|item
|poke|p1|Reuniclus, F|item
|poke|p2|Garchomp, F|item
|poke|p2|Crobat, M|item
|poke|p2|Entei|item
|poke|p2|Scizor, F|item
|poke|p2|Starmie|item
|poke|p2|Gyarados, M|item
|teampreview
|inactive|Battle timer is ON: inactive players will automatically lose when time's up. (requested by Croaset)
|
|t:|1732396997
|start
|switch|p1a: Landorus|Landorus-Therian, M|100/100
|switch|p2a: Garchomp|Garchomp, F|100/100
|-ability|p1a: Landorus|Intimidate|boost
|-unboost|p2a: Garchomp|atk|1
|turn|1
|
|t:|1732397008
|move|p2a: Garchomp|Stealth Rock|p1a: Landorus
|-sidestart|p1: Croaset|move: Stealth Rock
|move|p1a: Landorus|Hidden Power|p2a: Garchomp
|-supereffective|p2a: Garchomp
|-damage|p2a: Garchomp|12/100
|
|upkeep
|turn|2
|
|t:|1732397013
|move|p2a: Garchomp|Draco Meteor|p1a: Landorus
|-damage|p1a: Landorus|33/100
|-unboost|p2a: Garchomp|spa|2
|move|p1a: Landorus|Stealth Rock|p2a: Garchomp
|-sidestart|p2: ybd1|move: Stealth Rock
|
|-heal|p1a: Landorus|40/100|[from] item: Leftovers
|upkeep
|turn|3
|
|t:|1732397019
|move|p2a: Garchomp|Draco Meteor|p1a: Landorus
|-damage|p1a: Landorus|8/100
|-unboost|p2a: Garchomp|spa|2
|move|p1a: Landorus|Hidden Power|p2a: Garchomp
|-supereffective|p2a: Garchomp
|-damage|p2a: Garchomp|0 fnt
|faint|p2a: Garchomp
|
|-heal|p1a: Landorus|14/100|[from] item: Leftovers
|upkeep
|
|t:|1732397028
|switch|p2a: Entei|Entei, shiny|100/100
|-damage|p2a: Entei|76/100|[from] Stealth Rock
|-ability|p2a: Entei|Pressure
|turn|4
|
|t:|1732397040
|move|p1a: Landorus|Earthquake|p2a: Entei
|-supereffective|p2a: Entei
|-damage|p2a: Entei|0 fnt
|faint|p2a: Entei
|
|-heal|p1a: Landorus|20/100|[from] item: Leftovers
|upkeep
|
|t:|1732397064
|switch|p2a: Scizor|Scizor, F|100/100
|-damage|p2a: Scizor|88/100|[from] Stealth Rock
|turn|5
|
|t:|1732397076
|switch|p1a: Excadrill|Excadrill, M|100/100
|-damage|p1a: Excadrill|97/100|[from] Stealth Rock
|-ability|p1a: Excadrill|Mold Breaker
|move|p2a: Scizor|Swords Dance|p2a: Scizor
|-boost|p2a: Scizor|atk|2
|
|-heal|p1a: Excadrill|100/100|[from] item: Leftovers
|-heal|p2a: Scizor|94/100|[from] item: Leftovers
|upkeep
|turn|6
|
|t:|1732397089
|move|p1a: Excadrill|Earthquake|p2a: Scizor
|-damage|p2a: Scizor|53/100
|move|p2a: Scizor|Swords Dance|p2a: Scizor
|-boost|p2a: Scizor|atk|2
|
|-heal|p2a: Scizor|59/100|[from] item: Leftovers
|upkeep
|turn|7
|
|t:|1732397093
|move|p2a: Scizor|Bullet Punch|p1a: Excadrill
|-resisted|p1a: Excadrill
|-damage|p1a: Excadrill|35/100
|move|p1a: Excadrill|Earthquake|p2a: Scizor
|-damage|p2a: Scizor|18/100
|
|-heal|p1a: Excadrill|41/100|[from] item: Leftovers
|-heal|p2a: Scizor|24/100|[from] item: Leftovers
|upkeep
|turn|8
|
|t:|1732397097
|move|p1a: Excadrill|Protect|p1a: Excadrill
|-singleturn|p1a: Excadrill|Protect
|move|p2a: Scizor|Bullet Punch|p1a: Excadrill
|-activate|p1a: Excadrill|move: Protect
|
|-heal|p1a: Excadrill|47/100|[from] item: Leftovers
|-heal|p2a: Scizor|30/100|[from] item: Leftovers
|upkeep
|turn|9
|
|t:|1732397100
|switch|p1a: Landorus|Landorus-Therian, M|20/100
|-damage|p1a: Landorus|8/100|[from] Stealth Rock
|-ability|p1a: Landorus|Intimidate|boost
|-unboost|p2a: Scizor|atk|1
|move|p2a: Scizor|Bullet Punch|p1a: Landorus
|-damage|p1a: Landorus|0 fnt
|faint|p1a: Landorus
|
|-heal|p2a: Scizor|36/100|[from] item: Leftovers
|upkeep
|
|t:|1732397101
|switch|p1a: Excadrill|Excadrill, M|47/100
|-damage|p1a: Excadrill|44/100|[from] Stealth Rock
|-ability|p1a: Excadrill|Mold Breaker
|turn|10
|
|t:|1732397104
|move|p2a: Scizor|Bullet Punch|p1a: Excadrill
|-resisted|p1a: Excadrill
|-damage|p1a: Excadrill|0 fnt
|faint|p1a: Excadrill
|
|-heal|p2a: Scizor|42/100|[from] item: Leftovers
|upkeep
|
|t:|1732397113
|switch|p1a: Ferrothorn|Ferrothorn, M|100/100
|-damage|p1a: Ferrothorn|94/100|[from] Stealth Rock
|turn|11
|
|t:|1732397117
|move|p2a: Scizor|Swords Dance|p2a: Scizor
|-boost|p2a: Scizor|atk|2
|move|p1a: Ferrothorn|Leech Seed|p2a: Scizor
|-start|p2a: Scizor|move: Leech Seed
|
|-heal|p2a: Scizor|48/100|[from] item: Leftovers
|-heal|p1a: Ferrothorn|100/100|[from] item: Leftovers
|-damage|p2a: Scizor|36/100|[from] Leech Seed|[of] p1a: Ferrothorn
|upkeep
|turn|12
|
|t:|1732397123
|move|p2a: Scizor|U-turn|p1a: Ferrothorn
|-damage|p1a: Ferrothorn|13/100
|-damage|p2a: Scizor|24/100|[from] ability: Iron Barbs|[of] p1a: Ferrothorn
|
|t:|1732397130
|switch|p2a: Crobat|Crobat, M|100/100|[from] U-turn
|-damage|p2a: Crobat|76/100|[from] Stealth Rock
|move|p1a: Ferrothorn|Gyro Ball|p2a: Crobat
|-damage|p2a: Crobat|9/100
|
|-heal|p1a: Ferrothorn|19/100|[from] item: Leftovers
|upkeep
|turn|13
|
|t:|1732397138
|move|p2a: Crobat|Brave Bird|p1a: Ferrothorn
|-damage|p1a: Ferrothorn|0 fnt
|-damage|p2a: Crobat|0 fnt|[from] ability: Iron Barbs|[of] p1a: Ferrothorn
|faint|p2a: Crobat
|faint|p1a: Ferrothorn
|
|upkeep
|
|t:|1732397146
|switch|p2a: Scizor|Scizor, F|24/100
|switch|p1a: Latios|Latios, M|100/100
|-damage|p1a: Latios|88/100|[from] Stealth Rock
|-damage|p2a: Scizor|12/100|[from] Stealth Rock
|turn|14
|
|t:|1732397150
|move|p2a: Scizor|Bullet Punch|p1a: Latios
|-damage|p1a: Latios|45/100
|move|p1a: Latios|Surf|p2a: Scizor
|-damage|p2a: Scizor|0 fnt
|faint|p2a: Scizor
|
|upkeep
|
|t:|1732397157
|switch|p2a: Starmie|Starmie|100/100
|-damage|p2a: Starmie|88/100|[from] Stealth Rock
|turn|15
|
|t:|1732397164
|switch|p1a: Reuniclus|Reuniclus, F|100/100
|move|p2a: Starmie|Rapid Spin|p1a: Reuniclus
|-damage|p1a: Reuniclus|97/100
|-sideend|p2: ybd1|Stealth Rock|[from] move: Rapid Spin|[of] p2a: Starmie
|-damage|p2a: Starmie|78/100|[from] item: Life Orb
|
|-heal|p1a: Reuniclus|100/100|[from] item: Leftovers
|upkeep
|turn|16
|
|t:|1732397167
|switch|p2a: Gyarados|Gyarados, M|100/100
|move|p1a: Reuniclus|Calm Mind|p1a: Reuniclus
|-boost|p1a: Reuniclus|spa|1
|-boost|p1a: Reuniclus|spd|1
|
|upkeep
|turn|17
|
|t:|1732397169
|move|p2a: Gyarados|Waterfall|p1a: Reuniclus
|-damage|p1a: Reuniclus|70/100
|move|p1a: Reuniclus|Acid Armor|p1a: Reuniclus
|-boost|p1a: Reuniclus|def|2
|
|-heal|p1a: Reuniclus|76/100|[from] item: Leftovers
|upkeep
|turn|18
|-message|ybd1 forfeited.
|
|win|Croaset
|raw|Croaset's rating: 1388 &rarr; <strong>1405</strong><br />(+17 for winning)
|raw|ybd1's rating: 1331 &rarr; <strong>1314</strong><br />(-17 for losing)
|l|☆ybd1
|player|p2|
