|j|☆water-is-lifee
|j|☆ChrisCross1990
|t:|1747692768
|gametype|singles
|player|p1|water-is-lifee|tuber|1398
|player|p2|ChrisCross1990|102|1346
|teamsize|p1|6
|teamsize|p2|6
|gen|5
|tier|[Gen 5] OU
|rated|
|rule|Species Clause: Limit one of each Pokémon
|rule|OHKO Clause: OHKO moves are banned
|rule|Moody Clause: Moody is banned
|rule|Evasion Items Clause: Evasion items are banned
|rule|Evasion Moves Clause: Evasion moves are banned
|rule|Endless Battle Clause: Forcing endless battles is banned
|rule|HP Percentage Mod: HP is shown in percentages
|rule|Evasion Abilities Clause: Evasion abilities are banned
|rule|Sleep Moves Clause: Sleep-inducing moves are banned
|rule|Swagger Clause: Swagger is banned
|rule|Baton Pass Stat Clause: No Baton Passer may have a way to boost its stats
|clearpoke
|poke|p1|Politoed, M|item
|poke|p1|Blastoise, M|item
|poke|p1|Chansey, F|item
|poke|p1|Rotom-Wash|item
|poke|p1|Scizor, M|item
|poke|p1|Toxicroak, M|item
|poke|p2|Mew|item
|poke|p2|Ferrothorn, F|item
|poke|p2|Landorus-Therian, M|item
|poke|p2|Espeon, F|item
|poke|p2|Thundurus-Therian, M|item
|poke|p2|Starmie|item
|teampreview
|inactive|Battle timer is ON: inactive players will automatically lose when time's up. (requested by ChrisCross1990)
|
|t:|1747692775
|start
|switch|p1a: Politoed|Politoed, M|100/100
|switch|p2a: Thundurus|Thundurus-Therian, M|100/100
|-weather|RainDance|[from] ability: Drizzle|[of] p1a: Politoed
|turn|1
|
|t:|1747692782
|switch|p1a: Chansey|Chansey, F|100/100
|move|p2a: Thundurus|Volt Switch|p1a: Chansey
|-damage|p1a: Chansey|81/100
|
|t:|1747692791
|switch|p2a: Ferrothorn|Ferrothorn, F|100/100|[from] Volt Switch
|
|-weather|RainDance|[upkeep]
|upkeep
|turn|2
|
|t:|1747692800
|move|p1a: Chansey|Stealth Rock|p2a: Ferrothorn
|-sidestart|p2: ChrisCross1990|move: Stealth Rock
|move|p2a: Ferrothorn|Stealth Rock|p1a: Chansey
|-sidestart|p1: water-is-lifee|move: Stealth Rock
|
|-weather|RainDance|[upkeep]
|upkeep
|turn|3
|
|t:|1747692806
|switch|p1a: Toxicroak|Toxicroak, M|100/100
|-damage|p1a: Toxicroak|94/100|[from] Stealth Rock
|move|p2a: Ferrothorn|Spikes|p1a: Toxicroak
|-sidestart|p1: water-is-lifee|Spikes
|
|-weather|RainDance|[upkeep]
|-heal|p1a: Toxicroak|100/100|[from] ability: Dry Skin
|upkeep
|turn|4
|
|t:|1747692818
|switch|p2a: Espeon|Espeon, F|100/100
|-damage|p2a: Espeon|88/100|[from] Stealth Rock
|move|p1a: Toxicroak|Bulk Up|p1a: Toxicroak
|-boost|p1a: Toxicroak|atk|1
|-boost|p1a: Toxicroak|def|1
|
|-weather|RainDance|[upkeep]
|upkeep
|turn|5
|
|t:|1747692824
|move|p1a: Toxicroak|Protect|p1a: Toxicroak
|-singleturn|p1a: Toxicroak|Protect
|move|p2a: Espeon|Psychic|p1a: Toxicroak
|-activate|p1a: Toxicroak|move: Protect
|
|-weather|RainDance|[upkeep]
|upkeep
|turn|6
|
|t:|1747692827
|move|p1a: Toxicroak|Sucker Punch|p2a: Espeon
|-supereffective|p2a: Espeon
|-damage|p2a: Espeon|0 fnt
|faint|p2a: Espeon
|
|-weather|RainDance|[upkeep]
|upkeep
|
|t:|1747692843
|switch|p2a: Landorus|Landorus-Therian, M|100/100
|-damage|p2a: Landorus|88/100|[from] Stealth Rock
|-ability|p2a: Landorus|Intimidate|boost
|-unboost|p1a: Toxicroak|atk|1
|turn|7
|
|t:|1747692849
|move|p2a: Landorus|Earthquake|p1a: Toxicroak
|-supereffective|p1a: Toxicroak
|-damage|p1a: Toxicroak|31/100
|move|p1a: Toxicroak|Bulk Up|p1a: Toxicroak
|-boost|p1a: Toxicroak|atk|1
|-boost|p1a: Toxicroak|def|1
|
|-weather|RainDance|[upkeep]
|-heal|p1a: Toxicroak|43/100|[from] ability: Dry Skin
|-heal|p1a: Toxicroak|49/100|[from] item: Black Sludge
|upkeep
|turn|8
|
|t:|1747692854
|move|p1a: Toxicroak|Protect|p1a: Toxicroak
|-singleturn|p1a: Toxicroak|Protect
|move|p2a: Landorus|Earthquake|p1a: Toxicroak
|-activate|p1a: Toxicroak|move: Protect
|
|-weather|RainDance|[upkeep]
|-heal|p1a: Toxicroak|62/100|[from] ability: Dry Skin
|-heal|p1a: Toxicroak|68/100|[from] item: Black Sludge
|upkeep
|turn|9
|
|t:|1747692856
|switch|p1a: Rotom|Rotom-Wash|100/100
|-damage|p1a: Rotom|88/100|[from] Stealth Rock
|move|p2a: Landorus|Earthquake|p1a: Rotom
|-immune|p1a: Rotom|[from] ability: Levitate
|
|-weather|RainDance|[upkeep]
|upkeep
|turn|10
|
|t:|1747692866
|switch|p2a: Ferrothorn|Ferrothorn, F|100/100
|-damage|p2a: Ferrothorn|94/100|[from] Stealth Rock
|move|p1a: Rotom|Trick|p2a: Ferrothorn
|-activate|p1a: Rotom|move: Trick|[of] p2a: Ferrothorn
|-item|p2a: Ferrothorn|Choice Scarf|[from] move: Trick
|-item|p1a: Rotom|Leftovers|[from] move: Trick
|
|-weather|RainDance|[upkeep]
|-heal|p1a: Rotom|94/100|[from] item: Leftovers
|upkeep
|turn|11
|
|t:|1747692876
|move|p1a: Rotom|Volt Switch|p2a: Ferrothorn
|-resisted|p2a: Ferrothorn
|-damage|p2a: Ferrothorn|79/100
|
|t:|1747692879
|switch|p1a: Toxicroak|Toxicroak, M|68/100|[from] Volt Switch
|-damage|p1a: Toxicroak|62/100|[from] Stealth Rock
|-damage|p1a: Toxicroak|49/100|[from] Spikes
|move|p2a: Ferrothorn|Spikes|p1a: Toxicroak
|-sidestart|p1: water-is-lifee|Spikes
|
|-weather|RainDance|[upkeep]
|-heal|p1a: Toxicroak|62/100|[from] ability: Dry Skin
|-heal|p1a: Toxicroak|68/100|[from] item: Black Sludge
|upkeep
|turn|12
|
|t:|1747692902
|switch|p1a: Blastoise|Blastoise, M|100/100
|-damage|p1a: Blastoise|88/100|[from] Stealth Rock
|-damage|p1a: Blastoise|71/100|[from] Spikes
|switch|p2a: Mew|Mew|100/100
|-damage|p2a: Mew|88/100|[from] Stealth Rock
|
|-weather|RainDance|[upkeep]
|-heal|p1a: Blastoise|78/100|[from] ability: Rain Dish
|-heal|p1a: Blastoise|84/100|[from] item: Leftovers
|upkeep
|turn|13
|
|t:|1747692906
|move|p2a: Mew|Volt Switch|p1a: Blastoise
|-supereffective|p1a: Blastoise
|-damage|p1a: Blastoise|39/100
|
|t:|1747692910
|switch|p2a: Starmie|Starmie|100/100|[from] Volt Switch
|-damage|p2a: Starmie|88/100|[from] Stealth Rock
|move|p1a: Blastoise|Rapid Spin|p2a: Starmie
|-damage|p2a: Starmie|84/100
|-sideend|p1: water-is-lifee|Spikes|[from] move: Rapid Spin|[of] p1a: Blastoise
|-sideend|p1: water-is-lifee|Stealth Rock|[from] move: Rapid Spin|[of] p1a: Blastoise
|
|-weather|RainDance|[upkeep]
|-heal|p1a: Blastoise|46/100|[from] ability: Rain Dish
|-heal|p2a: Starmie|90/100|[from] item: Leftovers
|-heal|p1a: Blastoise|52/100|[from] item: Leftovers
|upkeep
|turn|14
|
|t:|1747692914
|move|p1a: Blastoise|Protect|p1a: Blastoise
|-singleturn|p1a: Blastoise|Protect
|move|p2a: Starmie|Rapid Spin|p1a: Blastoise
|-activate|p1a: Blastoise|move: Protect
|
|-weather|RainDance|[upkeep]
|-heal|p1a: Blastoise|58/100|[from] ability: Rain Dish
|-heal|p2a: Starmie|96/100|[from] item: Leftovers
|-heal|p1a: Blastoise|64/100|[from] item: Leftovers
|upkeep
|turn|15
|
|t:|1747692925
|switch|p1a: Toxicroak|Toxicroak, M|68/100
|move|p2a: Starmie|Rapid Spin|p1a: Toxicroak
|-damage|p1a: Toxicroak|65/100
|-sideend|p2: ChrisCross1990|Stealth Rock|[from] move: Rapid Spin|[of] p2a: Starmie
|
|-weather|RainDance|[upkeep]
|-heal|p1a: Toxicroak|78/100|[from] ability: Dry Skin
|-heal|p2a: Starmie|100/100|[from] item: Leftovers
|-heal|p1a: Toxicroak|84/100|[from] item: Black Sludge
|upkeep
|turn|16
|
|t:|1747692937
|move|p2a: Starmie|Reflect|p2a: Starmie
|-sidestart|p2: ChrisCross1990|Reflect
|move|p1a: Toxicroak|Bulk Up|p1a: Toxicroak
|-boost|p1a: Toxicroak|atk|1
|-boost|p1a: Toxicroak|def|1
|
|-weather|RainDance|[upkeep]
|-heal|p1a: Toxicroak|96/100|[from] ability: Dry Skin
|-heal|p1a: Toxicroak|100/100|[from] item: Black Sludge
|upkeep
|turn|17
|
|t:|1747692945
|switch|p2a: Landorus|Landorus-Therian, M|88/100
|-ability|p2a: Landorus|Intimidate|boost
|-unboost|p1a: Toxicroak|atk|1
|switch|p1a: Scizor|Scizor, M|100/100
|
|-weather|RainDance|[upkeep]
|upkeep
|turn|18
|
|t:|1747692958
|switch|p1a: Rotom|Rotom-Wash|94/100
|move|p2a: Landorus|U-turn|p1a: Rotom
|-damage|p1a: Rotom|58/100
|
|t:|1747692964
|switch|p2a: Ferrothorn|Ferrothorn, F|79/100|[from] U-turn
|
|-weather|RainDance|[upkeep]
|-heal|p1a: Rotom|65/100|[from] item: Leftovers
|upkeep
|turn|19
|
|t:|1747692972
|move|p1a: Rotom|Volt Switch|p2a: Ferrothorn
|-resisted|p2a: Ferrothorn
|-damage|p2a: Ferrothorn|64/100
|
|t:|1747692980
|switch|p1a: Blastoise|Blastoise, M|64/100|[from] Volt Switch
|move|p2a: Ferrothorn|Power Whip|p1a: Blastoise
|-supereffective|p1a: Blastoise
|-crit|p1a: Blastoise
|-damage|p1a: Blastoise|0 fnt
|faint|p1a: Blastoise
|
|-weather|RainDance|[upkeep]
|upkeep
|
|t:|1747692983
|switch|p1a: Scizor|Scizor, M|100/100
|turn|20
|
|t:|1747693000
|switch|p2a: Landorus|Landorus-Therian, M|88/100
|-ability|p2a: Landorus|Intimidate|boost
|-unboost|p1a: Scizor|atk|1
|move|p1a: Scizor|U-turn|p2a: Landorus
|-resisted|p2a: Landorus
|-damage|p2a: Landorus|79/100
|
|t:|1747693004
|switch|p1a: Rotom|Rotom-Wash|65/100|[from] U-turn
|
|-weather|RainDance|[upkeep]
|-heal|p1a: Rotom|71/100|[from] item: Leftovers
|-sideend|p2: ChrisCross1990|Reflect
|upkeep
|turn|21
|
|t:|1747693016
|switch|p1a: Toxicroak|Toxicroak, M|100/100
|move|p2a: Landorus|U-turn|p1a: Toxicroak
|-resisted|p1a: Toxicroak
|-damage|p1a: Toxicroak|95/100
|
|t:|1747693031
|switch|p2a: Thundurus|Thundurus-Therian, M|100/100|[from] U-turn
|
|-weather|RainDance|[upkeep]
|-heal|p1a: Toxicroak|100/100|[from] ability: Dry Skin
|upkeep
|turn|22
|
|t:|1747693042
|switch|p1a: Chansey|Chansey, F|81/100
|move|p2a: Thundurus|Volt Switch|p1a: Chansey
|-damage|p1a: Chansey|64/100
|
|t:|1747693052
|switch|p2a: Ferrothorn|Ferrothorn, F|64/100|[from] Volt Switch
|
|-weather|RainDance|[upkeep]
|upkeep
|turn|23
|
|t:|1747693065
|switch|p1a: Toxicroak|Toxicroak, M|100/100
|move|p2a: Ferrothorn|Power Whip|p1a: Toxicroak
|-resisted|p1a: Toxicroak
|-damage|p1a: Toxicroak|78/100
|
|-weather|RainDance|[upkeep]
|-heal|p1a: Toxicroak|90/100|[from] ability: Dry Skin
|-heal|p1a: Toxicroak|96/100|[from] item: Black Sludge
|upkeep
|turn|24
|
|t:|1747693076
|switch|p1a: Rotom|Rotom-Wash|71/100
|switch|p2a: Thundurus|Thundurus-Therian, M|100/100
|
|-weather|RainDance|[upkeep]
|-heal|p1a: Rotom|77/100|[from] item: Leftovers
|upkeep
|turn|25
|
|t:|1747693082
|move|p2a: Thundurus|Volt Switch|p1a: Rotom
|-damage|p1a: Rotom|0 fnt
|faint|p1a: Rotom
|
|t:|1747693090
|switch|p2a: Mew|Mew|88/100|[from] Volt Switch
|
|-weather|RainDance|[upkeep]
|upkeep
|
|t:|1747693093
|switch|p1a: Scizor|Scizor, M|100/100
|turn|26
|
|t:|1747693098
|move|p2a: Mew|Volt Switch|p1a: Scizor
|-damage|p1a: Scizor|72/100
|-activate|p2a: Mew|move: Pursuit
|move|p1a: Scizor|Pursuit|p2a: Mew|[from] Pursuit
|-supereffective|p2a: Mew
|-damage|p2a: Mew|4/100
|
|t:|1747693118
|switch|p2a: Thundurus|Thundurus-Therian, M|100/100|[from] Volt Switch
|
|-weather|RainDance|[upkeep]
|upkeep
|turn|27
|
|t:|1747693137
|switch|p1a: Chansey|Chansey, F|64/100
|move|p2a: Thundurus|Volt Switch|p1a: Chansey
|-damage|p1a: Chansey|45/100
|
|t:|1747693143
|switch|p2a: Landorus|Landorus-Therian, M|79/100|[from] Volt Switch
|-ability|p2a: Landorus|Intimidate|boost
|-unboost|p1a: Chansey|atk|1
|
|-weather|RainDance|[upkeep]
|upkeep
|turn|28
|
|t:|1747693149
|move|p2a: Landorus|U-turn|p1a: Chansey
|-damage|p1a: Chansey|28/100
|
|t:|1747693153
|switch|p2a: Ferrothorn|Ferrothorn, F|64/100|[from] U-turn
|move|p1a: Chansey|Soft-Boiled|p1a: Chansey
|-heal|p1a: Chansey|78/100
|
|-weather|RainDance|[upkeep]
|upkeep
|turn|29
|
|t:|1747693164
|switch|p1a: Scizor|Scizor, M|72/100
|move|p2a: Ferrothorn|Power Whip|p1a: Scizor
|-resisted|p1a: Scizor
|-damage|p1a: Scizor|60/100
|
|-weather|RainDance|[upkeep]
|upkeep
|turn|30
|
|t:|1747693171
|switch|p2a: Landorus|Landorus-Therian, M|79/100
|-ability|p2a: Landorus|Intimidate|boost
|-unboost|p1a: Scizor|atk|1
|move|p1a: Scizor|U-turn|p2a: Landorus
|-resisted|p2a: Landorus
|-damage|p2a: Landorus|61/100
|
|t:|1747693175
|switch|p1a: Politoed|Politoed, M|100/100|[from] U-turn
|
|-weather|RainDance|[upkeep]
|upkeep
|turn|31
|
|t:|1747693180
|move|p2a: Landorus|U-turn|p1a: Politoed
|-damage|p1a: Politoed|78/100
|
|t:|1747693190
|switch|p2a: Starmie|Starmie|100/100|[from] U-turn
|move|p1a: Politoed|Scald|p2a: Starmie
|-resisted|p2a: Starmie
|-damage|p2a: Starmie|76/100
|-status|p2a: Starmie|brn
|
|-weather|RainDance|[upkeep]
|-heal|p2a: Starmie|82/100 brn|[from] item: Leftovers
|-heal|p1a: Politoed|85/100|[from] item: Leftovers
|-damage|p2a: Starmie|70/100 brn|[from] brn
|upkeep
|turn|32
|
|t:|1747693203
|switch|p1a: Chansey|Chansey, F|78/100
|move|p2a: Starmie|Light Screen|p2a: Starmie
|-sidestart|p2: ChrisCross1990|move: Light Screen
|
|-weather|RainDance|[upkeep]
|-heal|p2a: Starmie|76/100 brn|[from] item: Leftovers
|-damage|p2a: Starmie|64/100 brn|[from] brn
|upkeep
|turn|33
|
|t:|1747693216
|switch|p2a: Landorus|Landorus-Therian, M|61/100
|-ability|p2a: Landorus|Intimidate|boost
|-unboost|p1a: Chansey|atk|1
|move|p1a: Chansey|Seismic Toss|p2a: Landorus
|-damage|p2a: Landorus|35/100
|
|-weather|RainDance|[upkeep]
|upkeep
|turn|34
|
|t:|1747693228
|move|p2a: Landorus|Earthquake|p1a: Chansey
|-damage|p1a: Chansey|41/100
|move|p1a: Chansey|Stealth Rock|p2a: Landorus
|-sidestart|p2: ChrisCross1990|move: Stealth Rock
|
|-weather|RainDance|[upkeep]
|upkeep
|turn|35
|
|t:|1747693236
|move|p2a: Landorus|Earthquake|p1a: Chansey
|-damage|p1a: Chansey|5/100
|move|p1a: Chansey|Soft-Boiled|p1a: Chansey
|-heal|p1a: Chansey|55/100
|
|-weather|RainDance|[upkeep]
|upkeep
|turn|36
|
|t:|1747693240
|move|p2a: Landorus|Earthquake|p1a: Chansey
|-damage|p1a: Chansey|20/100
|move|p1a: Chansey|Soft-Boiled|p1a: Chansey
|-heal|p1a: Chansey|70/100
|
|-weather|RainDance|[upkeep]
|-sideend|p2: ChrisCross1990|move: Light Screen
|upkeep
|turn|37
|
|t:|1747693243
|move|p2a: Landorus|Earthquake|p1a: Chansey
|-damage|p1a: Chansey|36/100
|move|p1a: Chansey|Soft-Boiled|p1a: Chansey
|-heal|p1a: Chansey|86/100
|
|-weather|RainDance|[upkeep]
|upkeep
|turn|38
|
|t:|1747693250
|switch|p2a: Ferrothorn|Ferrothorn, F|64/100
|-damage|p2a: Ferrothorn|58/100|[from] Stealth Rock
|move|p1a: Chansey|Seismic Toss|p2a: Ferrothorn
|-damage|p2a: Ferrothorn|29/100
|-damage|p1a: Chansey|74/100|[from] ability: Iron Barbs|[of] p2a: Ferrothorn
|
|-weather|RainDance|[upkeep]
|upkeep
|turn|39
|
|t:|1747693260
|move|p1a: Chansey|Seismic Toss|p2a: Ferrothorn
|-damage|p2a: Ferrothorn|1/100
|-damage|p1a: Chansey|61/100|[from] ability: Iron Barbs|[of] p2a: Ferrothorn
|move|p2a: Ferrothorn|Stealth Rock|p1a: Chansey
|-sidestart|p1: water-is-lifee|move: Stealth Rock
|
|-weather|RainDance|[upkeep]
|upkeep
|turn|40
|
|t:|1747693267
|move|p1a: Chansey|Soft-Boiled|p1a: Chansey
|-heal|p1a: Chansey|100/100
|move|p2a: Ferrothorn|Stealth Rock||[still]
|-fail|p2a: Ferrothorn
|
|-weather|RainDance|[upkeep]
|upkeep
|turn|41
|
|t:|1747693275
|switch|p1a: Toxicroak|Toxicroak, M|96/100
|-damage|p1a: Toxicroak|90/100|[from] Stealth Rock
|switch|p2a: Starmie|Starmie|64/100 brn
|-damage|p2a: Starmie|51/100 brn|[from] Stealth Rock
|
|-weather|RainDance|[upkeep]
|-heal|p1a: Toxicroak|100/100|[from] ability: Dry Skin
|-heal|p2a: Starmie|58/100 brn|[from] item: Leftovers
|-damage|p2a: Starmie|45/100 brn|[from] brn
|upkeep
|turn|42
|
|t:|1747693288
|move|p1a: Toxicroak|Sucker Punch||[still]
|-fail|p1a: Toxicroak
|move|p2a: Starmie|Reflect|p2a: Starmie
|-sidestart|p2: ChrisCross1990|Reflect
|
|-weather|RainDance|[upkeep]
|-heal|p2a: Starmie|51/100 brn|[from] item: Leftovers
|-damage|p2a: Starmie|39/100 brn|[from] brn
|upkeep
|turn|43
|
|t:|1747693299
|move|p1a: Toxicroak|Protect|p1a: Toxicroak
|-singleturn|p1a: Toxicroak|Protect
|move|p2a: Starmie|Rapid Spin|p1a: Toxicroak
|-activate|p1a: Toxicroak|move: Protect
|
|-weather|RainDance|[upkeep]
|-heal|p2a: Starmie|45/100 brn|[from] item: Leftovers
|-damage|p2a: Starmie|33/100 brn|[from] brn
|upkeep
|turn|44
|
|t:|1747693310
|move|p1a: Toxicroak|Sucker Punch||[still]
|-fail|p1a: Toxicroak
|move|p2a: Starmie|Light Screen|p2a: Starmie
|-sidestart|p2: ChrisCross1990|move: Light Screen
|
|-weather|RainDance|[upkeep]
|-heal|p2a: Starmie|39/100 brn|[from] item: Leftovers
|-damage|p2a: Starmie|27/100 brn|[from] brn
|upkeep
|turn|45
|
|t:|1747693316
|move|p1a: Toxicroak|Protect|p1a: Toxicroak
|-singleturn|p1a: Toxicroak|Protect
|move|p2a: Starmie|Rapid Spin|p1a: Toxicroak
|-activate|p1a: Toxicroak|move: Protect
|
|-weather|RainDance|[upkeep]
|-heal|p2a: Starmie|33/100 brn|[from] item: Leftovers
|-damage|p2a: Starmie|21/100 brn|[from] brn
|upkeep
|turn|46
|
|t:|1747693325
|switch|p2a: Ferrothorn|Ferrothorn, F|1/100
|-damage|p2a: Ferrothorn|0 fnt|[from] Stealth Rock
|faint|p2a: Ferrothorn
|move|p1a: Toxicroak|Sucker Punch|p2: Ferrothorn|[notarget]
|-fail|p1a: Toxicroak
|
|-weather|RainDance|[upkeep]
|-sideend|p2: ChrisCross1990|Reflect
|upkeep
|
|t:|1747693335
|switch|p2a: Thundurus|Thundurus-Therian, M|100/100
|-damage|p2a: Thundurus|76/100|[from] Stealth Rock
|turn|47
|
|t:|1747693341
|switch|p1a: Chansey|Chansey, F|100/100
|-damage|p1a: Chansey|88/100|[from] Stealth Rock
|move|p2a: Thundurus|Volt Switch|p1a: Chansey
|-damage|p1a: Chansey|71/100
|
|t:|1747693346
|switch|p2a: Starmie|Starmie|21/100 brn|[from] Volt Switch
|-damage|p2a: Starmie|8/100 brn|[from] Stealth Rock
|
|-weather|RainDance|[upkeep]
|-heal|p2a: Starmie|14/100 brn|[from] item: Leftovers
|-damage|p2a: Starmie|2/100 brn|[from] brn
|upkeep
|turn|48
|
|t:|1747693355
|move|p2a: Starmie|Rapid Spin|p1a: Chansey
|-damage|p1a: Chansey|70/100
|-sideend|p2: ChrisCross1990|Stealth Rock|[from] move: Rapid Spin|[of] p2a: Starmie
|move|p1a: Chansey|Stealth Rock|p2a: Starmie
|-sidestart|p2: ChrisCross1990|move: Stealth Rock
|
|-weather|RainDance|[upkeep]
|-heal|p2a: Starmie|8/100 brn|[from] item: Leftovers
|-damage|p2a: Starmie|0 fnt|[from] brn
|faint|p2a: Starmie
|-sideend|p2: ChrisCross1990|move: Light Screen
|upkeep
|
|t:|1747693360
|switch|p2a: Landorus|Landorus-Therian, M|35/100
|-damage|p2a: Landorus|22/100|[from] Stealth Rock
|-ability|p2a: Landorus|Intimidate|boost
|-unboost|p1a: Chansey|atk|1
|turn|49
|
|t:|1747693365
|move|p2a: Landorus|Superpower|p1a: Chansey
|-supereffective|p1a: Chansey
|-damage|p1a: Chansey|11/100
|-unboost|p2a: Landorus|atk|1
|-unboost|p2a: Landorus|def|1
|move|p1a: Chansey|Soft-Boiled|p1a: Chansey
|-heal|p1a: Chansey|61/100
|
|-weather|RainDance|[upkeep]
|upkeep
|turn|50
|
|t:|1747693370
|move|p2a: Landorus|Superpower|p1a: Chansey
|-supereffective|p1a: Chansey
|-damage|p1a: Chansey|20/100
|-unboost|p2a: Landorus|atk|1
|-unboost|p2a: Landorus|def|1
|move|p1a: Chansey|Soft-Boiled|p1a: Chansey
|-heal|p1a: Chansey|70/100
|
|-weather|RainDance|[upkeep]
|upkeep
|turn|51
|-message|ChrisCross1990 forfeited.
|
|win|water-is-lifee
|raw|water-is-lifee's rating: 1398 &rarr; <strong>1415</strong><br />(+17 for winning)
|raw|ChrisCross1990's rating: 1346 &rarr; <strong>1329</strong><br />(-17 for losing)
|l|☆ChrisCross1990
|player|p2|
|l|☆water-is-lifee
|player|p1|
