|j|☆mellrrowe
|j|☆RyukTheDarkrai
|player|p1|mellrrowe|hilbert|1275
|player|p2|RyukTheDarkrai|gladion|1344
|teamsize|p1|6
|teamsize|p2|6
|gametype|singles
|gen|5
|tier|[Gen 5] OU
|rated|
|clearpoke
|poke|p1|Garchomp, F|item
|poke|p1|Breloom, F|item
|poke|p1|Volcarona, M|item
|poke|p1|Dragonite, M|item
|poke|p1|Starmie|item
|poke|p1|Scizor, M|item
|poke|p2|Hydreigon, M|item
|poke|p2|Tentacruel, M|item
|poke|p2|Ferrothorn, M|item
|poke|p2|Keldeo-Resolute|item
|poke|p2|Politoed, F|item
|poke|p2|Thundurus-Therian, M|item
|rule|Species Clause: Limit one of each Pokémon
|rule|OHKO Clause: OHKO moves are banned
|rule|Moody Clause: Moody is banned
|rule|Evasion Moves Clause: Evasion moves are banned
|rule|Endless Battle Clause: Forcing endless battles is banned
|rule|HP Percentage Mod: HP is shown in percentages
|rule|Evasion Abilities Clause: Evasion abilities are banned
|rule|Baton Pass Clause: Limit one Baton Passer, can't pass Spe and other stats simultaneously
|rule|Sleep Clause: Sleep-inducing moves are banned
|rule|Swagger Clause: Swagger is banned
|teampreview
|inactive|Battle timer is ON: inactive players will automatically lose when time's up. (requested by mellrrowe)
|c|☆RyukTheDarkrai|Didn't we fight before?
|
|start
|switch|p1a: Breloom|Breloom, F, shiny|100/100
|switch|p2a: Hydreigon|Hydreigon, M|100/100
|turn|1
|j| Mishimooshi
|c|☆RyukTheDarkrai|nope nvm
|c|☆mellrrowe|maybe we did
|
|move|p1a: Breloom|Mach Punch|p2a: Hydreigon
|-enditem|p1a: Breloom|Fighting Gem|[from] gem
|-supereffective|p2a: Hydreigon
|-damage|p2a: Hydreigon|0 fnt
|faint|p2a: Hydreigon
|
|upkeep
|c| Mishimooshi|Can i type?
|
|switch|p2a: Politoed|Politoed, F|100/100
|-weather|RainDance|[from] ability: Drizzle|[of] p2a: Politoed
|turn|2
|c|☆RyukTheDarkrai|yea
|
|switch|p2a: Thundurus|Thundurus-Therian, M|100/100
|move|p1a: Breloom|Bullet Seed|p2a: Thundurus
|-resisted|p2a: Thundurus
|-damage|p2a: Thundurus|90/100
|-resisted|p2a: Thundurus
|-damage|p2a: Thundurus|79/100
|-resisted|p2a: Thundurus
|-damage|p2a: Thundurus|70/100
|-resisted|p2a: Thundurus
|-damage|p2a: Thundurus|60/100
|-hitcount|p2a: Thundurus|4
|
|-weather|RainDance|[upkeep]
|-heal|p2a: Thundurus|66/100|[from] item: Leftovers
|upkeep
|turn|3
|c| Mishimooshi|Oh ye i can
|c| Mishimooshi|Ok bye
|
|move|p2a: Thundurus|Substitute|p2a: Thundurus
|-start|p2a: Thundurus|Substitute
|-damage|p2a: Thundurus|41/100
|move|p1a: Breloom|Stun Spore||[still]
|-fail|p1a: Breloom
|
|-weather|RainDance|[upkeep]
|-heal|p2a: Thundurus|47/100|[from] item: Leftovers
|upkeep
|turn|4
|
|move|p2a: Thundurus|Nasty Plot|p2a: Thundurus
|-boost|p2a: Thundurus|spa|2
|move|p1a: Breloom|Bullet Seed|p2a: Thundurus
|-resisted|p2a: Thundurus
|-activate|p2a: Thundurus|Substitute|[damage]
|-resisted|p2a: Thundurus
|-activate|p2a: Thundurus|Substitute|[damage]
|-hitcount|p2a: Thundurus|2
|
|-weather|RainDance|[upkeep]
|-heal|p2a: Thundurus|53/100|[from] item: Leftovers
|upkeep
|turn|5
|
|move|p2a: Thundurus|Thunder|p1a: Breloom
|-resisted|p1a: Breloom
|-damage|p1a: Breloom|6/100
|move|p1a: Breloom|Bullet Seed|p2a: Thundurus
|-resisted|p2a: Thundurus
|-end|p2a: Thundurus|Substitute
|-resisted|p2a: Thundurus
|-damage|p2a: Thundurus|43/100
|-resisted|p2a: Thundurus
|-damage|p2a: Thundurus|33/100
|-resisted|p2a: Thundurus
|-damage|p2a: Thundurus|23/100
|-resisted|p2a: Thundurus
|-damage|p2a: Thundurus|12/100
|-hitcount|p2a: Thundurus|5
|
|-weather|RainDance|[upkeep]
|-heal|p2a: Thundurus|18/100|[from] item: Leftovers
|upkeep
|turn|6
|
|move|p1a: Breloom|Mach Punch|p2a: Thundurus
|-resisted|p2a: Thundurus
|-damage|p2a: Thundurus|1/100
|move|p2a: Thundurus|Thunder|p1a: Breloom
|-resisted|p1a: Breloom
|-damage|p1a: Breloom|0 fnt
|faint|p1a: Breloom
|
|-weather|RainDance|[upkeep]
|-heal|p2a: Thundurus|7/100|[from] item: Leftovers
|upkeep
|
|switch|p1a: Dragonite|Dragonite, M|100/100
|turn|7
|
|move|p1a: Dragonite|Extreme Speed|p2a: Thundurus
|-damage|p2a: Thundurus|0 fnt
|faint|p2a: Thundurus
|
|-weather|RainDance|[upkeep]
|upkeep
|
|switch|p2a: Ferrothorn|Ferrothorn, M|100/100
|turn|8
|
|switch|p1a: Starmie|Starmie, shiny|100/100
|move|p2a: Ferrothorn|Leech Seed|p1a: Starmie
|-start|p1a: Starmie|move: Leech Seed
|
|-weather|RainDance|[upkeep]
|-damage|p1a: Starmie|88/100|[from] Leech Seed|[of] p2a: Ferrothorn
|upkeep
|turn|9
|l| Mishimooshi
|
|move|p1a: Starmie|Thunder|p2a: Ferrothorn
|-resisted|p2a: Ferrothorn
|-damage|p2a: Ferrothorn|87/100
|move|p2a: Ferrothorn|Stealth Rock|p1a: Starmie
|-sidestart|p1: mellrrowe|move: Stealth Rock
|
|-weather|RainDance|[upkeep]
|-heal|p1a: Starmie|94/100|[from] item: Leftovers
|-heal|p2a: Ferrothorn|94/100|[from] item: Leftovers
|-damage|p1a: Starmie|82/100|[from] Leech Seed|[of] p2a: Ferrothorn
|-heal|p2a: Ferrothorn|100/100|[silent]
|upkeep
|turn|10
|
|move|p1a: Starmie|Rapid Spin|p2a: Ferrothorn
|-resisted|p2a: Ferrothorn
|-damage|p2a: Ferrothorn|99/100
|-damage|p1a: Starmie|70/100|[from] ability: Iron Barbs|[of] p2a: Ferrothorn
|-end|p1a: Starmie|Leech Seed|[from] move: Rapid Spin|[of] p1a: Starmie
|-sideend|p1: mellrrowe|Stealth Rock|[from] move: Rapid Spin|[of] p1a: Starmie
|move|p2a: Ferrothorn|Stealth Rock|p1a: Starmie
|-sidestart|p1: mellrrowe|move: Stealth Rock
|
|-weather|RainDance|[upkeep]
|-heal|p1a: Starmie|76/100|[from] item: Leftovers
|-heal|p2a: Ferrothorn|100/100|[from] item: Leftovers
|upkeep
|turn|11
|
|switch|p1a: Garchomp|Garchomp, F, shiny|100/100
|-damage|p1a: Garchomp|94/100|[from] Stealth Rock
|move|p2a: Ferrothorn|Leech Seed|p1a: Garchomp
|-start|p1a: Garchomp|move: Leech Seed
|
|-weather|RainDance|[upkeep]
|-damage|p1a: Garchomp|82/100|[from] Leech Seed|[of] p2a: Ferrothorn
|upkeep
|turn|12
|
|move|p1a: Garchomp|Stealth Rock|p2a: Ferrothorn
|-sidestart|p2: RyukTheDarkrai|move: Stealth Rock
|move|p2a: Ferrothorn|Gyro Ball|p1a: Garchomp
|-damage|p1a: Garchomp|33/100
|-damage|p2a: Ferrothorn|88/100|[from] ability: Rough Skin|[of] p1a: Garchomp
|
|-weather|RainDance|[upkeep]
|-heal|p2a: Ferrothorn|94/100|[from] item: Leftovers
|-damage|p1a: Garchomp|21/100|[from] Leech Seed|[of] p2a: Ferrothorn
|-heal|p2a: Ferrothorn|100/100|[silent]
|upkeep
|turn|13
|
|move|p1a: Garchomp|Fire Blast|p2a: Ferrothorn|[miss]
|-miss|p1a: Garchomp|p2a: Ferrothorn
|move|p2a: Ferrothorn|Gyro Ball|p1a: Garchomp
|-damage|p1a: Garchomp|0 fnt
|-damage|p2a: Ferrothorn|88/100|[from] ability: Rough Skin|[of] p1a: Garchomp
|faint|p1a: Garchomp
|
|-weather|RainDance|[upkeep]
|-heal|p2a: Ferrothorn|94/100|[from] item: Leftovers
|upkeep
|
|switch|p1a: Scizor|Scizor, M|100/100
|-damage|p1a: Scizor|88/100|[from] Stealth Rock
|turn|14
|c|☆mellrrowe|I think I threw
|c|☆mellrrowe|should have kept drag in
|
|switch|p2a: Tentacruel|Tentacruel, M|100/100
|-damage|p2a: Tentacruel|88/100|[from] Stealth Rock
|move|p1a: Scizor|U-turn|p2a: Tentacruel
|-resisted|p2a: Tentacruel
|-damage|p2a: Tentacruel|58/100
|
|switch|p1a: Starmie|Starmie, shiny|76/100|[from]move: U-turn
|-damage|p1a: Starmie|64/100|[from] Stealth Rock
|
|-weather|RainDance|[upkeep]
|-heal|p2a: Tentacruel|64/100|[from] ability: Rain Dish
|-heal|p1a: Starmie|70/100|[from] item: Leftovers
|-heal|p2a: Tentacruel|70/100|[from] item: Black Sludge
|upkeep
|turn|15
|
|switch|p2a: Ferrothorn|Ferrothorn, M|94/100
|-damage|p2a: Ferrothorn|88/100|[from] Stealth Rock
|move|p1a: Starmie|Thunder|p2a: Ferrothorn
|-resisted|p2a: Ferrothorn
|-damage|p2a: Ferrothorn|76/100
|
|-weather|RainDance|[upkeep]
|-heal|p1a: Starmie|76/100|[from] item: Leftovers
|-heal|p2a: Ferrothorn|82/100|[from] item: Leftovers
|upkeep
|turn|16
|
|switch|p1a: Scizor|Scizor, M|88/100
|-damage|p1a: Scizor|76/100|[from] Stealth Rock
|move|p2a: Ferrothorn|Leech Seed|p1a: Scizor
|-start|p1a: Scizor|move: Leech Seed
|
|-weather|RainDance|[upkeep]
|-heal|p2a: Ferrothorn|88/100|[from] item: Leftovers
|-damage|p1a: Scizor|64/100|[from] Leech Seed|[of] p2a: Ferrothorn
|-heal|p2a: Ferrothorn|99/100|[silent]
|upkeep
|turn|17
|
|move|p2a: Ferrothorn|Protect|p2a: Ferrothorn
|-singleturn|p2a: Ferrothorn|Protect
|move|p1a: Scizor|U-turn|p2a: Ferrothorn
|-activate|p2a: Ferrothorn|move: Protect
|
|-weather|RainDance|[upkeep]
|-heal|p2a: Ferrothorn|100/100|[from] item: Leftovers
|-damage|p1a: Scizor|52/100|[from] Leech Seed|[of] p2a: Ferrothorn
|upkeep
|turn|18
|
|move|p1a: Scizor|U-turn|p2a: Ferrothorn
|-damage|p2a: Ferrothorn|57/100
|-damage|p1a: Scizor|39/100|[from] ability: Iron Barbs|[of] p2a: Ferrothorn
|
|switch|p1a: Volcarona|Volcarona, M|100/100|[from]move: U-turn
|-damage|p1a: Volcarona|51/100|[from] Stealth Rock
|move|p2a: Ferrothorn|Gyro Ball|p1a: Volcarona
|-resisted|p1a: Volcarona
|-damage|p1a: Volcarona|16/100
|-status|p2a: Ferrothorn|brn|[from] ability: Flame Body|[of] p1a: Volcarona
|
|-weather|RainDance|[upkeep]
|-heal|p1a: Volcarona|22/100|[from] item: Leftovers
|-heal|p2a: Ferrothorn|63/100 brn|[from] item: Leftovers
|-damage|p2a: Ferrothorn|50/100 brn|[from] brn
|upkeep
|turn|19
|c|☆RyukTheDarkrai|f
|
|move|p1a: Volcarona|Fire Blast|p2a: Ferrothorn
|-supereffective|p2a: Ferrothorn
|-damage|p2a: Ferrothorn|0 fnt
|faint|p2a: Ferrothorn
|
|-weather|RainDance|[upkeep]
|-heal|p1a: Volcarona|28/100|[from] item: Leftovers
|upkeep
|j| Directhanos
|
|switch|p2a: Tentacruel|Tentacruel, M|70/100
|-damage|p2a: Tentacruel|58/100|[from] Stealth Rock
|turn|20
|c| Directhanos|n00
|
|move|p1a: Volcarona|Giga Drain|p2a: Tentacruel
|-damage|p2a: Tentacruel|38/100
|-heal|p1a: Volcarona|39/100|[from] drain|[of] p2a: Tentacruel
|move|p2a: Tentacruel|Substitute|p2a: Tentacruel
|-start|p2a: Tentacruel|Substitute
|-damage|p2a: Tentacruel|13/100
|
|-weather|RainDance|[upkeep]
|-heal|p2a: Tentacruel|19/100|[from] ability: Rain Dish
|-heal|p1a: Volcarona|45/100|[from] item: Leftovers
|-heal|p2a: Tentacruel|25/100|[from] item: Black Sludge
|upkeep
|turn|21
|
|move|p1a: Volcarona|Quiver Dance|p1a: Volcarona
|-boost|p1a: Volcarona|spa|1
|-boost|p1a: Volcarona|spd|1
|-boost|p1a: Volcarona|spe|1
|move|p2a: Tentacruel|Scald|p1a: Volcarona
|-supereffective|p1a: Volcarona
|-damage|p1a: Volcarona|0 fnt
|faint|p1a: Volcarona
|
|-weather|RainDance|[upkeep]
|-heal|p2a: Tentacruel|31/100|[from] ability: Rain Dish
|-heal|p2a: Tentacruel|37/100|[from] item: Black Sludge
|upkeep
|
|switch|p1a: Starmie|Starmie, shiny|76/100
|-damage|p1a: Starmie|64/100|[from] Stealth Rock
|turn|22
|
|move|p1a: Starmie|Thunder|p2a: Tentacruel
|-supereffective|p2a: Tentacruel
|-end|p2a: Tentacruel|Substitute
|move|p2a: Tentacruel|Rapid Spin|p1a: Starmie
|-damage|p1a: Starmie|60/100
|-sideend|p2: RyukTheDarkrai|Stealth Rock|[from] move: Rapid Spin|[of] p2a: Tentacruel
|
|-weather|RainDance|[upkeep]
|-heal|p2a: Tentacruel|43/100|[from] ability: Rain Dish
|-heal|p1a: Starmie|66/100|[from] item: Leftovers
|-heal|p2a: Tentacruel|50/100|[from] item: Black Sludge
|upkeep
|turn|23
|
|move|p1a: Starmie|Thunder|p2a: Tentacruel
|-supereffective|p2a: Tentacruel
|-damage|p2a: Tentacruel|0 fnt
|faint|p2a: Tentacruel
|
|-weather|RainDance|[upkeep]
|-heal|p1a: Starmie|72/100|[from] item: Leftovers
|upkeep
|
|switch|p2a: Keldeo|Keldeo-Resolute|100/100
|turn|24
|
|move|p2a: Keldeo|Hydro Pump|p1a: Starmie
|-resisted|p1a: Starmie
|-damage|p1a: Starmie|1/100
|move|p1a: Starmie|Thunder|p2a: Keldeo
|-supereffective|p2a: Keldeo
|-damage|p2a: Keldeo|17/100
|
|-weather|RainDance|[upkeep]
|-heal|p1a: Starmie|7/100|[from] item: Leftovers
|upkeep
|turn|25
|
|move|p2a: Keldeo|Hydro Pump|p1a: Starmie|[miss]
|-miss|p2a: Keldeo|p1a: Starmie
|move|p1a: Starmie|Thunder|p2a: Keldeo
|-supereffective|p2a: Keldeo
|-damage|p2a: Keldeo|0 fnt
|faint|p2a: Keldeo
|
|-weather|RainDance|[upkeep]
|-heal|p1a: Starmie|14/100|[from] item: Leftovers
|upkeep
|c|☆RyukTheDarkrai|ggs
|c|☆mellrrowe|gg
|-message|RyukTheDarkrai forfeited.
|
|win|mellrrowe
|l|☆RyukTheDarkrai
|c|☆mellrrowe|hax saved me
|raw|mellrrowe's rating: 1275 &rarr; <strong>1305</strong><br />(+30 for winning)
|raw|RyukTheDarkrai's rating: 1344 &rarr; <strong>1320</strong><br />(-24 for losing)
