|j|☆Biscuitcity
|j|☆Freereyssplcup
|t:|1718847744
|gametype|singles
|player|p1|Biscuitcity|102|1360
|player|p2|Freereyssplcup|2|1513
|teamsize|p1|6
|teamsize|p2|6
|gen|5
|tier|[Gen 5] OU
|rated|
|rule|Species Clause: Limit one of each Pokémon
|rule|OHKO Clause: OHKO moves are banned
|rule|Moody Clause: Moody is banned
|rule|Evasion Items Clause: Evasion items are banned
|rule|Evasion Moves Clause: Evasion moves are banned
|rule|Endless Battle Clause: Forcing endless battles is banned
|rule|HP Percentage Mod: HP is shown in percentages
|rule|Evasion Abilities Clause: Evasion abilities are banned
|rule|Sleep Moves Clause: Sleep-inducing moves are banned
|rule|Swagger Clause: Swagger is banned
|rule|Baton Pass Stat Clause: No Baton Passer may have a way to boost its stats
|clearpoke
|poke|p1|Abomasnow, F|item
|poke|p1|Forretress, F|item
|poke|p1|Reuniclus, M|item
|poke|p1|Gliscor, M|item
|poke|p1|Mamoswine, F|item
|poke|p1|Latios, M|item
|poke|p2|Uxie|item
|poke|p2|Scizor, M|item
|poke|p2|Gyarados, M|item
|poke|p2|Magnezone|item
|poke|p2|Dragonite, M|item
|poke|p2|Excadrill, F|item
|teampreview
|c|☆Biscuitcity|gl hf
|inactive|Battle timer is ON: inactive players will automatically lose when time's up. (requested by Biscuitcity)
|
|t:|1718847766
|start
|switch|p1a: Abomasnow|Abomasnow, F|100/100
|switch|p2a: Uxie|Uxie, shiny|100/100
|-weather|Hail|[from] ability: Snow Warning|[of] p1a: Abomasnow
|turn|1
|
|t:|1718847776
|switch|p1a: Gliscor|Gliscor, M|100/100
|move|p2a: Uxie|Stealth Rock|p1a: Gliscor
|-sidestart|p1: Biscuitcity|move: Stealth Rock
|
|-weather|Hail|[upkeep]
|-damage|p2a: Uxie|94/100|[from] Hail
|-damage|p1a: Gliscor|94/100|[from] Hail
|-status|p1a: Gliscor|tox|[from] item: Toxic Orb
|upkeep
|turn|2
|
|t:|1718847791
|switch|p2a: Gyarados|Gyarados, M|100/100
|move|p1a: Gliscor|Stealth Rock|p2a: Gyarados
|-sidestart|p2: Freereyssplcup|move: Stealth Rock
|
|-weather|Hail|[upkeep]
|-damage|p2a: Gyarados|94/100|[from] Hail
|-damage|p1a: Gliscor|88/100 tox|[from] Hail
|-heal|p2a: Gyarados|100/100|[from] item: Leftovers
|-heal|p1a: Gliscor|100/100 tox|[from] ability: Poison Heal
|upkeep
|turn|3
|
|t:|1718847805
|switch|p1a: Forretress|Forretress, F|100/100
|-damage|p1a: Forretress|88/100|[from] Stealth Rock
|move|p2a: Gyarados|Substitute|p2a: Gyarados
|-start|p2a: Gyarados|Substitute
|-damage|p2a: Gyarados|76/100
|
|-weather|Hail|[upkeep]
|-damage|p2a: Gyarados|70/100|[from] Hail
|-heal|p2a: Gyarados|76/100|[from] item: Leftovers
|-heal|p1a: Forretress|94/100|[from] item: Leftovers
|upkeep
|turn|4
|
|t:|1718847810
|move|p2a: Gyarados|Dragon Dance|p2a: Gyarados
|-boost|p2a: Gyarados|atk|1
|-boost|p2a: Gyarados|spe|1
|move|p1a: Forretress|Volt Switch|p2a: Gyarados
|-supereffective|p2a: Gyarados
|-end|p2a: Gyarados|Substitute
|
|t:|1718847824
|switch|p1a: Abomasnow|Abomasnow, F|100/100|[from] Volt Switch
|-damage|p1a: Abomasnow|76/100|[from] Stealth Rock
|
|-weather|Hail|[upkeep]
|-damage|p2a: Gyarados|70/100|[from] Hail
|-heal|p2a: Gyarados|76/100|[from] item: Leftovers
|-heal|p1a: Abomasnow|82/100|[from] item: Leftovers
|upkeep
|turn|5
|
|t:|1718847827
|move|p2a: Gyarados|Bounce||[still]
|-prepare|p2a: Gyarados|Bounce
|move|p1a: Abomasnow|Wood Hammer|p2a: Gyarados|[miss]
|-miss|p1a: Abomasnow|p2a: Gyarados
|
|-weather|Hail|[upkeep]
|-damage|p2a: Gyarados|70/100|[from] Hail
|-heal|p2a: Gyarados|76/100|[from] item: Leftovers
|-heal|p1a: Abomasnow|88/100|[from] item: Leftovers
|upkeep
|turn|6
|
|t:|1718847831
|move|p1a: Abomasnow|Protect|p1a: Abomasnow
|-singleturn|p1a: Abomasnow|Protect
|move|p2a: Gyarados|Bounce|p1a: Abomasnow|[from]lockedmove
|-activate|p1a: Abomasnow|move: Protect
|
|-weather|Hail|[upkeep]
|-damage|p2a: Gyarados|70/100|[from] Hail
|-heal|p2a: Gyarados|76/100|[from] item: Leftovers
|-heal|p1a: Abomasnow|94/100|[from] item: Leftovers
|upkeep
|turn|7
|
|t:|1718847840
|move|p2a: Gyarados|Bounce||[still]
|-prepare|p2a: Gyarados|Bounce
|move|p1a: Abomasnow|Wood Hammer|p2a: Gyarados|[miss]
|-miss|p1a: Abomasnow|p2a: Gyarados
|
|-weather|Hail|[upkeep]
|-damage|p2a: Gyarados|70/100|[from] Hail
|-heal|p2a: Gyarados|76/100|[from] item: Leftovers
|-heal|p1a: Abomasnow|99/100|[from] item: Leftovers
|upkeep
|turn|8
|
|t:|1718847843
|move|p1a: Abomasnow|Protect|p1a: Abomasnow
|-singleturn|p1a: Abomasnow|Protect
|move|p2a: Gyarados|Bounce|p1a: Abomasnow|[from]lockedmove
|-activate|p1a: Abomasnow|move: Protect
|
|-weather|Hail|[upkeep]
|-damage|p2a: Gyarados|70/100|[from] Hail
|-heal|p2a: Gyarados|76/100|[from] item: Leftovers
|-heal|p1a: Abomasnow|100/100|[from] item: Leftovers
|upkeep
|turn|9
|
|t:|1718847853
|switch|p1a: Gliscor|Gliscor, M|100/100 tox
|-damage|p1a: Gliscor|88/100 tox|[from] Stealth Rock
|move|p2a: Gyarados|Waterfall|p1a: Gliscor
|-supereffective|p1a: Gliscor
|-damage|p1a: Gliscor|1/100 tox
|
|-weather|Hail|[upkeep]
|-damage|p2a: Gyarados|70/100|[from] Hail
|-damage|p1a: Gliscor|0 fnt|[from] Hail
|faint|p1a: Gliscor
|-heal|p2a: Gyarados|76/100|[from] item: Leftovers
|upkeep
|
|t:|1718847861
|switch|p1a: Latios|Latios, M|100/100
|-damage|p1a: Latios|88/100|[from] Stealth Rock
|turn|10
|
|t:|1718847877
|switch|p1a: Forretress|Forretress, F|94/100
|-damage|p1a: Forretress|82/100|[from] Stealth Rock
|move|p2a: Gyarados|Bounce||[still]
|-prepare|p2a: Gyarados|Bounce
|
|-weather|Hail|[upkeep]
|-damage|p2a: Gyarados|70/100|[from] Hail
|-heal|p2a: Gyarados|76/100|[from] item: Leftovers
|-heal|p1a: Forretress|88/100|[from] item: Leftovers
|upkeep
|turn|11
|
|t:|1718847882
|move|p2a: Gyarados|Bounce|p1a: Forretress|[from]lockedmove|[miss]
|-miss|p2a: Gyarados|p1a: Forretress
|move|p1a: Forretress|Volt Switch|p2a: Gyarados
|-supereffective|p2a: Gyarados
|-damage|p2a: Gyarados|31/100
|
|t:|1718847889
|switch|p1a: Mamoswine|Mamoswine, F|100/100|[from] Volt Switch
|-damage|p1a: Mamoswine|88/100|[from] Stealth Rock
|
|-weather|Hail|[upkeep]
|-damage|p2a: Gyarados|25/100|[from] Hail
|-heal|p2a: Gyarados|31/100|[from] item: Leftovers
|upkeep
|turn|12
|
|t:|1718847893
|move|p1a: Mamoswine|Ice Shard|p2a: Gyarados
|-damage|p2a: Gyarados|0 fnt
|faint|p2a: Gyarados
|
|-weather|Hail|[upkeep]
|upkeep
|
|t:|1718847904
|switch|p2a: Scizor|Scizor, M|100/100
|-damage|p2a: Scizor|88/100|[from] Stealth Rock
|turn|13
|
|t:|1718847931
|move|p1a: Mamoswine|Earthquake|p2a: Scizor
|-damage|p2a: Scizor|17/100
|move|p2a: Scizor|Swords Dance|p2a: Scizor
|-boost|p2a: Scizor|atk|2
|
|-weather|Hail|[upkeep]
|-damage|p2a: Scizor|11/100|[from] Hail
|upkeep
|turn|14
|
|t:|1718847940
|move|p1a: Mamoswine|Ice Shard|p2a: Scizor
|-resisted|p2a: Scizor
|-damage|p2a: Scizor|0 fnt
|faint|p2a: Scizor
|
|-weather|Hail|[upkeep]
|upkeep
|
|t:|1718847943
|switch|p2a: Excadrill|Excadrill, F|100/100
|-damage|p2a: Excadrill|97/100|[from] Stealth Rock
|-ability|p2a: Excadrill|Mold Breaker
|-item|p2a: Excadrill|Air Balloon
|turn|15
|
|t:|1718847957
|move|p2a: Excadrill|Iron Head|p1a: Mamoswine
|-supereffective|p1a: Mamoswine
|-damage|p1a: Mamoswine|0 fnt
|faint|p1a: Mamoswine
|
|-weather|Hail|[upkeep]
|-damage|p2a: Excadrill|91/100|[from] Hail
|upkeep
|
|t:|1718847960
|switch|p1a: Latios|Latios, M|88/100
|-damage|p1a: Latios|76/100|[from] Stealth Rock
|turn|16
|
|t:|1718847979
|switch|p2a: Magnezone|Magnezone|100/100
|-damage|p2a: Magnezone|95/100|[from] Stealth Rock
|move|p1a: Latios|Surf|p2a: Magnezone
|-damage|p2a: Magnezone|28/100
|
|-weather|Hail|[upkeep]
|-damage|p1a: Latios|70/100|[from] Hail
|-damage|p2a: Magnezone|22/100|[from] Hail
|upkeep
|turn|17
|
|t:|1718847986
|move|p1a: Latios|Surf|p2a: Magnezone
|-damage|p2a: Magnezone|0 fnt
|faint|p2a: Magnezone
|
|-weather|Hail|[upkeep]
|-damage|p1a: Latios|64/100|[from] Hail
|upkeep
|
|t:|1718847988
|switch|p2a: Uxie|Uxie, shiny|94/100
|-damage|p2a: Uxie|82/100|[from] Stealth Rock
|turn|18
|
|t:|1718847996
|switch|p1a: Forretress|Forretress, F|88/100
|-damage|p1a: Forretress|76/100|[from] Stealth Rock
|move|p2a: Uxie|Light Screen|p2a: Uxie
|-sidestart|p2: Freereyssplcup|move: Light Screen
|
|-weather|Hail|[upkeep]
|-damage|p2a: Uxie|76/100|[from] Hail
|-heal|p1a: Forretress|82/100|[from] item: Leftovers
|upkeep
|turn|19
|
|t:|1718848001
|move|p2a: Uxie|Reflect|p2a: Uxie
|-sidestart|p2: Freereyssplcup|Reflect
|move|p1a: Forretress|Rapid Spin|p2a: Uxie
|-damage|p2a: Uxie|74/100
|-sideend|p1: Biscuitcity|Stealth Rock|[from] move: Rapid Spin|[of] p1a: Forretress
|
|-weather|Hail|[upkeep]
|-damage|p2a: Uxie|68/100|[from] Hail
|-heal|p1a: Forretress|88/100|[from] item: Leftovers
|upkeep
|turn|20
|
|t:|1718848023
|move|p2a: Uxie|U-turn|p1a: Forretress
|-resisted|p1a: Forretress
|-damage|p1a: Forretress|84/100
|
|t:|1718848027
|switch|p2a: Excadrill|Excadrill, F|91/100|[from] U-turn
|-damage|p2a: Excadrill|88/100|[from] Stealth Rock
|-ability|p2a: Excadrill|Mold Breaker
|-item|p2a: Excadrill|Air Balloon
|move|p1a: Forretress|Volt Switch|p2a: Excadrill
|-immune|p2a: Excadrill
|
|-weather|Hail|[upkeep]
|-damage|p2a: Excadrill|82/100|[from] Hail
|-heal|p1a: Forretress|90/100|[from] item: Leftovers
|upkeep
|turn|21
|inactive|Biscuitcity has 120 seconds left.
|
|t:|1718848054
|move|p2a: Excadrill|Swords Dance|p2a: Excadrill
|-boost|p2a: Excadrill|atk|2
|move|p1a: Forretress|Spikes|p2a: Excadrill
|-sidestart|p2: Freereyssplcup|Spikes
|
|-weather|Hail|[upkeep]
|-damage|p2a: Excadrill|76/100|[from] Hail
|-heal|p1a: Forretress|96/100|[from] item: Leftovers
|upkeep
|turn|22
|
|t:|1718848063
|move|p2a: Excadrill|Earthquake|p1a: Forretress
|-crit|p1a: Forretress
|-damage|p1a: Forretress|0 fnt
|faint|p1a: Forretress
|
|-weather|Hail|[upkeep]
|-damage|p2a: Excadrill|70/100|[from] Hail
|upkeep
|
|t:|1718848065
|switch|p1a: Latios|Latios, M|64/100
|turn|23
|
|t:|1718848070
|move|p1a: Latios|Surf|p2a: Excadrill
|-supereffective|p2a: Excadrill
|-crit|p2a: Excadrill
|-damage|p2a: Excadrill|0 fnt
|-enditem|p2a: Excadrill|Air Balloon
|faint|p2a: Excadrill
|
|-weather|Hail|[upkeep]
|-damage|p1a: Latios|58/100|[from] Hail
|upkeep
|
|t:|1718848078
|switch|p2a: Dragonite|Dragonite, M|100/100
|-damage|p2a: Dragonite|76/100|[from] Stealth Rock
|turn|24
|
|t:|1718848092
|switch|p1a: Reuniclus|Reuniclus, M|100/100
|move|p2a: Dragonite|Dragon Dance|p2a: Dragonite
|-boost|p2a: Dragonite|atk|1
|-boost|p2a: Dragonite|spe|1
|
|-weather|Hail|[upkeep]
|-damage|p2a: Dragonite|70/100|[from] Hail
|upkeep
|turn|25
|
|t:|1718848098
|move|p2a: Dragonite|Dragon Dance|p2a: Dragonite
|-boost|p2a: Dragonite|atk|1
|-boost|p2a: Dragonite|spe|1
|move|p1a: Reuniclus|Trick Room|p1a: Reuniclus
|-fieldstart|move: Trick Room|[of] p1a: Reuniclus
|
|-weather|Hail|[upkeep]
|-damage|p2a: Dragonite|63/100|[from] Hail
|-sideend|p2: Freereyssplcup|move: Light Screen
|upkeep
|turn|26
|
|t:|1718848106
|move|p1a: Reuniclus|Hidden Power|p2a: Dragonite
|-supereffective|p2a: Dragonite
|-damage|p2a: Dragonite|0 fnt
|faint|p2a: Dragonite
|
|-weather|Hail|[upkeep]
|-sideend|p2: Freereyssplcup|Reflect
|upkeep
|-message|Freereyssplcup forfeited.
|
|win|Biscuitcity
|raw|Biscuitcity's rating: 1360 &rarr; <strong>1388</strong><br />(+28 for winning)
|raw|Freereyssplcup's rating: 1513 &rarr; <strong>1485</strong><br />(-28 for losing)
|l|☆Freereyssplcup
|player|p2|
|c|☆Biscuitcity|ggs wp
