|j|☆DRAGONKING JASON2
|j|☆Celecremie
|player|p1|DRAGONKING JASON2|lucas|1394
|player|p2|Celecremie|marshal|1435
|teamsize|p1|6
|teamsize|p2|6
|gametype|singles
|gen|5
|tier|[Gen 5] OU
|rated|
|clearpoke
|poke|p1|Rotom-Wash|item
|poke|p1|Reuniclus, F|item
|poke|p1|Ferrothorn, F|item
|poke|p1|Latios, M|item
|poke|p1|Tyranitar, F|item
|poke|p1|Landorus-Therian, M|item
|poke|p2|Bronzong|item
|poke|p2|Magnezone|item
|poke|p2|Gliscor, M|item
|poke|p2|Keldeo|item
|poke|p2|Amoonguss, M|item
|poke|p2|Tyranitar, F|item
|rule|Species Clause: Limit one of each Pokémon
|rule|OHKO Clause: OHKO moves are banned
|rule|Moody Clause: Moody is banned
|rule|Evasion Moves Clause: Evasion moves are banned
|rule|Endless Battle Clause: Forcing endless battles is banned
|rule|HP Percentage Mod: HP is shown in percentages
|rule|Evasion Abilities Clause: Evasion abilities are banned
|rule|Baton Pass Clause: Limit one Baton Passer, can't pass Spe and other stats simultaneously
|rule|Sleep Clause: Sleep-inducing moves are banned
|rule|Swagger Clause: Swagger is banned
|teampreview
|inactive|Battle timer is ON: inactive players will automatically lose when time's up. (requested by Celecremie)
|
|start
|switch|p1a: Ferrothorn|Ferrothorn, F|100/100
|switch|p2a: Amoonguss|Amoonguss, M|100/100
|turn|1
|
|switch|p2a: Magnezone|Magnezone|100/100
|switch|p1a: Tyranitar|Tyranitar, F|100/100
|-weather|Sandstorm|[from] ability: Sand Stream|[of] p1a: Tyranitar
|
|-weather|Sandstorm|[upkeep]
|upkeep
|turn|2
|
|switch|p2a: Gliscor|Gliscor, M|100/100
|move|p1a: Tyranitar|Stealth Rock|p2a: Gliscor
|-sidestart|p2: Celecremie|move: Stealth Rock
|
|-weather|Sandstorm|[upkeep]
|-status|p2a: Gliscor|tox|[from] item: Toxic Orb
|upkeep
|turn|3
|
|switch|p1a: Ferrothorn|Ferrothorn, F|100/100
|move|p2a: Gliscor|Substitute|p2a: Gliscor
|-start|p2a: Gliscor|Substitute
|-damage|p2a: Gliscor|75/100 tox
|
|-weather|Sandstorm|[upkeep]
|-heal|p2a: Gliscor|88/100 tox|[from] ability: Poison Heal
|upkeep
|turn|4
|
|switch|p2a: Magnezone|Magnezone|100/100
|-damage|p2a: Magnezone|94/100|[from] Stealth Rock
|move|p1a: Ferrothorn|Spikes|p2a: Magnezone
|-sidestart|p2: Celecremie|Spikes
|
|-weather|Sandstorm|[upkeep]
|upkeep
|turn|5
|
|move|p2a: Magnezone|Hidden Power|p1a: Ferrothorn
|-supereffective|p1a: Ferrothorn
|-damage|p1a: Ferrothorn|0 fnt
|faint|p1a: Ferrothorn
|
|-weather|Sandstorm|[upkeep]
|upkeep
|
|switch|p1a: Latios|Latios, M|100/100
|turn|6
|
|switch|p2a: Bronzong|Bronzong|100/100
|-damage|p2a: Bronzong|94/100|[from] Stealth Rock
|move|p1a: Latios|Surf|p2a: Bronzong
|-damage|p2a: Bronzong|60/100
|
|-weather|Sandstorm|[upkeep]
|-damage|p1a: Latios|95/100|[from] Sandstorm
|-heal|p2a: Bronzong|66/100|[from] item: Leftovers
|upkeep
|turn|7
|
|move|p1a: Latios|Surf|p2a: Bronzong
|-damage|p2a: Bronzong|30/100
|move|p2a: Bronzong|Toxic|p1a: Latios|[miss]
|-miss|p2a: Bronzong|p1a: Latios
|
|-weather|Sandstorm|[upkeep]
|-damage|p1a: Latios|89/100|[from] Sandstorm
|-heal|p2a: Bronzong|36/100|[from] item: Leftovers
|upkeep
|turn|8
|
|switch|p1a: Reuniclus|Reuniclus, F|100/100
|move|p2a: Bronzong|Protect||[still]
|-fail|p2a: Bronzong
|
|-weather|Sandstorm|[upkeep]
|-heal|p2a: Bronzong|43/100|[from] item: Leftovers
|upkeep
|turn|9
|
|switch|p2a: Tyranitar|Tyranitar, F|100/100
|-damage|p2a: Tyranitar|88/100|[from] Spikes
|-damage|p2a: Tyranitar|76/100|[from] Stealth Rock
|move|p1a: Reuniclus|Calm Mind|p1a: Reuniclus
|-boost|p1a: Reuniclus|spa|1
|-boost|p1a: Reuniclus|spd|1
|
|-weather|Sandstorm|[upkeep]
|upkeep
|turn|10
|
|switch|p1a: Landorus|Landorus-Therian, M|100/100
|-ability|p1a: Landorus|Intimidate|boost
|-unboost|p2a: Tyranitar|atk|1
|move|p2a: Tyranitar|Crunch|p1a: Landorus
|-damage|p1a: Landorus|67/100
|
|-weather|Sandstorm|[upkeep]
|upkeep
|turn|11
|
|switch|p2a: Bronzong|Bronzong|43/100
|-damage|p2a: Bronzong|36/100|[from] Stealth Rock
|move|p1a: Landorus|U-turn|p2a: Bronzong
|-damage|p2a: Bronzong|16/100
|
|switch|p1a: Tyranitar|Tyranitar, F|100/100|[from]move: U-turn
|
|-weather|Sandstorm|[upkeep]
|-heal|p2a: Bronzong|22/100|[from] item: Leftovers
|upkeep
|turn|12
|
|move|p2a: Bronzong|Protect|p2a: Bronzong
|-singleturn|p2a: Bronzong|Protect
|move|p1a: Tyranitar|Fire Blast|p2a: Bronzong
|-activate|p2a: Bronzong|move: Protect
|
|-weather|Sandstorm|[upkeep]
|-heal|p2a: Bronzong|28/100|[from] item: Leftovers
|upkeep
|turn|13
|
|switch|p2a: Gliscor|Gliscor, M|88/100 tox
|-damage|p2a: Gliscor|75/100 tox|[from] Stealth Rock
|move|p1a: Tyranitar|Fire Blast|p2a: Gliscor
|-damage|p2a: Gliscor|44/100 tox
|
|-weather|Sandstorm|[upkeep]
|-heal|p2a: Gliscor|56/100 tox|[from] ability: Poison Heal
|upkeep
|turn|14
|
|switch|p1a: Reuniclus|Reuniclus, F|100/100
|move|p2a: Gliscor|Substitute|p2a: Gliscor
|-start|p2a: Gliscor|Substitute
|-damage|p2a: Gliscor|31/100 tox
|
|-weather|Sandstorm|[upkeep]
|-heal|p2a: Gliscor|44/100 tox|[from] ability: Poison Heal
|upkeep
|turn|15
|
|switch|p2a: Tyranitar|Tyranitar, F|76/100
|-damage|p2a: Tyranitar|63/100|[from] Spikes
|-damage|p2a: Tyranitar|51/100|[from] Stealth Rock
|move|p1a: Reuniclus|Calm Mind|p1a: Reuniclus
|-boost|p1a: Reuniclus|spa|1
|-boost|p1a: Reuniclus|spd|1
|
|-weather|Sandstorm|[upkeep]
|upkeep
|turn|16
|
|-activate|p1a: Reuniclus|move: Pursuit
|move|p2a: Tyranitar|Pursuit|p1a: Reuniclus|[from]Pursuit
|-supereffective|p1a: Reuniclus
|-damage|p1a: Reuniclus|45/100
|switch|p1a: Landorus|Landorus-Therian, M|67/100
|-ability|p1a: Landorus|Intimidate|boost
|-unboost|p2a: Tyranitar|atk|1
|
|-weather|Sandstorm|[upkeep]
|upkeep
|turn|17
|
|switch|p2a: Bronzong|Bronzong|28/100
|-damage|p2a: Bronzong|22/100|[from] Stealth Rock
|move|p1a: Landorus|U-turn|p2a: Bronzong
|-damage|p2a: Bronzong|0 fnt
|faint|p2a: Bronzong
|
|switch|p1a: Rotom|Rotom-Wash|100/100|[from]move: U-turn
|
|-weather|Sandstorm|[upkeep]
|-damage|p1a: Rotom|95/100|[from] Sandstorm
|-heal|p1a: Rotom|100/100|[from] item: Leftovers
|upkeep
|
|switch|p2a: Amoonguss|Amoonguss, M|100/100
|-damage|p2a: Amoonguss|88/100|[from] Stealth Rock
|-damage|p2a: Amoonguss|75/100|[from] Spikes
|turn|18
|
|move|p1a: Rotom|Volt Switch|p2a: Amoonguss
|-resisted|p2a: Amoonguss
|-damage|p2a: Amoonguss|65/100
|
|switch|p1a: Reuniclus|Reuniclus, F|45/100|[from]move: Volt Switch
|move|p2a: Amoonguss|Stun Spore|p1a: Reuniclus
|-status|p1a: Reuniclus|par
|
|-weather|Sandstorm|[upkeep]
|-damage|p2a: Amoonguss|59/100|[from] Sandstorm
|-heal|p2a: Amoonguss|65/100|[from] item: Black Sludge
|-heal|p1a: Reuniclus|51/100 par|[from] item: Leftovers
|upkeep
|turn|19
|
|switch|p2a: Magnezone|Magnezone|94/100
|-damage|p2a: Magnezone|88/100|[from] Stealth Rock
|-damage|p2a: Magnezone|76/100|[from] Spikes
|switch|p1a: Landorus|Landorus-Therian, M|67/100
|-ability|p1a: Landorus|Intimidate|boost
|-unboost|p2a: Magnezone|atk|1
|
|-weather|Sandstorm|[upkeep]
|upkeep
|turn|20
|
|move|p1a: Landorus|U-turn|p2a: Magnezone
|-resisted|p2a: Magnezone
|-damage|p2a: Magnezone|64/100
|
|switch|p1a: Rotom|Rotom-Wash|100/100|[from]move: U-turn
|move|p2a: Magnezone|Volt Switch|p1a: Rotom
|-damage|p1a: Rotom|53/100
|
|switch|p2a: Amoonguss|Amoonguss, M|98/100|[from]move: Volt Switch
|-damage|p2a: Amoonguss|86/100|[from] Spikes
|-damage|p2a: Amoonguss|73/100|[from] Stealth Rock
|
|-weather|Sandstorm|[upkeep]
|-damage|p1a: Rotom|47/100|[from] Sandstorm
|-damage|p2a: Amoonguss|67/100|[from] Sandstorm
|-heal|p1a: Rotom|53/100|[from] item: Leftovers
|-heal|p2a: Amoonguss|73/100|[from] item: Black Sludge
|upkeep
|turn|21
|
|move|p1a: Rotom|Will-O-Wisp|p2a: Amoonguss
|-status|p2a: Amoonguss|brn
|move|p2a: Amoonguss|Giga Drain|p1a: Rotom
|-supereffective|p1a: Rotom
|-damage|p1a: Rotom|15/100
|-heal|p2a: Amoonguss|87/100 brn|[from] drain|[of] p1a: Rotom
|
|-weather|Sandstorm|[upkeep]
|-damage|p1a: Rotom|9/100|[from] Sandstorm
|-damage|p2a: Amoonguss|80/100 brn|[from] Sandstorm
|-heal|p1a: Rotom|15/100|[from] item: Leftovers
|-heal|p2a: Amoonguss|87/100 brn|[from] item: Black Sludge
|-damage|p2a: Amoonguss|74/100 brn|[from] brn
|upkeep
|turn|22
|
|switch|p2a: Gliscor|Gliscor, M|44/100 tox
|-damage|p2a: Gliscor|31/100 tox|[from] Stealth Rock
|move|p1a: Rotom|Pain Split|p2a: Gliscor
|-sethp|p2a: Gliscor|22/100 tox|[from] move: Pain Split|[silent]
|-sethp|p1a: Rotom|25/100|[from] move: Pain Split
|
|-weather|Sandstorm|[upkeep]
|-damage|p1a: Rotom|19/100|[from] Sandstorm
|-heal|p1a: Rotom|25/100|[from] item: Leftovers
|-heal|p2a: Gliscor|34/100 tox|[from] ability: Poison Heal
|upkeep
|turn|23
|
|move|p2a: Gliscor|Substitute|p2a: Gliscor
|-start|p2a: Gliscor|Substitute
|-damage|p2a: Gliscor|9/100 tox
|move|p1a: Rotom|Hydro Pump|p2a: Gliscor
|-supereffective|p2a: Gliscor
|-end|p2a: Gliscor|Substitute
|
|-weather|Sandstorm|[upkeep]
|-damage|p1a: Rotom|19/100|[from] Sandstorm
|-heal|p1a: Rotom|25/100|[from] item: Leftovers
|-heal|p2a: Gliscor|22/100 tox|[from] ability: Poison Heal
|upkeep
|turn|24
|
|move|p2a: Gliscor|Protect|p2a: Gliscor
|-singleturn|p2a: Gliscor|Protect
|move|p1a: Rotom|Hydro Pump|p2a: Gliscor
|-activate|p2a: Gliscor|move: Protect
|
|-weather|Sandstorm|[upkeep]
|-damage|p1a: Rotom|19/100|[from] Sandstorm
|-heal|p1a: Rotom|25/100|[from] item: Leftovers
|-heal|p2a: Gliscor|34/100 tox|[from] ability: Poison Heal
|upkeep
|turn|25
|
|move|p2a: Gliscor|Substitute|p2a: Gliscor
|-start|p2a: Gliscor|Substitute
|-damage|p2a: Gliscor|9/100 tox
|move|p1a: Rotom|Hydro Pump|p2a: Gliscor
|-supereffective|p2a: Gliscor
|-crit|p2a: Gliscor
|-end|p2a: Gliscor|Substitute
|
|-weather|Sandstorm|[upkeep]
|-damage|p1a: Rotom|19/100|[from] Sandstorm
|-heal|p1a: Rotom|25/100|[from] item: Leftovers
|-heal|p2a: Gliscor|22/100 tox|[from] ability: Poison Heal
|upkeep
|turn|26
|
|switch|p1a: Latios|Latios, M|89/100
|move|p2a: Gliscor|Protect||[still]
|-fail|p2a: Gliscor
|
|-weather|Sandstorm|[upkeep]
|-damage|p1a: Latios|83/100|[from] Sandstorm
|-heal|p2a: Gliscor|34/100 tox|[from] ability: Poison Heal
|upkeep
|turn|27
|
|move|p2a: Gliscor|Protect|p2a: Gliscor
|-singleturn|p2a: Gliscor|Protect
|move|p1a: Latios|Dragon Pulse|p2a: Gliscor
|-activate|p2a: Gliscor|move: Protect
|
|-weather|Sandstorm|[upkeep]
|-damage|p1a: Latios|77/100|[from] Sandstorm
|-heal|p2a: Gliscor|47/100 tox|[from] ability: Poison Heal
|upkeep
|turn|28
|
|switch|p2a: Magnezone|Magnezone|64/100
|-damage|p2a: Magnezone|51/100|[from] Spikes
|-damage|p2a: Magnezone|45/100|[from] Stealth Rock
|move|p1a: Latios|Dragon Pulse|p2a: Magnezone
|-resisted|p2a: Magnezone
|-damage|p2a: Magnezone|1/100
|
|-weather|Sandstorm|[upkeep]
|-damage|p1a: Latios|71/100|[from] Sandstorm
|upkeep
|turn|29
|
|switch|p1a: Rotom|Rotom-Wash|25/100
|move|p2a: Magnezone|Flash Cannon|p1a: Rotom
|-resisted|p1a: Rotom
|-damage|p1a: Rotom|11/100
|
|-weather|Sandstorm|[upkeep]
|-damage|p1a: Rotom|5/100|[from] Sandstorm
|-heal|p1a: Rotom|11/100|[from] item: Leftovers
|upkeep
|turn|30
|
|move|p1a: Rotom|Volt Switch|p2a: Magnezone
|-resisted|p2a: Magnezone
|-damage|p2a: Magnezone|0 fnt
|faint|p2a: Magnezone
|
|switch|p1a: Landorus|Landorus-Therian, M|67/100|[from]move: Volt Switch
|
|-weather|Sandstorm|[upkeep]
|upkeep
|
|switch|p2a: Keldeo|Keldeo|100/100
|-damage|p2a: Keldeo|94/100|[from] Stealth Rock
|-damage|p2a: Keldeo|82/100|[from] Spikes
|turn|31
|
|switch|p1a: Rotom|Rotom-Wash|11/100
|move|p2a: Keldeo|Surf|p1a: Rotom
|-resisted|p1a: Rotom
|-damage|p1a: Rotom|0 fnt
|faint|p1a: Rotom
|
|-weather|Sandstorm|[upkeep]
|-damage|p2a: Keldeo|76/100|[from] Sandstorm
|upkeep
|
|switch|p1a: Latios|Latios, M|71/100
|turn|32
|
|move|p2a: Keldeo|Surf|p1a: Latios
|-resisted|p1a: Latios
|-damage|p1a: Latios|44/100
|move|p1a: Latios|Dragon Pulse|p2a: Keldeo
|-damage|p2a: Keldeo|0 fnt
|faint|p2a: Keldeo
|
|-weather|Sandstorm|[upkeep]
|-damage|p1a: Latios|38/100|[from] Sandstorm
|upkeep
|
|switch|p2a: Amoonguss|Amoonguss, M|100/100 brn
|-damage|p2a: Amoonguss|88/100 brn|[from] Stealth Rock
|-damage|p2a: Amoonguss|75/100 brn|[from] Spikes
|turn|33
|
|switch|p1a: Reuniclus|Reuniclus, F|51/100 par
|move|p2a: Amoonguss|Stun Spore|p1a: Reuniclus
|-fail|p1a: Reuniclus|par
|
|-weather|Sandstorm|[upkeep]
|-damage|p2a: Amoonguss|69/100 brn|[from] Sandstorm
|-heal|p2a: Amoonguss|75/100 brn|[from] item: Black Sludge
|-heal|p1a: Reuniclus|58/100 par|[from] item: Leftovers
|-damage|p2a: Amoonguss|63/100 brn|[from] brn
|upkeep
|turn|34
|-message|Celecremie forfeited.
|
|win|DRAGONKING JASON2
|l|☆Celecremie
|raw|DRAGONKING JASON2's rating: 1394 &rarr; <strong>1417</strong><br />(+23 for winning)
|raw|Celecremie's rating: 1435 &rarr; <strong>1413</strong><br />(-22 for losing)
