|join|PandaOrgy
|join|ahobowithanoboe
|player|p1|PandaOrgy|64
|player|p2|ahobowithanoboe|273
|gametype|singles
|gen|5
|tier|[Gen 5] OU
|rated
|rule|Evasion Abilities Clause: Evasion abilities are banned
|clearpoke
|poke|p1|Conkeldurr, F
|poke|p1|Hydreigon, F
|poke|p1|Scizor, M
|poke|p1|Jellicent, M
|poke|p1|Heatran, F
|poke|p1|Espeon, M
|poke|p2|Swampert, M, shiny
|poke|p2|Conkeldurr, M
|poke|p2|Latios, M, shiny
|poke|p2|Skarmory, F, shiny
|poke|p2|Espeon, F
|poke|p2|Salamence, M, shiny
|rule|Sleep Clause Mod: Limit one foe put to sleep
|rule|Species Clause: Limit one of each Pokemon
|rule|OHKO Clause: OHKO moves are banned
|rule|Moody Clause: Moody is banned
|rule|Evasion Moves Clause: Evasion moves are banned
|rule|Endless Battle Clause: Forcing endless battles is banned.
|rule|HP Percentage Mod: HP is reported as percentages
|teampreview
|
|start
|switch|p1a: Jellicent|Jellicent, M|404/404
|switch|p2a: F-22|Skarmory, F, shiny|334/334
|turn|1
|
|switch|p1a: Espeon|Espeon, M|334/334
|move|p2a: F-22|Taunt|p1a: Espeon
|move|p1a: Espeon|Taunt|p2a: F-22|[from]Magic Bounce
|-start|p2a: F-22|move: Taunt
|
|turn|2
|
|move|p1a: Espeon|Reflect|p1a: Espeon
|-sidestart|p1: PandaOrgy|Reflect
|move|p2a: F-22|Brave Bird|p1a: Espeon
|-damage|p1a: Espeon|275/334
|-damage|p2a: F-22|315/334|[from] recoil|[of] p1a: Espeon
|
|-heal|p2a: F-22|334/334|[from] item: Leftovers
|turn|3
|
|switch|p2a: HO HO|Latios, M, shiny|302/302
|move|p1a: Espeon|Hidden Power|p2a: HO HO
|-supereffective|p2a: HO HO
|-damage|p2a: HO HO|166/302
|
|turn|4
|
|switch|p1a: Jellicent|Jellicent, M|404/404
|move|p2a: HO HO|Dragon Pulse|p1a: Jellicent
|-damage|p1a: Jellicent|258/404
|-damage|p2a: HO HO|136/302|[from] item: Life Orb
|
|-heal|p1a: Jellicent|283/404|[from] item: Leftovers
|turn|5
|
|move|p2a: HO HO|Thunderbolt|p1a: Jellicent
|-supereffective|p1a: Jellicent
|-damage|p1a: Jellicent|72/404
|-damage|p2a: HO HO|106/302|[from] item: Life Orb
|move|p1a: Jellicent|Shadow Ball|p2a: HO HO
|-supereffective|p2a: HO HO
|-damage|p2a: HO HO|0 fnt
|faint|p2a: HO HO
|
|-heal|p1a: Jellicent|97/404|[from] item: Leftovers
|
|switch|p2a: Menced Meat|Salamence, M, shiny|331/331
|turn|6
|
|move|p2a: Menced Meat|Earthquake|p1a: Jellicent
|-damage|p1a: Jellicent|11/404
|move|p1a: Jellicent|Will-O-Wisp|p2a: Menced Meat|[miss]
|-miss|p1a: Jellicent|p2a: Menced Meat
|
|-heal|p1a: Jellicent|36/404|[from] item: Leftovers
|turn|7
|chat|PandaOrgy|fuck that
|chat|PandaOrgy|fuck thattt
|
|switch|p1a: Scizor|Scizor, M|344/344
|move|p2a: Menced Meat|Earthquake|p1a: Scizor
|-damage|p1a: Scizor|282/344
|
|turn|8
|
|move|p2a: Menced Meat|Flamethrower|p1a: Scizor
|-supereffective|p1a: Scizor
|-damage|p1a: Scizor|0 fnt
|faint|p1a: Scizor
|-boost|p2a: Menced Meat|atk|1|[from] ability: Moxie
|
|chat|PandaOrgy|gg
|chat|PandaOrgy|cuz of miss
|chat|ahobowithanoboe|lum berry anyway
|
|switch|p1a: Espeon|Espeon, M|275/334
|turn|9
|chat|PandaOrgy|oh
|
|move|p2a: Menced Meat|Dragon Dance|p2a: Menced Meat
|-boost|p2a: Menced Meat|atk|1
|-boost|p2a: Menced Meat|spe|1
|move|p1a: Espeon|Hidden Power|p2a: Menced Meat
|-supereffective|p2a: Menced Meat
|-damage|p2a: Menced Meat|11/331
|
|-sideend|p1: PandaOrgy|Reflect
|turn|10
|chat|ahobowithanoboe|lol
|chat|PandaOrgy|ah nvm
|chat|PandaOrgy|should have killed tho
|chat|ahobowithanoboe|gotta get them rocks up
|chat|PandaOrgy|mm
|
|switch|p1a: Jellicent|Jellicent, M|36/404
|move|p2a: Menced Meat|Earthquake|p1a: Jellicent
|-damage|p1a: Jellicent|0 fnt
|faint|p1a: Jellicent
|-boost|p2a: Menced Meat|atk|1|[from] ability: Moxie
|
|
|switch|p1a: Conkeldurr|Conkeldurr, F|404/404
|turn|11
|
|switch|p2a: Psychic PUSSAY|Espeon, F|272/272
|move|p1a: Conkeldurr|Mach Punch|p2a: Psychic PUSSAY
|-resisted|p2a: Psychic PUSSAY
|-damage|p2a: Psychic PUSSAY|197/272
|
|turn|12
|
|move|p2a: Psychic PUSSAY|Signal Beam|p1a: Conkeldurr
|-resisted|p1a: Conkeldurr
|-damage|p1a: Conkeldurr|343/404
|move|p1a: Conkeldurr|Substitute|p1a: Conkeldurr
|-start|p1a: Conkeldurr|Substitute
|-damage|p1a: Conkeldurr|242/404
|
|-heal|p1a: Conkeldurr|267/404|[from] item: Leftovers
|turn|13
|chat|PandaOrgy|mmm
|
|switch|p2a: F-22|Skarmory, F, shiny|334/334
|move|p1a: Conkeldurr|Payback|p2a: F-22
|-resisted|p2a: F-22
|-damage|p2a: F-22|307/334
|
|-heal|p2a: F-22|327/334|[from] item: Leftovers
|-heal|p1a: Conkeldurr|292/404|[from] item: Leftovers
|turn|14
|
|switch|p1a: Espeon|Espeon, M|275/334
|move|p2a: F-22|Brave Bird|p1a: Espeon
|-crit|p1a: Espeon
|-damage|p1a: Espeon|11/334
|-damage|p2a: F-22|240/334|[from] recoil|[of] p1a: Espeon
|
|-heal|p2a: F-22|260/334|[from] item: Leftovers
|turn|15
|chat|PandaOrgy|:s
|
|switch|p1a: Heatran|Heatran, F|386/386
|move|p2a: F-22|Brave Bird|p1a: Heatran
|-resisted|p1a: Heatran
|-damage|p1a: Heatran|346/386
|-damage|p2a: F-22|247/334|[from] recoil|[of] p1a: Heatran
|
|-heal|p1a: Heatran|370/386|[from] item: Leftovers
|-heal|p2a: F-22|267/334|[from] item: Leftovers
|turn|16
|chat|PandaOrgy|jesus
|
|switch|p2a: Purp Burp|Swampert, M, shiny|404/404
|move|p1a: Heatran|Lava Plume|p2a: Purp Burp
|-resisted|p2a: Purp Burp
|-damage|p2a: Purp Burp|338/404
|-status|p2a: Purp Burp|brn
|
|-heal|p1a: Heatran|386/386|[from] item: Leftovers
|-heal|p2a: Purp Burp|363/404 brn|[from] item: Leftovers
|-damage|p2a: Purp Burp|313/404 brn|[from] brn
|turn|17
|
|switch|p1a: Hydreigon|Hydreigon, F|325/325
|move|p2a: Purp Burp|Ice Punch|p1a: Hydreigon
|-supereffective|p1a: Hydreigon
|-damage|p1a: Hydreigon|243/325
|
|-heal|p2a: Purp Burp|338/404 brn|[from] item: Leftovers
|-damage|p2a: Purp Burp|288/404 brn|[from] brn
|turn|18
|
|move|p1a: Hydreigon|Fire Blast|p2a: Purp Burp
|-resisted|p2a: Purp Burp
|-damage|p2a: Purp Burp|212/404 brn
|move|p2a: Purp Burp|Toxic|p1a: Hydreigon
|-status|p1a: Hydreigon|tox
|
|-heal|p2a: Purp Burp|237/404 brn|[from] item: Leftovers
|-damage|p1a: Hydreigon|223/325 tox|[from] psn
|-damage|p2a: Purp Burp|187/404 brn|[from] brn
|turn|19
|chat|PandaOrgy|):
|
|move|p1a: Hydreigon|Draco Meteor|p2a: Purp Burp
|-damage|p2a: Purp Burp|0 fnt
|-unboost|p1a: Hydreigon|spa|2
|faint|p2a: Purp Burp
|
|-damage|p1a: Hydreigon|183/325 tox|[from] psn
|
|switch|p2a: HURR DURRR|Conkeldurr, M|414/414
|turn|20
|
|move|p1a: Hydreigon|Draco Meteor|p2a: HURR DURRR
|-damage|p2a: HURR DURRR|248/414
|-unboost|p1a: Hydreigon|spa|2
|move|p2a: HURR DURRR|Drain Punch|p1a: Hydreigon
|-supereffective|p1a: Hydreigon
|-damage|p1a: Hydreigon|0 fnt
|-heal|p2a: HURR DURRR|340/414|[from] drain|[of] p1a: Hydreigon
|faint|p1a: Hydreigon
|
|-status|p2a: HURR DURRR|brn|[from] item: Flame Orb
|
|switch|p1a: Espeon|Espeon, M|11/334
|turn|21
|
|move|p2a: HURR DURRR|Mach Punch|p1a: Espeon
|-resisted|p1a: Espeon
|-damage|p1a: Espeon|0 fnt
|faint|p1a: Espeon
|
|-damage|p2a: HURR DURRR|289/414 brn|[from] brn
|chat|ahobowithanoboe|gg
|
|switch|p1a: Conkeldurr|Conkeldurr, F|292/404
|turn|22
|chat|PandaOrgy|yeah
|
|move|p1a: Conkeldurr|Substitute|p1a: Conkeldurr
|-start|p1a: Conkeldurr|Substitute
|-damage|p1a: Conkeldurr|191/404
|move|p2a: HURR DURRR|Drain Punch|p1a: Conkeldurr
|-end|p1a: Conkeldurr|Substitute
|-heal|p2a: HURR DURRR|340/414 brn|[from] drain|[of] p1a: Conkeldurr
|
|-heal|p1a: Conkeldurr|216/404|[from] item: Leftovers
|-damage|p2a: HURR DURRR|289/414 brn|[from] brn
|turn|23
|
|move|p1a: Conkeldurr|Mach Punch|p2a: HURR DURRR
|-damage|p2a: HURR DURRR|181/414 brn
|move|p2a: HURR DURRR|Mach Punch|p1a: Conkeldurr
|-damage|p1a: Conkeldurr|81/404
|
|-heal|p1a: Conkeldurr|106/404|[from] item: Leftovers
|-damage|p2a: HURR DURRR|130/414 brn|[from] brn
|turn|24
|
|switch|p1a: Heatran|Heatran, F|386/386
|move|p2a: HURR DURRR|Mach Punch|p1a: Heatran
|-supereffective|p1a: Heatran
|-damage|p1a: Heatran|216/386
|
|-heal|p1a: Heatran|240/386|[from] item: Leftovers
|-damage|p2a: HURR DURRR|79/414 brn|[from] brn
|turn|25
|
|move|p1a: Heatran|Protect|p1a: Heatran
|-singleturn|p1a: Heatran|Protect
|move|p2a: HURR DURRR|Mach Punch|p1a: Heatran
|-activate|p1a: Heatran|Protect
|
|-heal|p1a: Heatran|264/386|[from] item: Leftovers
|-damage|p2a: HURR DURRR|28/414 brn|[from] brn
|turn|26
|
|move|p2a: HURR DURRR|Mach Punch|p1a: Heatran
|-supereffective|p1a: Heatran
|-damage|p1a: Heatran|96/386
|move|p1a: Heatran|Stealth Rock|p2a: HURR DURRR
|-sidestart|p2: ahobowithanoboe|move: Stealth Rock
|
|-heal|p1a: Heatran|120/386|[from] item: Leftovers
|-damage|p2a: HURR DURRR|0 fnt|[from] brn
|faint|p2a: HURR DURRR
|
|switch|p2a: Menced Meat|Salamence, M, shiny|11/331
|-damage|p2a: Menced Meat|0 fnt|[from] Stealth Rock
|faint|p2a: Menced Meat
|
|switch|p2a: Psychic PUSSAY|Espeon, F|197/272
|-damage|p2a: Psychic PUSSAY|163/272|[from] Stealth Rock
|turn|27
|
|move|p2a: Psychic PUSSAY|Psychic|p1a: Heatran
|-resisted|p1a: Heatran
|-damage|p1a: Heatran|33/386
|move|p1a: Heatran|Toxic|p2a: Psychic PUSSAY
|move|p2a: Psychic PUSSAY|Toxic|p1a: Heatran|[from]Magic Bounce
|-fail|p1a: Heatran
|
|-heal|p1a: Heatran|57/386|[from] item: Leftovers
|turn|28
|chat|PandaOrgy|NO
|chat|PandaOrgy|I CANCELED
|chat|PandaOrgy|OMG
|chat|PandaOrgy|NO
|chat|PandaOrgy|NO
|chat|PandaOrgy|NO
|chat|PandaOrgy|NO
|chat|ahobowithanoboe|LOL
|chat|PandaOrgy|I FUCKin
|chat|PandaOrgy|DID IT
|chat|PandaOrgy|THEN REALIZED
|chat|PandaOrgy|OMG
|chat|PandaOrgy|BULLSHITTTT
|chat|ahobowithanoboe|u had it in the bag
|chat|PandaOrgy|AHHH
|chat|PandaOrgy|I KNOW
|chat|PandaOrgy|FUCK
|chat|PandaOrgy|THIS
|chat|PandaOrgy|GAME
|
|move|p1a: Heatran|Protect|p1a: Heatran
|-singleturn|p1a: Heatran|Protect
|move|p2a: Psychic PUSSAY|Psychic|p1a: Heatran
|-activate|p1a: Heatran|Protect
|
|-heal|p1a: Heatran|81/386|[from] item: Leftovers
|turn|29
|chat|PandaOrgy|GIVE ME HAX
|chat|PandaOrgy|GOD DAMN
|
|move|p1a: Heatran|Protect|p1a: Heatran
|-fail|p1a: Heatran
|move|p2a: Psychic PUSSAY|Psychic|p1a: Heatran
|-resisted|p1a: Heatran
|-damage|p1a: Heatran|0 fnt
|faint|p1a: Heatran
|
|chat|PandaOrgy|DAMN
|chat|ahobowithanoboe|gg
|chat|PandaOrgy|FUCKING
|chat|PandaOrgy|IT
|
|switch|p1a: Conkeldurr|Conkeldurr, F|106/404
|turn|30
|chat|PandaOrgy|CRIT
|chat|PandaOrgy|2X
|
|move|p1a: Conkeldurr|Mach Punch|p2a: Psychic PUSSAY
|-resisted|p2a: Psychic PUSSAY
|-damage|p2a: Psychic PUSSAY|94/272
|move|p2a: Psychic PUSSAY|Psychic|p1a: Conkeldurr
|-supereffective|p1a: Conkeldurr
|-damage|p1a: Conkeldurr|0 fnt
|faint|p1a: Conkeldurr
|
|win|ahobowithanoboe
|raw|Ladder updating...
|raw|PandaOrgy's rating: 1364 &rarr; <strong>1344</strong><br />(-20 for losing)
|raw|ahobowithanoboe's rating: 1364 &rarr; <strong>1384</strong><br />(+20 for winning)
|chat|PandaOrgy|i hate
|chat|PandaOrgy|this
|chat|PandaOrgy|game