|j|☆Himbus
|j|☆ghosted by brizz
|t:|1739554148
|gametype|singles
|player|p1|Himbus|miku-ground|1303
|player|p2|ghosted by brizz|nessa|1472
|teamsize|p1|6
|teamsize|p2|6
|gen|5
|tier|[Gen 5] OU
|rated|
|rule|Species Clause: Limit one of each Pokémon
|rule|OHKO Clause: OHKO moves are banned
|rule|Moody Clause: Moody is banned
|rule|Evasion Items Clause: Evasion items are banned
|rule|Evasion Moves Clause: Evasion moves are banned
|rule|Endless Battle Clause: Forcing endless battles is banned
|rule|HP Percentage Mod: HP is shown in percentages
|rule|Evasion Abilities Clause: Evasion abilities are banned
|rule|Sleep Moves Clause: Sleep-inducing moves are banned
|rule|Swagger Clause: Swagger is banned
|rule|Baton Pass Stat Clause: No Baton Passer may have a way to boost its stats
|clearpoke
|poke|p1|Hippowdon, F|item
|poke|p1|Excadrill, M|item
|poke|p1|Nidoking, M|item
|poke|p1|Gastrodon, F|item
|poke|p1|Flygon, M|item
|poke|p1|Garchomp, F|item
|poke|p2|Meloetta|item
|poke|p2|Donphan, F|item
|poke|p2|Umbreon, M|item
|poke|p2|Heatran, M|item
|poke|p2|Cresselia, F|item
|poke|p2|Machamp, F|item
|teampreview
|inactive|Battle timer is ON: inactive players will automatically lose when time's up. (requested by ghosted by brizz)
|
|t:|1739554167
|start
|switch|p1a: Big Bertha|Hippowdon, F|100/100
|switch|p2a: Donphan|Donphan, F|100/100
|-weather|Sandstorm|[from] ability: Sand Stream|[of] p1a: Big Bertha
|turn|1
|
|t:|1739554173
|move|p2a: Donphan|Stealth Rock|p1a: Big Bertha
|-sidestart|p1: Himbus|move: Stealth Rock
|move|p1a: Big Bertha|Stealth Rock|p2a: Donphan
|-sidestart|p2: ghosted by brizz|move: Stealth Rock
|
|-weather|Sandstorm|[upkeep]
|upkeep
|turn|2
|
|t:|1739554182
|move|p2a: Donphan|Rapid Spin|p1a: Big Bertha
|-damage|p1a: Big Bertha|97/100
|-sideend|p2: ghosted by brizz|Stealth Rock|[from] move: Rapid Spin|[of] p2a: Donphan
|-enditem|p1a: Big Bertha|Red Card|[of] p2a: Donphan
|drag|p2a: Cresselia|Cresselia, F|100/100
|move|p1a: Big Bertha|Whirlwind|p2a: Cresselia
|drag|p2a: Olive|Machamp, F, shiny|100/100
|
|-weather|Sandstorm|[upkeep]
|-damage|p2a: Olive|94/100|[from] Sandstorm
|-heal|p2a: Olive|100/100|[from] item: Leftovers
|upkeep
|turn|3
|
|t:|1739554197
|move|p2a: Olive|Dynamic Punch|p1a: Big Bertha
|-damage|p1a: Big Bertha|68/100
|-start|p1a: Big Bertha|confusion
|-activate|p1a: Big Bertha|confusion
|move|p1a: Big Bertha|Stealth Rock|p2a: Olive
|-sidestart|p2: ghosted by brizz|move: Stealth Rock
|
|-weather|Sandstorm|[upkeep]
|-damage|p2a: Olive|94/100|[from] Sandstorm
|-heal|p2a: Olive|100/100|[from] item: Leftovers
|upkeep
|turn|4
|
|t:|1739554204
|move|p2a: Olive|Ice Punch|p1a: Big Bertha
|-supereffective|p1a: Big Bertha
|-crit|p1a: Big Bertha
|-damage|p1a: Big Bertha|9/100
|-end|p1a: Big Bertha|confusion
|move|p1a: Big Bertha|Whirlwind|p2a: Olive
|drag|p2a: Umbreon|Umbreon, M|100/100
|-damage|p2a: Umbreon|88/100|[from] Stealth Rock
|
|-weather|Sandstorm|[upkeep]
|-damage|p2a: Umbreon|82/100|[from] Sandstorm
|-heal|p2a: Umbreon|88/100|[from] item: Leftovers
|upkeep
|turn|5
|
|t:|1739554212
|switch|p2a: Donphan|Donphan, F|100/100
|-damage|p2a: Donphan|94/100|[from] Stealth Rock
|move|p1a: Big Bertha|Slack Off|p1a: Big Bertha
|-heal|p1a: Big Bertha|59/100
|
|-weather|Sandstorm|[upkeep]
|-heal|p2a: Donphan|100/100|[from] item: Leftovers
|upkeep
|turn|6
|
|t:|1739554215
|move|p2a: Donphan|Rapid Spin|p1a: Big Bertha
|-damage|p1a: Big Bertha|55/100
|-sideend|p2: ghosted by brizz|Stealth Rock|[from] move: Rapid Spin|[of] p2a: Donphan
|move|p1a: Big Bertha|Slack Off|p1a: Big Bertha
|-heal|p1a: Big Bertha|100/100
|
|-weather|Sandstorm|[upkeep]
|upkeep
|turn|7
|
|t:|1739554220
|move|p2a: Donphan|Earthquake|p1a: Big Bertha
|-damage|p1a: Big Bertha|80/100
|move|p1a: Big Bertha|Earthquake|p2a: Donphan
|-damage|p2a: Donphan|81/100
|
|-weather|Sandstorm|[upkeep]
|-heal|p2a: Donphan|87/100|[from] item: Leftovers
|upkeep
|turn|8
|
|t:|1739554236
|move|p2a: Donphan|Earthquake|p1a: Big Bertha
|-damage|p1a: Big Bertha|58/100
|move|p1a: Big Bertha|Whirlwind|p2a: Donphan
|drag|p2a: Olive|Machamp, F, shiny|100/100
|
|-weather|Sandstorm|[upkeep]
|-damage|p2a: Olive|94/100|[from] Sandstorm
|-heal|p2a: Olive|100/100|[from] item: Leftovers
|upkeep
|turn|9
|
|t:|1739554241
|move|p2a: Olive|Dynamic Punch|p1a: Big Bertha
|-damage|p1a: Big Bertha|27/100
|-start|p1a: Big Bertha|confusion
|-activate|p1a: Big Bertha|confusion
|-damage|p1a: Big Bertha|21/100|[from] confusion
|
|-weather|Sandstorm|[upkeep]
|-damage|p2a: Olive|94/100|[from] Sandstorm
|-heal|p2a: Olive|100/100|[from] item: Leftovers
|upkeep
|turn|10
|
|t:|1739554264
|move|p2a: Olive|Dynamic Punch|p1a: Big Bertha
|-damage|p1a: Big Bertha|0 fnt
|faint|p1a: Big Bertha
|
|-weather|Sandstorm|[upkeep]
|-damage|p2a: Olive|94/100|[from] Sandstorm
|-heal|p2a: Olive|100/100|[from] item: Leftovers
|upkeep
|
|t:|1739554270
|switch|p1a: Yoshi|Flygon, M, shiny|100/100
|-damage|p1a: Yoshi|95/100|[from] Stealth Rock
|turn|11
|
|t:|1739554280
|move|p1a: Yoshi|Draco Meteor|p2a: Olive
|-crit|p2a: Olive
|-damage|p2a: Olive|0 fnt
|-unboost|p1a: Yoshi|spa|2
|faint|p2a: Olive
|
|-weather|Sandstorm|[upkeep]
|upkeep
|inactive|ghosted by brizz has 120 seconds left.
|
|t:|1739554322
|switch|p2a: Cresselia|Cresselia, F|100/100
|turn|12
|
|t:|1739554340
|switch|p1a: GURREN LAGGAN|Excadrill, M, shiny|100/100
|-damage|p1a: GURREN LAGGAN|97/100|[from] Stealth Rock
|move|p2a: Cresselia|Ice Beam|p1a: GURREN LAGGAN
|-damage|p1a: GURREN LAGGAN|73/100
|
|-weather|Sandstorm|[upkeep]
|-damage|p2a: Cresselia|94/100|[from] Sandstorm
|upkeep
|turn|13
|
|t:|1739554347
|move|p1a: GURREN LAGGAN|Iron Head|p2a: Cresselia
|-damage|p2a: Cresselia|65/100
|-damage|p1a: GURREN LAGGAN|57/100|[from] item: Rocky Helmet|[of] p2a: Cresselia
|move|p2a: Cresselia|Ice Beam|p1a: GURREN LAGGAN
|-damage|p1a: GURREN LAGGAN|35/100
|
|-weather|Sandstorm|[upkeep]
|-damage|p2a: Cresselia|59/100|[from] Sandstorm
|upkeep
|turn|14
|inactive|ghosted by brizz has 120 seconds left.
|
|t:|1739554362
|switch|p2a: Heatran|Heatran, M|100/100
|move|p1a: GURREN LAGGAN|Iron Head|p2a: Heatran
|-resisted|p2a: Heatran
|-damage|p2a: Heatran|85/100
|
|-weather|Sandstorm|[upkeep]
|-heal|p2a: Heatran|91/100|[from] item: Leftovers
|upkeep
|turn|15
|
|t:|1739554369
|switch|p1a: Thanos|Nidoking, M|100/100
|-damage|p1a: Thanos|95/100|[from] Stealth Rock
|move|p2a: Heatran|Sunny Day|p2a: Heatran
|-weather|SunnyDay
|
|-weather|SunnyDay|[upkeep]
|-heal|p2a: Heatran|97/100|[from] item: Leftovers
|upkeep
|turn|16
|
|t:|1739554376
|switch|p2a: Umbreon|Umbreon, M|88/100
|move|p1a: Thanos|Earth Power|p2a: Umbreon
|-damage|p2a: Umbreon|58/100
|
|-weather|SunnyDay|[upkeep]
|-heal|p2a: Umbreon|64/100|[from] item: Leftovers
|upkeep
|turn|17
|
|t:|1739554383
|switch|p1a: Ryuko|Garchomp, F|100/100
|-damage|p1a: Ryuko|94/100|[from] Stealth Rock
|move|p2a: Umbreon|Wish|p2a: Umbreon
|
|-weather|SunnyDay|[upkeep]
|-heal|p2a: Umbreon|71/100|[from] item: Leftovers
|upkeep
|turn|18
|
|t:|1739554390
|switch|p2a: Cresselia|Cresselia, F|59/100
|move|p1a: Ryuko|Outrage|p2a: Cresselia
|-damage|p2a: Cresselia|25/100
|-damage|p1a: Ryuko|78/100|[from] item: Rocky Helmet|[of] p2a: Cresselia
|
|-weather|SunnyDay|[upkeep]
|-heal|p2a: Cresselia|69/100|[from] move: Wish|[wisher] Umbreon
|upkeep
|turn|19
|
|t:|1739554397
|move|p1a: Ryuko|Outrage|p2a: Cresselia|[from] lockedmove
|-crit|p2a: Cresselia
|-damage|p2a: Cresselia|7/100
|-damage|p1a: Ryuko|61/100|[from] item: Rocky Helmet|[of] p2a: Cresselia
|move|p2a: Cresselia|Ice Beam|p1a: Ryuko
|-supereffective|p1a: Ryuko
|-damage|p1a: Ryuko|0 fnt
|faint|p1a: Ryuko
|
|-weather|none
|upkeep
|
|t:|1739554407
|switch|p1a: Thanos|Nidoking, M|95/100
|-damage|p1a: Thanos|89/100|[from] Stealth Rock
|turn|20
|
|t:|1739554414
|switch|p2a: Umbreon|Umbreon, M|71/100
|move|p1a: Thanos|Sludge Wave|p2a: Umbreon
|-damage|p2a: Umbreon|39/100
|
|-heal|p2a: Umbreon|45/100|[from] item: Leftovers
|upkeep
|turn|21
|
|t:|1739554418
|move|p1a: Thanos|Sludge Wave|p2a: Umbreon
|-damage|p2a: Umbreon|13/100
|move|p2a: Umbreon|Wish|p2a: Umbreon
|
|-heal|p2a: Umbreon|19/100|[from] item: Leftovers
|upkeep
|turn|22
|
|t:|1739554422
|move|p2a: Umbreon|Protect|p2a: Umbreon
|-singleturn|p2a: Umbreon|Protect
|move|p1a: Thanos|Sludge Wave|p2a: Umbreon
|-activate|p2a: Umbreon|move: Protect
|
|-heal|p2a: Umbreon|69/100|[from] move: Wish|[wisher] Umbreon
|-heal|p2a: Umbreon|75/100|[from] item: Leftovers
|upkeep
|turn|23
|
|t:|1739554427
|move|p1a: Thanos|Sludge Wave|p2a: Umbreon
|-damage|p2a: Umbreon|41/100
|move|p2a: Umbreon|Wish|p2a: Umbreon
|
|-heal|p2a: Umbreon|47/100|[from] item: Leftovers
|upkeep
|turn|24
|
|t:|1739554429
|move|p2a: Umbreon|Protect|p2a: Umbreon
|-singleturn|p2a: Umbreon|Protect
|move|p1a: Thanos|Sludge Wave|p2a: Umbreon
|-activate|p2a: Umbreon|move: Protect
|
|-heal|p2a: Umbreon|97/100|[from] move: Wish|[wisher] Umbreon
|-heal|p2a: Umbreon|100/100|[from] item: Leftovers
|upkeep
|turn|25
|
|t:|1739554433
|move|p1a: Thanos|Sludge Wave|p2a: Umbreon
|-damage|p2a: Umbreon|68/100
|move|p2a: Umbreon|Wish|p2a: Umbreon
|
|-heal|p2a: Umbreon|74/100|[from] item: Leftovers
|upkeep
|turn|26
|
|t:|1739554441
|move|p1a: Thanos|Sludge Wave|p2a: Umbreon
|-damage|p2a: Umbreon|43/100
|move|p2a: Umbreon|Pursuit|p1a: Thanos
|-damage|p1a: Thanos|76/100
|
|-heal|p2a: Umbreon|93/100|[from] move: Wish|[wisher] Umbreon
|-heal|p2a: Umbreon|99/100|[from] item: Leftovers
|upkeep
|turn|27
|
|t:|1739554447
|move|p1a: Thanos|Earth Power|p2a: Umbreon
|-damage|p2a: Umbreon|67/100
|move|p2a: Umbreon|Wish|p2a: Umbreon
|
|-heal|p2a: Umbreon|73/100|[from] item: Leftovers
|upkeep
|turn|28
|
|t:|1739554465
|move|p1a: Thanos|Thunderbolt|p2a: Umbreon
|-damage|p2a: Umbreon|49/100
|move|p2a: Umbreon|Pursuit|p1a: Thanos
|-damage|p1a: Thanos|62/100
|
|-heal|p2a: Umbreon|99/100|[from] move: Wish|[wisher] Umbreon
|-heal|p2a: Umbreon|100/100|[from] item: Leftovers
|upkeep
|turn|29
|
|t:|1739554472
|move|p1a: Thanos|Earth Power|p2a: Umbreon
|-damage|p2a: Umbreon|70/100
|move|p2a: Umbreon|Wish|p2a: Umbreon
|
|-heal|p2a: Umbreon|76/100|[from] item: Leftovers
|upkeep
|turn|30
|
|t:|1739554478
|move|p1a: Thanos|Earth Power|p2a: Umbreon
|-damage|p2a: Umbreon|42/100
|move|p2a: Umbreon|Pursuit|p1a: Thanos
|-damage|p1a: Thanos|49/100
|
|-heal|p2a: Umbreon|92/100|[from] move: Wish|[wisher] Umbreon
|-heal|p2a: Umbreon|98/100|[from] item: Leftovers
|upkeep
|turn|31
|
|t:|1739554488
|move|p1a: Thanos|Sludge Wave|p2a: Umbreon
|-damage|p2a: Umbreon|65/100
|move|p2a: Umbreon|Wish|p2a: Umbreon
|
|-heal|p2a: Umbreon|71/100|[from] item: Leftovers
|upkeep
|turn|32
|
|t:|1739554492
|move|p1a: Thanos|Earth Power|p2a: Umbreon
|-damage|p2a: Umbreon|39/100
|move|p2a: Umbreon|Pursuit|p1a: Thanos
|-damage|p1a: Thanos|34/100
|
|-heal|p2a: Umbreon|89/100|[from] move: Wish|[wisher] Umbreon
|-heal|p2a: Umbreon|95/100|[from] item: Leftovers
|upkeep
|turn|33
|
|t:|1739554500
|move|p2a: Umbreon|Protect|p2a: Umbreon
|-singleturn|p2a: Umbreon|Protect
|move|p1a: Thanos|Sludge Wave|p2a: Umbreon
|-activate|p2a: Umbreon|move: Protect
|
|-heal|p2a: Umbreon|100/100|[from] item: Leftovers
|upkeep
|turn|34
|
|t:|1739554502
|move|p1a: Thanos|Sludge Wave|p2a: Umbreon
|-damage|p2a: Umbreon|69/100
|move|p2a: Umbreon|Wish|p2a: Umbreon
|
|-heal|p2a: Umbreon|75/100|[from] item: Leftovers
|upkeep
|turn|35
|
|t:|1739554507
|move|p1a: Thanos|Earth Power|p2a: Umbreon
|-damage|p2a: Umbreon|45/100
|move|p2a: Umbreon|Pursuit|p1a: Thanos
|-damage|p1a: Thanos|20/100
|
|-heal|p2a: Umbreon|95/100|[from] move: Wish|[wisher] Umbreon
|-heal|p2a: Umbreon|100/100|[from] item: Leftovers
|upkeep
|turn|36
|
|t:|1739554517
|move|p1a: Thanos|Sludge Wave|p2a: Umbreon
|-damage|p2a: Umbreon|68/100
|move|p2a: Umbreon|Wish|p2a: Umbreon
|
|-heal|p2a: Umbreon|74/100|[from] item: Leftovers
|upkeep
|turn|37
|
|t:|1739554523
|move|p1a: Thanos|Thunderbolt|p2a: Umbreon
|-damage|p2a: Umbreon|53/100
|move|p2a: Umbreon|Pursuit|p1a: Thanos
|-damage|p1a: Thanos|7/100
|
|-heal|p2a: Umbreon|100/100|[from] move: Wish|[wisher] Umbreon
|upkeep
|turn|38
|
|t:|1739554531
|move|p1a: Thanos|Earth Power|p2a: Umbreon
|-damage|p2a: Umbreon|72/100
|move|p2a: Umbreon|Wish|p2a: Umbreon
|
|-heal|p2a: Umbreon|78/100|[from] item: Leftovers
|upkeep
|turn|39
|
|t:|1739554536
|move|p1a: Thanos|Sludge Wave|p2a: Umbreon
|-damage|p2a: Umbreon|43/100
|move|p2a: Umbreon|Pursuit|p1a: Thanos
|-damage|p1a: Thanos|0 fnt
|faint|p1a: Thanos
|
|-heal|p2a: Umbreon|93/100|[from] move: Wish|[wisher] Umbreon
|-heal|p2a: Umbreon|99/100|[from] item: Leftovers
|upkeep
|
|t:|1739554540
|switch|p1a: GURREN LAGGAN|Excadrill, M, shiny|35/100
|-damage|p1a: GURREN LAGGAN|32/100|[from] Stealth Rock
|turn|40
|
|t:|1739554547
|switch|p2a: Cresselia|Cresselia, F|7/100
|move|p1a: GURREN LAGGAN|Earthquake|p2a: Cresselia
|-immune|p2a: Cresselia|[from] ability: Levitate
|
|upkeep
|turn|41
|
|t:|1739554555
|switch|p1a: Goober|Gastrodon, F, shiny|100/100
|-damage|p1a: Goober|94/100|[from] Stealth Rock
|move|p2a: Cresselia|Ice Beam|p1a: Goober
|-damage|p1a: Goober|79/100
|
|-heal|p1a: Goober|85/100|[from] item: Leftovers
|upkeep
|turn|42
|
|t:|1739554561
|switch|p2a: Umbreon|Umbreon, M|99/100
|move|p1a: Goober|Scald|p2a: Umbreon
|-damage|p2a: Umbreon|86/100
|
|-heal|p2a: Umbreon|92/100|[from] item: Leftovers
|-heal|p1a: Goober|91/100|[from] item: Leftovers
|upkeep
|turn|43
|
|t:|1739554570
|move|p2a: Umbreon|Pursuit|p1a: Goober
|-damage|p1a: Goober|84/100
|move|p1a: Goober|Earth Power|p2a: Umbreon
|-damage|p2a: Umbreon|76/100
|
|-heal|p2a: Umbreon|82/100|[from] item: Leftovers
|-heal|p1a: Goober|90/100|[from] item: Leftovers
|upkeep
|turn|44
|
|t:|1739554573
|move|p2a: Umbreon|Protect|p2a: Umbreon
|-singleturn|p2a: Umbreon|Protect
|move|p1a: Goober|Earth Power|p2a: Umbreon
|-activate|p2a: Umbreon|move: Protect
|
|-heal|p2a: Umbreon|88/100|[from] item: Leftovers
|-heal|p1a: Goober|96/100|[from] item: Leftovers
|upkeep
|turn|45
|
|t:|1739554579
|move|p2a: Umbreon|Pursuit|p1a: Goober
|-damage|p1a: Goober|88/100
|move|p1a: Goober|Earth Power|p2a: Umbreon
|-damage|p2a: Umbreon|73/100
|
|-heal|p2a: Umbreon|79/100|[from] item: Leftovers
|-heal|p1a: Goober|95/100|[from] item: Leftovers
|upkeep
|turn|46
|
|t:|1739554584
|move|p2a: Umbreon|Wish|p2a: Umbreon
|move|p1a: Goober|Earth Power|p2a: Umbreon
|-damage|p2a: Umbreon|64/100
|
|-heal|p2a: Umbreon|70/100|[from] item: Leftovers
|-heal|p1a: Goober|100/100|[from] item: Leftovers
|upkeep
|turn|47
|
|t:|1739554586
|move|p2a: Umbreon|Pursuit|p1a: Goober
|-damage|p1a: Goober|93/100
|move|p1a: Goober|Scald|p2a: Umbreon
|-damage|p2a: Umbreon|55/100
|
|-heal|p2a: Umbreon|100/100|[from] move: Wish|[wisher] Umbreon
|-heal|p1a: Goober|99/100|[from] item: Leftovers
|upkeep
|turn|48
|
|t:|1739554592
|move|p2a: Umbreon|Wish|p2a: Umbreon
|move|p1a: Goober|Earth Power|p2a: Umbreon
|-damage|p2a: Umbreon|87/100
|
|-heal|p2a: Umbreon|93/100|[from] item: Leftovers
|-heal|p1a: Goober|100/100|[from] item: Leftovers
|upkeep
|turn|49
|
|t:|1739554599
|move|p2a: Umbreon|Pursuit|p1a: Goober
|-damage|p1a: Goober|93/100
|move|p1a: Goober|Earth Power|p2a: Umbreon
|-damage|p2a: Umbreon|78/100
|-unboost|p2a: Umbreon|spd|1
|
|-heal|p2a: Umbreon|100/100|[from] move: Wish|[wisher] Umbreon
|-heal|p1a: Goober|99/100|[from] item: Leftovers
|upkeep
|turn|50
|
|t:|1739554604
|move|p2a: Umbreon|Wish|p2a: Umbreon
|move|p1a: Goober|Scald|p2a: Umbreon
|-damage|p2a: Umbreon|81/100
|
|-heal|p2a: Umbreon|87/100|[from] item: Leftovers
|-heal|p1a: Goober|100/100|[from] item: Leftovers
|upkeep
|turn|51
|
|t:|1739554606
|move|p2a: Umbreon|Pursuit|p1a: Goober
|-damage|p1a: Goober|93/100
|move|p1a: Goober|Earth Power|p2a: Umbreon
|-damage|p2a: Umbreon|65/100
|
|-heal|p2a: Umbreon|100/100|[from] move: Wish|[wisher] Umbreon
|-heal|p1a: Goober|99/100|[from] item: Leftovers
|upkeep
|turn|52
|
|t:|1739554611
|move|p2a: Umbreon|Wish|p2a: Umbreon
|move|p1a: Goober|Earth Power|p2a: Umbreon
|-damage|p2a: Umbreon|78/100
|-unboost|p2a: Umbreon|spd|1
|
|-heal|p2a: Umbreon|85/100|[from] item: Leftovers
|-heal|p1a: Goober|100/100|[from] item: Leftovers
|upkeep
|turn|53
|
|t:|1739554617
|move|p2a: Umbreon|Pursuit|p1a: Goober
|-damage|p1a: Goober|93/100
|move|p1a: Goober|Scald|p2a: Umbreon
|-damage|p2a: Umbreon|59/100
|
|-heal|p2a: Umbreon|100/100|[from] move: Wish|[wisher] Umbreon
|-heal|p1a: Goober|99/100|[from] item: Leftovers
|upkeep
|turn|54
|
|t:|1739554627
|move|p2a: Umbreon|Wish|p2a: Umbreon
|move|p1a: Goober|Earth Power|p2a: Umbreon
|-damage|p2a: Umbreon|68/100
|
|-heal|p2a: Umbreon|74/100|[from] item: Leftovers
|-heal|p1a: Goober|100/100|[from] item: Leftovers
|upkeep
|turn|55
|
|t:|1739554635
|switch|p2a: Cresselia|Cresselia, F|7/100
|move|p1a: Goober|Scald|p2a: Cresselia
|-damage|p2a: Cresselia|0 fnt
|faint|p2a: Cresselia
|
|upkeep
|
|t:|1739554643
|switch|p2a: Meloetta|Meloetta|100/100
|turn|56
|
|t:|1739554646
|switch|p1a: Yoshi|Flygon, M, shiny|95/100
|-damage|p1a: Yoshi|89/100|[from] Stealth Rock
|move|p2a: Meloetta|Relic Song|p1a: Yoshi
|-damage|p1a: Yoshi|46/100
|-status|p1a: Yoshi|slp|[from] move: Relic Song
|-formechange|p2a: Meloetta|Meloetta-Pirouette|[msg]
|
|upkeep
|turn|57
|
|t:|1739554654
|move|p2a: Meloetta|Ice Punch|p1a: Yoshi
|-supereffective|p1a: Yoshi
|-crit|p1a: Yoshi
|-damage|p1a: Yoshi|0 fnt
|faint|p1a: Yoshi
|
|upkeep
|
|t:|1739554662
|switch|p1a: GURREN LAGGAN|Excadrill, M, shiny|32/100
|-damage|p1a: GURREN LAGGAN|29/100|[from] Stealth Rock
|turn|58
|
|t:|1739554668
|switch|p2a: Donphan|Donphan, F|87/100
|move|p1a: GURREN LAGGAN|Earthquake|p2a: Donphan
|-damage|p2a: Donphan|51/100
|
|-heal|p2a: Donphan|57/100|[from] item: Leftovers
|upkeep
|turn|59
|
|t:|1739554670
|switch|p1a: Goober|Gastrodon, F, shiny|100/100
|-damage|p1a: Goober|94/100|[from] Stealth Rock
|move|p2a: Donphan|Earthquake|p1a: Goober
|-damage|p1a: Goober|65/100
|
|-heal|p2a: Donphan|64/100|[from] item: Leftovers
|-heal|p1a: Goober|71/100|[from] item: Leftovers
|upkeep
|turn|60
|
|t:|1739554673
|switch|p2a: Umbreon|Umbreon, M|74/100
|move|p1a: Goober|Scald|p2a: Umbreon
|-damage|p2a: Umbreon|60/100
|
|-heal|p2a: Umbreon|66/100|[from] item: Leftovers
|-heal|p1a: Goober|77/100|[from] item: Leftovers
|upkeep
|turn|61
|
|t:|1739554677
|move|p2a: Umbreon|Protect|p2a: Umbreon
|-singleturn|p2a: Umbreon|Protect
|move|p1a: Goober|Earth Power|p2a: Umbreon
|-activate|p2a: Umbreon|move: Protect
|
|-heal|p2a: Umbreon|72/100|[from] item: Leftovers
|-heal|p1a: Goober|83/100|[from] item: Leftovers
|upkeep
|turn|62
|
|t:|1739554685
|move|p2a: Umbreon|Pursuit|p1a: Goober
|-damage|p1a: Goober|75/100
|move|p1a: Goober|Recover|p1a: Goober
|-heal|p1a: Goober|100/100
|
|-heal|p2a: Umbreon|78/100|[from] item: Leftovers
|upkeep
|turn|63
|
|t:|1739554688
|move|p2a: Umbreon|Protect|p2a: Umbreon
|-singleturn|p2a: Umbreon|Protect
|move|p1a: Goober|Scald|p2a: Umbreon
|-activate|p2a: Umbreon|move: Protect
|
|-heal|p2a: Umbreon|84/100|[from] item: Leftovers
|upkeep
|turn|64
|
|t:|1739554690
|move|p2a: Umbreon|Pursuit|p1a: Goober
|-damage|p1a: Goober|93/100
|move|p1a: Goober|Scald|p2a: Umbreon
|-damage|p2a: Umbreon|71/100
|
|-heal|p2a: Umbreon|77/100|[from] item: Leftovers
|-heal|p1a: Goober|99/100|[from] item: Leftovers
|upkeep
|turn|65
|
|t:|1739554699
|move|p2a: Umbreon|Pursuit|p1a: Goober
|-damage|p1a: Goober|92/100
|move|p1a: Goober|Ice Beam|p2a: Umbreon
|-damage|p2a: Umbreon|67/100
|
|-heal|p2a: Umbreon|73/100|[from] item: Leftovers
|-heal|p1a: Goober|98/100|[from] item: Leftovers
|upkeep
|turn|66
|
|t:|1739554706
|move|p2a: Umbreon|Protect|p2a: Umbreon
|-singleturn|p2a: Umbreon|Protect
|move|p1a: Goober|Ice Beam|p2a: Umbreon
|-activate|p2a: Umbreon|move: Protect
|
|-heal|p2a: Umbreon|79/100|[from] item: Leftovers
|-heal|p1a: Goober|100/100|[from] item: Leftovers
|upkeep
|turn|67
|
|t:|1739554711
|move|p2a: Umbreon|Pursuit|p1a: Goober
|-damage|p1a: Goober|93/100
|move|p1a: Goober|Ice Beam|p2a: Umbreon
|-damage|p2a: Umbreon|67/100
|
|-heal|p2a: Umbreon|73/100|[from] item: Leftovers
|-heal|p1a: Goober|99/100|[from] item: Leftovers
|upkeep
|turn|68
|
|t:|1739554716
|move|p2a: Umbreon|Pursuit|p1a: Goober
|-damage|p1a: Goober|91/100
|move|p1a: Goober|Ice Beam|p2a: Umbreon
|-damage|p2a: Umbreon|62/100
|
|-heal|p2a: Umbreon|68/100|[from] item: Leftovers
|-heal|p1a: Goober|98/100|[from] item: Leftovers
|upkeep
|turn|69
|
|t:|1739554720
|move|p2a: Umbreon|Protect|p2a: Umbreon
|-singleturn|p2a: Umbreon|Protect
|move|p1a: Goober|Ice Beam|p2a: Umbreon
|-activate|p2a: Umbreon|move: Protect
|
|-heal|p2a: Umbreon|74/100|[from] item: Leftovers
|-heal|p1a: Goober|100/100|[from] item: Leftovers
|upkeep
|turn|70
|
|t:|1739554726
|switch|p2a: Heatran|Heatran, M|97/100
|move|p1a: Goober|Ice Beam|p2a: Heatran
|-resisted|p2a: Heatran
|-damage|p2a: Heatran|92/100
|-status|p2a: Heatran|frz
|
|-heal|p2a: Heatran|98/100 frz|[from] item: Leftovers
|upkeep
|turn|71
|
|t:|1739554737
|switch|p2a: Umbreon|Umbreon, M|74/100
|move|p1a: Goober|Ice Beam|p2a: Umbreon
|-damage|p2a: Umbreon|62/100
|
|-heal|p2a: Umbreon|69/100|[from] item: Leftovers
|upkeep
|turn|72
|
|t:|1739554743
|move|p2a: Umbreon|Pursuit|p1a: Goober
|-damage|p1a: Goober|93/100
|move|p1a: Goober|Scald|p2a: Umbreon
|-damage|p2a: Umbreon|54/100
|-status|p2a: Umbreon|brn
|-activate|p2a: Umbreon|ability: Synchronize
|-status|p1a: Goober|brn
|
|-heal|p2a: Umbreon|60/100 brn|[from] item: Leftovers
|-heal|p1a: Goober|99/100 brn|[from] item: Leftovers
|-damage|p2a: Umbreon|48/100 brn|[from] brn
|-damage|p1a: Goober|87/100 brn|[from] brn
|upkeep
|turn|73
|
|t:|1739554759
|move|p2a: Umbreon|Wish|p2a: Umbreon
|move|p1a: Goober|Scald|p2a: Umbreon
|-damage|p2a: Umbreon|33/100 brn
|
|-heal|p2a: Umbreon|39/100 brn|[from] item: Leftovers
|-heal|p1a: Goober|93/100 brn|[from] item: Leftovers
|-damage|p2a: Umbreon|27/100 brn|[from] brn
|-damage|p1a: Goober|81/100 brn|[from] brn
|upkeep
|turn|74
|
|t:|1739554768
|move|p2a: Umbreon|Protect|p2a: Umbreon
|-singleturn|p2a: Umbreon|Protect
|move|p1a: Goober|Ice Beam|p2a: Umbreon
|-activate|p2a: Umbreon|move: Protect
|
|-heal|p2a: Umbreon|77/100 brn|[from] move: Wish|[wisher] Umbreon
|-heal|p2a: Umbreon|83/100 brn|[from] item: Leftovers
|-heal|p1a: Goober|87/100 brn|[from] item: Leftovers
|-damage|p2a: Umbreon|71/100 brn|[from] brn
|-damage|p1a: Goober|75/100 brn|[from] brn
|upkeep
|turn|75
|
|t:|1739554771
|move|p2a: Umbreon|Heal Bell|p2a: Umbreon
|-activate|p2a: Umbreon|move: Heal Bell
|-curestatus|p2a: Umbreon|brn|[msg]
|-curestatus|p2: Heatran|frz|[msg]
|move|p1a: Goober|Ice Beam|p2a: Umbreon
|-damage|p2a: Umbreon|60/100
|-status|p2a: Umbreon|frz
|
|-heal|p2a: Umbreon|66/100 frz|[from] item: Leftovers
|-heal|p1a: Goober|81/100 brn|[from] item: Leftovers
|-damage|p1a: Goober|68/100 brn|[from] brn
|upkeep
|turn|76
|
|t:|1739554786
|switch|p1a: GURREN LAGGAN|Excadrill, M, shiny|29/100
|-damage|p1a: GURREN LAGGAN|26/100|[from] Stealth Rock
|-curestatus|p2a: Umbreon|frz|[msg]
|move|p2a: Umbreon|Protect||[still]
|-fail|p2a: Umbreon
|
|-heal|p2a: Umbreon|72/100|[from] item: Leftovers
|upkeep
|turn|77
|
|t:|1739554790
|move|p2a: Umbreon|Protect|p2a: Umbreon
|-singleturn|p2a: Umbreon|Protect
|move|p1a: GURREN LAGGAN|Earthquake|p2a: Umbreon
|-activate|p2a: Umbreon|move: Protect
|
|-heal|p2a: Umbreon|78/100|[from] item: Leftovers
|upkeep
|turn|78
|
|t:|1739554798
|switch|p2a: Donphan|Donphan, F|64/100
|move|p1a: GURREN LAGGAN|Earthquake|p2a: Donphan
|-damage|p2a: Donphan|30/100
|
|-heal|p2a: Donphan|36/100|[from] item: Leftovers
|upkeep
|turn|79
|
|t:|1739554801
|switch|p1a: Goober|Gastrodon, F, shiny|68/100 brn
|-damage|p1a: Goober|62/100 brn|[from] Stealth Rock
|move|p2a: Donphan|Earthquake|p1a: Goober
|-damage|p1a: Goober|31/100 brn
|
|-heal|p2a: Donphan|42/100|[from] item: Leftovers
|-heal|p1a: Goober|37/100 brn|[from] item: Leftovers
|-damage|p1a: Goober|25/100 brn|[from] brn
|upkeep
|turn|80
|
|t:|1739554803
|move|p2a: Donphan|Earthquake|p1a: Goober
|-crit|p1a: Goober
|-damage|p1a: Goober|0 fnt
|faint|p1a: Goober
|
|-heal|p2a: Donphan|48/100|[from] item: Leftovers
|upkeep
|
|t:|1739554807
|switch|p1a: GURREN LAGGAN|Excadrill, M, shiny|26/100
|-damage|p1a: GURREN LAGGAN|23/100|[from] Stealth Rock
|turn|81
|
|t:|1739554810
|move|p2a: Donphan|Ice Shard|p1a: GURREN LAGGAN
|-damage|p1a: GURREN LAGGAN|6/100
|move|p1a: GURREN LAGGAN|Earthquake|p2a: Donphan
|-damage|p2a: Donphan|14/100
|
|-heal|p2a: Donphan|20/100|[from] item: Leftovers
|upkeep
|turn|82
|-message|Himbus forfeited.
|
|win|ghosted by brizz
|raw|Himbus's rating: 1303 &rarr; <strong>1292</strong><br />(-11 for losing)
|raw|ghosted by brizz's rating: 1472 &rarr; <strong>1483</strong><br />(+11 for winning)
|l|☆Himbus
|player|p1|
