|j|☆ILoveTeamPreview
|j|☆Croaset
|t:|1704831562
|gametype|singles
|player|p1|ILoveTeamPreview|zinnia|1476
|player|p2|Croaset|elesa|1362
|teamsize|p1|6
|teamsize|p2|6
|gen|5
|tier|[Gen 5] OU
|rated|
|rule|Species Clause: Limit one of each Pokémon
|rule|OHKO Clause: OHKO moves are banned
|rule|Moody Clause: Moody is banned
|rule|Evasion Items Clause: Evasion items are banned
|rule|Evasion Moves Clause: Evasion moves are banned
|rule|Endless Battle Clause: Forcing endless battles is banned
|rule|HP Percentage Mod: HP is shown in percentages
|rule|Evasion Abilities Clause: Evasion abilities are banned
|rule|Sleep Moves Clause: Sleep-inducing moves are banned
|rule|Swagger Clause: Swagger is banned
|rule|Baton Pass Stat Clause: No Baton Passer may have a way to boost its stats
|clearpoke
|poke|p1|Tyranitar, F|item
|poke|p1|Zapdos|item
|poke|p1|Blissey, F|item
|poke|p1|Terrakion|item
|poke|p1|Slowbro, M|item
|poke|p1|Excadrill, F|item
|poke|p2|Landorus-Therian, M|item
|poke|p2|Latios, M|item
|poke|p2|Scizor, F|item
|poke|p2|Excadrill, M|item
|poke|p2|Rotom-Wash|item
|poke|p2|Dragonite, F|item
|teampreview
|inactive|Battle timer is ON: inactive players will automatically lose when time's up. (requested by ILoveTeamPreview)
|
|t:|1704831575
|start
|switch|p1a: Slowbro|Slowbro, M|100/100
|switch|p2a: High Voltage|Rotom-Wash|100/100
|turn|1
|
|t:|1704831583
|switch|p1a: Blissey|Blissey, F|100/100
|move|p2a: High Voltage|Will-O-Wisp|p1a: Blissey
|-status|p1a: Blissey|brn
|
|-damage|p1a: Blissey|88/100 brn|[from] brn
|upkeep
|turn|2
|
|t:|1704831586
|move|p2a: High Voltage|Volt Switch|p1a: Blissey
|-damage|p1a: Blissey|76/100 brn
|
|t:|1704831599
|switch|p2a: Made in Heaven|Dragonite, F|100/100|[from] Volt Switch
|move|p1a: Blissey|Stealth Rock|p2a: Made in Heaven
|-sidestart|p2: Croaset|move: Stealth Rock
|
|-heal|p1a: Blissey|82/100 brn|[from] item: Leftovers
|-damage|p1a: Blissey|70/100 brn|[from] brn
|upkeep
|turn|3
|
|t:|1704831601
|-curestatus|p1a: Blissey|brn|[from] ability: Natural Cure
|switch|p1a: Slowbro|Slowbro, M|100/100
|move|p2a: Made in Heaven|Dragon Dance|p2a: Made in Heaven
|-boost|p2a: Made in Heaven|atk|1
|-boost|p2a: Made in Heaven|spe|1
|
|upkeep
|turn|4
|
|t:|1704831608
|move|p2a: Made in Heaven|Dragon Dance|p2a: Made in Heaven
|-boost|p2a: Made in Heaven|atk|1
|-boost|p2a: Made in Heaven|spe|1
|move|p1a: Slowbro|Ice Beam|p2a: Made in Heaven
|-supereffective|p2a: Made in Heaven
|-damage|p2a: Made in Heaven|53/100
|
|upkeep
|turn|5
|
|t:|1704831611
|move|p2a: Made in Heaven|Dragon Claw|p1a: Slowbro
|-damage|p1a: Slowbro|48/100
|-damage|p2a: Made in Heaven|37/100|[from] item: Rocky Helmet|[of] p1a: Slowbro
|move|p1a: Slowbro|Ice Beam|p2a: Made in Heaven
|-supereffective|p2a: Made in Heaven
|-damage|p2a: Made in Heaven|0 fnt
|faint|p2a: Made in Heaven
|
|upkeep
|
|t:|1704831614
|switch|p2a: Bullet|Scizor, F|100/100
|-damage|p2a: Bullet|88/100|[from] Stealth Rock
|turn|6
|
|t:|1704831618
|-activate|p1a: Slowbro|move: Pursuit
|move|p2a: Bullet|Pursuit|p1a: Slowbro|[from]Pursuit
|-supereffective|p1a: Slowbro
|-crit|p1a: Slowbro
|-damage|p1a: Slowbro|0 fnt
|-damage|p2a: Bullet|72/100|[from] item: Rocky Helmet|[of] p1a: Slowbro
|faint|p1a: Slowbro
|-hint|A Pokemon can't switch between when it runs out of HP and when it faints
|
|upkeep
|
|t:|1704831622
|switch|p1a: Zapdos|Zapdos|100/100
|-ability|p1a: Zapdos|Pressure
|turn|7
|
|t:|1704831629
|switch|p2a: High Voltage|Rotom-Wash|100/100
|-damage|p2a: High Voltage|88/100|[from] Stealth Rock
|move|p1a: Zapdos|Toxic|p2a: High Voltage
|-status|p2a: High Voltage|tox
|
|-heal|p2a: High Voltage|94/100 tox|[from] item: Leftovers
|-damage|p2a: High Voltage|88/100 tox|[from] psn
|upkeep
|turn|8
|
|t:|1704831632
|switch|p1a: Blissey|Blissey, F|70/100
|move|p2a: High Voltage|Volt Switch|p1a: Blissey
|-damage|p1a: Blissey|56/100
|
|t:|1704831657
|switch|p2a: Stone Free|Excadrill, M|100/100|[from] Volt Switch
|-damage|p2a: Stone Free|97/100|[from] Stealth Rock
|-ability|p2a: Stone Free|Mold Breaker
|
|-heal|p2a: Stone Free|100/100|[from] item: Leftovers
|-heal|p1a: Blissey|62/100|[from] item: Leftovers
|upkeep
|turn|9
|
|t:|1704831667
|switch|p1a: Zapdos|Zapdos|100/100
|-ability|p1a: Zapdos|Pressure
|move|p2a: Stone Free|Earthquake|p1a: Zapdos
|-immune|p1a: Zapdos
|
|upkeep
|turn|10
|
|t:|1704831670
|move|p2a: Stone Free|Rock Slide|p1a: Zapdos
|-supereffective|p1a: Zapdos
|-damage|p1a: Zapdos|68/100
|cant|p1a: Zapdos|flinch
|
|-heal|p1a: Zapdos|74/100|[from] item: Leftovers
|upkeep
|turn|11
|
|t:|1704831682
|move|p2a: Stone Free|Rapid Spin|p1a: Zapdos
|-damage|p1a: Zapdos|69/100
|-sideend|p2: Croaset|Stealth Rock|[from] move: Rapid Spin|[of] p2a: Stone Free
|move|p1a: Zapdos|Heat Wave|p2a: Stone Free
|-supereffective|p2a: Stone Free
|-damage|p2a: Stone Free|35/100
|
|-heal|p2a: Stone Free|41/100|[from] item: Leftovers
|-heal|p1a: Zapdos|75/100|[from] item: Leftovers
|upkeep
|turn|12
|
|t:|1704831685
|switch|p2a: Latios|Latios, M|100/100
|move|p1a: Zapdos|Heat Wave|p2a: Latios
|-resisted|p2a: Latios
|-damage|p2a: Latios|87/100
|
|-heal|p1a: Zapdos|81/100|[from] item: Leftovers
|upkeep
|turn|13
|
|t:|1704831688
|switch|p1a: Tyranitar|Tyranitar, F|100/100
|-weather|Sandstorm|[from] ability: Sand Stream|[of] p1a: Tyranitar
|move|p2a: Latios|Trick|p1a: Tyranitar
|-activate|p2a: Latios|move: Trick|[of] p1a: Tyranitar
|-item|p1a: Tyranitar|Choice Specs|[from] move: Trick
|-item|p2a: Latios|Choice Scarf|[from] move: Trick
|
|-weather|Sandstorm|[upkeep]
|-damage|p2a: Latios|81/100|[from] Sandstorm
|upkeep
|turn|14
|
|t:|1704831696
|-activate|p2a: Latios|move: Pursuit
|move|p1a: Tyranitar|Pursuit|p2a: Latios|[from]Pursuit
|-supereffective|p2a: Latios
|-crit|p2a: Latios
|-damage|p2a: Latios|0 fnt
|faint|p2a: Latios
|-hint|A Pokemon can't switch between when it runs out of HP and when it faints
|
|-weather|Sandstorm|[upkeep]
|upkeep
|
|t:|1704831698
|switch|p2a: Scary Monsters|Landorus-Therian, M|100/100
|-ability|p2a: Scary Monsters|Intimidate|boost
|-unboost|p1a: Tyranitar|atk|1
|turn|15
|
|t:|1704831703
|switch|p1a: Zapdos|Zapdos|81/100
|-ability|p1a: Zapdos|Pressure
|move|p2a: Scary Monsters|Hidden Power|p1a: Zapdos
|-supereffective|p1a: Zapdos
|-damage|p1a: Zapdos|48/100
|
|-weather|Sandstorm|[upkeep]
|-damage|p1a: Zapdos|42/100|[from] Sandstorm
|-heal|p1a: Zapdos|48/100|[from] item: Leftovers
|upkeep
|turn|16
|
|t:|1704831707
|move|p2a: Scary Monsters|Hidden Power|p1a: Zapdos
|-supereffective|p1a: Zapdos
|-damage|p1a: Zapdos|14/100
|move|p1a: Zapdos|Roost|p1a: Zapdos
|-heal|p1a: Zapdos|64/100
|-singleturn|p1a: Zapdos|move: Roost
|
|-weather|Sandstorm|[upkeep]
|-damage|p1a: Zapdos|58/100|[from] Sandstorm
|-heal|p1a: Zapdos|64/100|[from] item: Leftovers
|upkeep
|turn|17
|
|t:|1704831715
|move|p2a: Scary Monsters|U-turn|p1a: Zapdos
|-resisted|p1a: Zapdos
|-damage|p1a: Zapdos|56/100
|
|t:|1704831717
|switch|p2a: High Voltage|Rotom-Wash|88/100 tox|[from] U-turn
|move|p1a: Zapdos|Toxic|p2a: High Voltage
|-fail|p2a: High Voltage|tox
|
|-weather|Sandstorm|[upkeep]
|-damage|p1a: Zapdos|50/100|[from] Sandstorm
|-damage|p2a: High Voltage|82/100 tox|[from] Sandstorm
|-heal|p1a: Zapdos|56/100|[from] item: Leftovers
|-heal|p2a: High Voltage|88/100 tox|[from] item: Leftovers
|-damage|p2a: High Voltage|82/100 tox|[from] psn
|upkeep
|turn|18
|
|t:|1704831721
|move|p1a: Zapdos|Volt Switch|p2a: High Voltage
|-damage|p2a: High Voltage|49/100 tox
|
|t:|1704831723
|switch|p1a: Blissey|Blissey, F|62/100|[from] Volt Switch
|move|p2a: High Voltage|Will-O-Wisp|p1a: Blissey|[miss]
|-miss|p2a: High Voltage|p1a: Blissey
|
|-weather|Sandstorm|[upkeep]
|-damage|p2a: High Voltage|43/100 tox|[from] Sandstorm
|-damage|p1a: Blissey|56/100|[from] Sandstorm
|-heal|p2a: High Voltage|49/100 tox|[from] item: Leftovers
|-heal|p1a: Blissey|62/100|[from] item: Leftovers
|-damage|p2a: High Voltage|37/100 tox|[from] psn
|upkeep
|turn|19
|
|t:|1704831726
|move|p2a: High Voltage|Volt Switch|p1a: Blissey
|-damage|p1a: Blissey|48/100
|
|t:|1704831729
|switch|p2a: Bullet|Scizor, F|72/100|[from] Volt Switch
|move|p1a: Blissey|Stealth Rock|p2a: Bullet
|-sidestart|p2: Croaset|move: Stealth Rock
|
|-weather|Sandstorm|[upkeep]
|-damage|p1a: Blissey|42/100|[from] Sandstorm
|-heal|p1a: Blissey|48/100|[from] item: Leftovers
|upkeep
|turn|20
|
|t:|1704831735
|switch|p1a: Tyranitar|Tyranitar, F|100/100
|move|p2a: Bullet|Superpower|p1a: Tyranitar
|-supereffective|p1a: Tyranitar
|-damage|p1a: Tyranitar|0 fnt
|-unboost|p2a: Bullet|atk|1
|-unboost|p2a: Bullet|def|1
|faint|p1a: Tyranitar
|
|-weather|Sandstorm|[upkeep]
|upkeep
|
|t:|1704831740
|switch|p1a: Zapdos|Zapdos|56/100
|-ability|p1a: Zapdos|Pressure
|turn|21
|
|t:|1704831750
|switch|p2a: High Voltage|Rotom-Wash|37/100 tox
|-damage|p2a: High Voltage|24/100 tox|[from] Stealth Rock
|move|p1a: Zapdos|Heat Wave|p2a: High Voltage
|-resisted|p2a: High Voltage
|-damage|p2a: High Voltage|10/100 tox
|
|-weather|Sandstorm|[upkeep]
|-damage|p1a: Zapdos|50/100|[from] Sandstorm
|-damage|p2a: High Voltage|4/100 tox|[from] Sandstorm
|-heal|p1a: Zapdos|56/100|[from] item: Leftovers
|-heal|p2a: High Voltage|10/100 tox|[from] item: Leftovers
|-damage|p2a: High Voltage|4/100 tox|[from] psn
|upkeep
|turn|22
|
|t:|1704831753
|move|p1a: Zapdos|Volt Switch|p2a: High Voltage
|-damage|p2a: High Voltage|0 fnt
|faint|p2a: High Voltage
|
|t:|1704831760
|switch|p1a: Terrakion|Terrakion|100/100|[from] Volt Switch
|
|-weather|Sandstorm|[upkeep]
|upkeep
|
|t:|1704831762
|switch|p2a: Scary Monsters|Landorus-Therian, M|100/100
|-damage|p2a: Scary Monsters|88/100|[from] Stealth Rock
|-ability|p2a: Scary Monsters|Intimidate|boost
|-unboost|p1a: Terrakion|atk|1
|turn|23
|
|t:|1704831766
|switch|p1a: Blissey|Blissey, F|48/100
|move|p2a: Scary Monsters|U-turn|p1a: Blissey
|-damage|p1a: Blissey|29/100
|
|t:|1704831768
|switch|p2a: Bullet|Scizor, F|72/100|[from] U-turn
|-damage|p2a: Bullet|59/100|[from] Stealth Rock
|
|-weather|Sandstorm|[upkeep]
|-damage|p1a: Blissey|23/100|[from] Sandstorm
|-heal|p1a: Blissey|29/100|[from] item: Leftovers
|upkeep
|turn|24
|
|t:|1704831776
|switch|p1a: Zapdos|Zapdos|56/100
|-ability|p1a: Zapdos|Pressure
|move|p2a: Bullet|Superpower|p1a: Zapdos
|-resisted|p1a: Zapdos
|-damage|p1a: Zapdos|28/100
|-unboost|p2a: Bullet|atk|1
|-unboost|p2a: Bullet|def|1
|
|-weather|Sandstorm|[upkeep]
|-damage|p1a: Zapdos|22/100|[from] Sandstorm
|-heal|p1a: Zapdos|28/100|[from] item: Leftovers
|upkeep
|turn|25
|
|t:|1704831781
|switch|p2a: Scary Monsters|Landorus-Therian, M|88/100
|-damage|p2a: Scary Monsters|76/100|[from] Stealth Rock
|-ability|p2a: Scary Monsters|Intimidate|boost
|-unboost|p1a: Zapdos|atk|1
|move|p1a: Zapdos|Roost|p1a: Zapdos
|-heal|p1a: Zapdos|78/100
|-singleturn|p1a: Zapdos|move: Roost
|
|-weather|Sandstorm|[upkeep]
|-damage|p1a: Zapdos|72/100|[from] Sandstorm
|-heal|p2a: Scary Monsters|82/100|[from] item: Leftovers
|-heal|p1a: Zapdos|78/100|[from] item: Leftovers
|upkeep
|turn|26
|
|t:|1704831786
|move|p2a: Scary Monsters|Stealth Rock|p1a: Zapdos
|-sidestart|p1: ILoveTeamPreview|move: Stealth Rock
|move|p1a: Zapdos|Toxic|p2a: Scary Monsters
|-status|p2a: Scary Monsters|tox
|
|-weather|Sandstorm|[upkeep]
|-damage|p1a: Zapdos|72/100|[from] Sandstorm
|-heal|p2a: Scary Monsters|88/100 tox|[from] item: Leftovers
|-heal|p1a: Zapdos|78/100|[from] item: Leftovers
|-damage|p2a: Scary Monsters|82/100 tox|[from] psn
|upkeep
|turn|27
|
|t:|1704831795
|move|p2a: Scary Monsters|U-turn|p1a: Zapdos
|-resisted|p1a: Zapdos
|-damage|p1a: Zapdos|69/100
|
|t:|1704831796
|switch|p2a: Stone Free|Excadrill, M|41/100|[from] U-turn
|-damage|p2a: Stone Free|38/100|[from] Stealth Rock
|-ability|p2a: Stone Free|Mold Breaker
|move|p1a: Zapdos|Roost|p1a: Zapdos
|-heal|p1a: Zapdos|100/100
|-singleturn|p1a: Zapdos|move: Roost
|
|-weather|Sandstorm|[upkeep]
|-damage|p1a: Zapdos|94/100|[from] Sandstorm
|-heal|p2a: Stone Free|44/100|[from] item: Leftovers
|-heal|p1a: Zapdos|100/100|[from] item: Leftovers
|upkeep
|turn|28
|
|t:|1704831804
|move|p2a: Stone Free|Protect|p2a: Stone Free
|-singleturn|p2a: Stone Free|Protect
|move|p1a: Zapdos|Heat Wave|p2a: Stone Free
|-activate|p2a: Stone Free|move: Protect
|
|-weather|Sandstorm|[upkeep]
|-damage|p1a: Zapdos|94/100|[from] Sandstorm
|-heal|p2a: Stone Free|50/100|[from] item: Leftovers
|-heal|p1a: Zapdos|100/100|[from] item: Leftovers
|upkeep
|turn|29
|
|t:|1704831809
|move|p2a: Stone Free|Rock Slide|p1a: Zapdos
|-supereffective|p1a: Zapdos
|-damage|p1a: Zapdos|65/100
|cant|p1a: Zapdos|flinch
|
|-weather|Sandstorm|[upkeep]
|-damage|p1a: Zapdos|59/100|[from] Sandstorm
|-heal|p2a: Stone Free|56/100|[from] item: Leftovers
|-heal|p1a: Zapdos|65/100|[from] item: Leftovers
|upkeep
|turn|30
|
|t:|1704831823
|move|p2a: Stone Free|Rock Slide|p1a: Zapdos
|-supereffective|p1a: Zapdos
|-damage|p1a: Zapdos|31/100
|move|p1a: Zapdos|Roost|p1a: Zapdos
|-heal|p1a: Zapdos|81/100
|-singleturn|p1a: Zapdos|move: Roost
|
|-weather|Sandstorm|[upkeep]
|-damage|p1a: Zapdos|75/100|[from] Sandstorm
|-heal|p2a: Stone Free|63/100|[from] item: Leftovers
|-heal|p1a: Zapdos|81/100|[from] item: Leftovers
|upkeep
|turn|31
|
|t:|1704831827
|move|p2a: Stone Free|Rock Slide|p1a: Zapdos
|-supereffective|p1a: Zapdos
|-damage|p1a: Zapdos|48/100
|cant|p1a: Zapdos|flinch
|
|-weather|Sandstorm|[upkeep]
|-damage|p1a: Zapdos|42/100|[from] Sandstorm
|-heal|p2a: Stone Free|69/100|[from] item: Leftovers
|-heal|p1a: Zapdos|48/100|[from] item: Leftovers
|upkeep
|turn|32
|
|t:|1704831830
|move|p2a: Stone Free|Rock Slide|p1a: Zapdos
|-supereffective|p1a: Zapdos
|-damage|p1a: Zapdos|11/100
|move|p1a: Zapdos|Roost|p1a: Zapdos
|-heal|p1a: Zapdos|61/100
|-singleturn|p1a: Zapdos|move: Roost
|
|-weather|Sandstorm|[upkeep]
|-damage|p1a: Zapdos|55/100|[from] Sandstorm
|-heal|p2a: Stone Free|75/100|[from] item: Leftovers
|-heal|p1a: Zapdos|61/100|[from] item: Leftovers
|upkeep
|turn|33
|
|t:|1704831834
|move|p2a: Stone Free|Rock Slide|p1a: Zapdos
|-supereffective|p1a: Zapdos
|-crit|p1a: Zapdos
|-damage|p1a: Zapdos|0 fnt
|faint|p1a: Zapdos
|
|-weather|Sandstorm|[upkeep]
|-heal|p2a: Stone Free|81/100|[from] item: Leftovers
|upkeep
|
|t:|1704831838
|switch|p1a: Terrakion|Terrakion|100/100
|-damage|p1a: Terrakion|94/100|[from] Stealth Rock
|turn|34
|
|t:|1704831843
|move|p2a: Stone Free|Protect|p2a: Stone Free
|-singleturn|p2a: Stone Free|Protect
|move|p1a: Terrakion|Close Combat|p2a: Stone Free
|-activate|p2a: Stone Free|move: Protect
|
|-weather|Sandstorm|[upkeep]
|-heal|p2a: Stone Free|87/100|[from] item: Leftovers
|upkeep
|turn|35
|
|t:|1704831845
|move|p1a: Terrakion|Close Combat|p2a: Stone Free
|-supereffective|p2a: Stone Free
|-damage|p2a: Stone Free|0 fnt
|-unboost|p1a: Terrakion|def|1
|-unboost|p1a: Terrakion|spd|1
|faint|p2a: Stone Free
|
|-weather|Sandstorm|[upkeep]
|upkeep
|
|t:|1704831847
|switch|p2a: Bullet|Scizor, F|59/100
|-damage|p2a: Bullet|47/100|[from] Stealth Rock
|turn|36
|
|t:|1704831849
|switch|p1a: Blissey|Blissey, F|29/100
|-damage|p1a: Blissey|17/100|[from] Stealth Rock
|move|p2a: Bullet|Bullet Punch|p1a: Blissey
|-damage|p1a: Blissey|0 fnt
|faint|p1a: Blissey
|
|-weather|Sandstorm|[upkeep]
|upkeep
|
|t:|1704831851
|switch|p1a: Excadrill|Excadrill, F|100/100
|-damage|p1a: Excadrill|97/100|[from] Stealth Rock
|turn|37
|
|t:|1704831853
|switch|p2a: Scary Monsters|Landorus-Therian, M|82/100 tox
|-damage|p2a: Scary Monsters|70/100 tox|[from] Stealth Rock
|-ability|p2a: Scary Monsters|Intimidate|boost
|-unboost|p1a: Excadrill|atk|1
|move|p1a: Excadrill|Iron Head|p2a: Scary Monsters
|-damage|p2a: Scary Monsters|36/100 tox
|
|-weather|Sandstorm|[upkeep]
|-heal|p2a: Scary Monsters|42/100 tox|[from] item: Leftovers
|-heal|p1a: Excadrill|100/100|[from] item: Leftovers
|-damage|p2a: Scary Monsters|36/100 tox|[from] psn
|upkeep
|turn|38
|
|t:|1704831861
|move|p2a: Scary Monsters|Earthquake|p1a: Excadrill
|-supereffective|p1a: Excadrill
|-damage|p1a: Excadrill|0 fnt
|faint|p1a: Excadrill
|
|-weather|Sandstorm|[upkeep]
|-heal|p2a: Scary Monsters|42/100 tox|[from] item: Leftovers
|-damage|p2a: Scary Monsters|30/100 tox|[from] psn
|upkeep
|
|t:|1704831863
|switch|p1a: Terrakion|Terrakion|94/100
|-damage|p1a: Terrakion|88/100|[from] Stealth Rock
|turn|39
|
|t:|1704831864
|move|p1a: Terrakion|Rock Slide|p2a: Scary Monsters
|-damage|p2a: Scary Monsters|0 fnt
|faint|p2a: Scary Monsters
|
|-weather|Sandstorm|[upkeep]
|upkeep
|
|t:|1704831865
|switch|p2a: Bullet|Scizor, F|47/100
|-damage|p2a: Bullet|35/100|[from] Stealth Rock
|turn|40
|
|t:|1704831868
|move|p2a: Bullet|Bullet Punch|p1a: Terrakion
|-supereffective|p1a: Terrakion
|-damage|p1a: Terrakion|0 fnt
|faint|p1a: Terrakion
|
|win|Croaset
|raw|ILoveTeamPreview's rating: 1476 &rarr; <strong>1450</strong><br />(-26 for losing)
|raw|Croaset's rating: 1362 &rarr; <strong>1388</strong><br />(+26 for winning)
