|j|☆horseclock
|j|☆kenjishinoka
|t:|1749778145
|gametype|singles
|player|p1|horseclock|cynthia|1313
|player|p2|kenjishinoka|1|1341
|teamsize|p1|6
|teamsize|p2|6
|gen|5
|tier|[Gen 5] OU
|rated|
|rule|Species Clause: Limit one of each Pokémon
|rule|OHKO Clause: OHKO moves are banned
|rule|Moody Clause: Moody is banned
|rule|Evasion Items Clause: Evasion items are banned
|rule|Evasion Moves Clause: Evasion moves are banned
|rule|Endless Battle Clause: Forcing endless battles is banned
|rule|HP Percentage Mod: HP is shown in percentages
|rule|Evasion Abilities Clause: Evasion abilities are banned
|rule|Sleep Moves Clause: Sleep-inducing moves are banned
|rule|Swagger Clause: Swagger is banned
|rule|Baton Pass Stat Clause: No Baton Passer may have a way to boost its stats
|clearpoke
|poke|p1|Tyranitar, F|item
|poke|p1|Scizor, M|item
|poke|p1|Ferrothorn, F|item
|poke|p1|Gliscor, F|item
|poke|p1|Excadrill, M|item
|poke|p1|Reuniclus, M|item
|poke|p2|Gyarados, F|item
|poke|p2|Sableye, F|item
|poke|p2|Magnezone|item
|poke|p2|Jellicent, M|item
|poke|p2|Skarmory, F|item
|poke|p2|Excadrill, M|item
|teampreview
|inactive|Battle timer is ON: inactive players will automatically lose when time's up. (requested by horseclock)
|inactive|kenjishinoka also wants the timer to be on.
|
|t:|1749778161
|start
|switch|p1a: Tyranitar|Tyranitar, F, shiny|100/100
|switch|p2a: Skarmory|Skarmory, F|100/100
|-weather|Sandstorm|[from] ability: Sand Stream|[of] p1a: Tyranitar
|turn|1
|
|t:|1749778167
|move|p2a: Skarmory|Taunt|p1a: Tyranitar
|-start|p1a: Tyranitar|move: Taunt
|cant|p1a: Tyranitar|move: Taunt|Thunder Wave
|
|-weather|Sandstorm|[upkeep]
|upkeep
|turn|2
|
|t:|1749778174
|switch|p1a: Excadrill|Excadrill, M|100/100
|move|p2a: Skarmory|Stealth Rock|p1a: Excadrill
|-sidestart|p1: horseclock|move: Stealth Rock
|
|-weather|Sandstorm|[upkeep]
|upkeep
|turn|3
|
|t:|1749778179
|switch|p2a: Jellicent|Jellicent, M|100/100
|move|p1a: Excadrill|Iron Head|p2a: Jellicent
|-resisted|p2a: Jellicent
|-damage|p2a: Jellicent|71/100
|
|-weather|Sandstorm|[upkeep]
|-damage|p2a: Jellicent|65/100|[from] Sandstorm
|upkeep
|turn|4
|
|t:|1749778186
|switch|p1a: Reuniclus|Reuniclus, M|100/100
|move|p2a: Jellicent|Giga Drain|p1a: Reuniclus
|-damage|p1a: Reuniclus|71/100
|-heal|p2a: Jellicent|81/100|[from] drain|[of] p1a: Reuniclus
|
|-weather|Sandstorm|[upkeep]
|-damage|p2a: Jellicent|75/100|[from] Sandstorm
|-heal|p1a: Reuniclus|77/100|[from] item: Leftovers
|upkeep
|turn|5
|
|t:|1749778192
|switch|p2a: Sableye|Sableye, F|100/100
|move|p1a: Reuniclus|Calm Mind|p1a: Reuniclus
|-boost|p1a: Reuniclus|spa|1
|-boost|p1a: Reuniclus|spd|1
|
|-weather|Sandstorm|[upkeep]
|-damage|p2a: Sableye|95/100|[from] Sandstorm
|-heal|p1a: Reuniclus|83/100|[from] item: Leftovers
|upkeep
|turn|6
|j| Kid2011
|
|t:|1749778195
|switch|p1a: Tyranitar|Tyranitar, F, shiny|100/100
|-damage|p1a: Tyranitar|88/100|[from] Stealth Rock
|move|p2a: Sableye|Foul Play|p1a: Tyranitar
|-resisted|p1a: Tyranitar
|-damage|p1a: Tyranitar|69/100
|
|-weather|Sandstorm|[upkeep]
|-damage|p2a: Sableye|89/100|[from] Sandstorm
|upkeep
|turn|7
|l| Kid2011
|
|t:|1749778209
|switch|p2a: Skarmory|Skarmory, F|100/100
|move|p1a: Tyranitar|Stealth Rock|p2a: Skarmory
|-sidestart|p2: kenjishinoka|move: Stealth Rock
|
|-weather|Sandstorm|[upkeep]
|upkeep
|turn|8
|
|t:|1749778216
|switch|p1a: Excadrill|Excadrill, M|100/100
|-damage|p1a: Excadrill|97/100|[from] Stealth Rock
|move|p2a: Skarmory|Spikes|p1a: Excadrill
|-sidestart|p1: horseclock|Spikes
|
|-weather|Sandstorm|[upkeep]
|-heal|p1a: Excadrill|100/100|[from] item: Leftovers
|upkeep
|turn|9
|
|t:|1749778221
|move|p1a: Excadrill|Swords Dance|p1a: Excadrill
|-boost|p1a: Excadrill|atk|2
|move|p2a: Skarmory|Stealth Rock||[still]
|-fail|p2a: Skarmory
|
|-weather|Sandstorm|[upkeep]
|upkeep
|turn|10
|
|t:|1749778229
|switch|p2a: Sableye|Sableye, F|89/100
|-damage|p2a: Sableye|76/100|[from] Stealth Rock
|move|p1a: Excadrill|Iron Head|p2a: Sableye
|-damage|p2a: Sableye|0 fnt
|faint|p2a: Sableye
|
|-weather|Sandstorm|[upkeep]
|upkeep
|
|t:|1749778244
|switch|p2a: Excadrill|Excadrill, M|100/100
|-damage|p2a: Excadrill|97/100|[from] Stealth Rock
|-ability|p2a: Excadrill|Mold Breaker
|turn|11
|
|t:|1749778250
|move|p2a: Excadrill|Earthquake|p1a: Excadrill
|-supereffective|p1a: Excadrill
|-damage|p1a: Excadrill|0 fnt
|faint|p1a: Excadrill
|
|-weather|Sandstorm|[upkeep]
|upkeep
|
|t:|1749778274
|switch|p1a: Gliscor|Gliscor, F|100/100
|-damage|p1a: Gliscor|88/100|[from] Stealth Rock
|turn|12
|
|t:|1749778278
|switch|p2a: Skarmory|Skarmory, F|100/100
|-damage|p2a: Skarmory|88/100|[from] Stealth Rock
|move|p1a: Gliscor|Earthquake|p2a: Skarmory
|-immune|p2a: Skarmory
|
|-weather|Sandstorm|[upkeep]
|-status|p1a: Gliscor|tox|[from] item: Toxic Orb
|upkeep
|turn|13
|
|t:|1749778281
|move|p2a: Skarmory|Brave Bird|p1a: Gliscor
|-damage|p1a: Gliscor|56/100 tox
|-damage|p2a: Skarmory|75/100|[from] Recoil
|move|p1a: Gliscor|Swords Dance|p1a: Gliscor
|-boost|p1a: Gliscor|atk|2
|
|-weather|Sandstorm|[upkeep]
|-heal|p1a: Gliscor|69/100 tox|[from] ability: Poison Heal
|upkeep
|turn|14
|
|t:|1749778288
|move|p1a: Gliscor|Protect|p1a: Gliscor
|-singleturn|p1a: Gliscor|Protect
|move|p2a: Skarmory|Brave Bird|p1a: Gliscor
|-activate|p1a: Gliscor|move: Protect
|
|-weather|Sandstorm|[upkeep]
|-heal|p1a: Gliscor|81/100 tox|[from] ability: Poison Heal
|upkeep
|turn|15
|
|t:|1749778300
|move|p2a: Skarmory|Brave Bird|p1a: Gliscor
|-damage|p1a: Gliscor|50/100 tox
|-damage|p2a: Skarmory|61/100|[from] Recoil
|move|p1a: Gliscor|Ice Fang|p2a: Skarmory
|-damage|p2a: Skarmory|35/100
|
|-weather|Sandstorm|[upkeep]
|-heal|p1a: Gliscor|63/100 tox|[from] ability: Poison Heal
|upkeep
|turn|16
|
|t:|1749778309
|switch|p2a: Gyarados|Gyarados, F|100/100
|-damage|p2a: Gyarados|76/100|[from] Stealth Rock
|move|p1a: Gliscor|Protect||[still]
|-fail|p1a: Gliscor
|
|-weather|Sandstorm|[upkeep]
|-damage|p2a: Gyarados|70/100|[from] Sandstorm
|-heal|p1a: Gliscor|75/100 tox|[from] ability: Poison Heal
|upkeep
|turn|17
|
|t:|1749778314
|switch|p1a: Ferrothorn|Ferrothorn, F, shiny|100/100
|-damage|p1a: Ferrothorn|94/100|[from] Stealth Rock
|-damage|p1a: Ferrothorn|82/100|[from] Spikes
|move|p2a: Gyarados|Waterfall|p1a: Ferrothorn
|-resisted|p1a: Ferrothorn
|-damage|p1a: Ferrothorn|66/100
|-damage|p2a: Gyarados|57/100|[from] ability: Iron Barbs|[of] p1a: Ferrothorn
|
|-weather|Sandstorm|[upkeep]
|-damage|p2a: Gyarados|51/100|[from] Sandstorm
|-heal|p1a: Ferrothorn|73/100|[from] item: Leftovers
|upkeep
|turn|18
|
|t:|1749778316
|switch|p2a: Magnezone|Magnezone|100/100
|-damage|p2a: Magnezone|94/100|[from] Stealth Rock
|-item|p2a: Magnezone|Air Balloon
|move|p1a: Ferrothorn|Leech Seed|p2a: Magnezone
|-start|p2a: Magnezone|move: Leech Seed
|
|-weather|Sandstorm|[upkeep]
|-heal|p1a: Ferrothorn|79/100|[from] item: Leftovers
|-damage|p2a: Magnezone|82/100|[from] Leech Seed|[of] p1a: Ferrothorn
|-heal|p1a: Ferrothorn|89/100|[silent]
|upkeep
|turn|19
|
|t:|1749778331
|move|p1a: Ferrothorn|Protect|p1a: Ferrothorn
|-singleturn|p1a: Ferrothorn|Protect
|move|p2a: Magnezone|Sunny Day|p2a: Magnezone
|-weather|SunnyDay
|
|-weather|SunnyDay|[upkeep]
|-heal|p1a: Ferrothorn|95/100|[from] item: Leftovers
|-damage|p2a: Magnezone|70/100|[from] Leech Seed|[of] p1a: Ferrothorn
|-heal|p1a: Ferrothorn|100/100|[silent]
|upkeep
|turn|20
|
|t:|1749778341
|move|p2a: Magnezone|Hidden Power|p1a: Ferrothorn
|-supereffective|p1a: Ferrothorn
|-damage|p1a: Ferrothorn|10/100
|move|p1a: Ferrothorn|Gyro Ball|p2a: Magnezone
|-resisted|p2a: Magnezone
|-damage|p2a: Magnezone|57/100
|-enditem|p2a: Magnezone|Air Balloon
|
|-weather|SunnyDay|[upkeep]
|-heal|p1a: Ferrothorn|16/100|[from] item: Leftovers
|-damage|p2a: Magnezone|45/100|[from] Leech Seed|[of] p1a: Ferrothorn
|-heal|p1a: Ferrothorn|26/100|[silent]
|upkeep
|turn|21
|
|t:|1749778348
|move|p1a: Ferrothorn|Protect|p1a: Ferrothorn
|-singleturn|p1a: Ferrothorn|Protect
|move|p2a: Magnezone|Magnet Rise|p2a: Magnezone
|-start|p2a: Magnezone|Magnet Rise
|
|-weather|SunnyDay|[upkeep]
|-heal|p1a: Ferrothorn|32/100|[from] item: Leftovers
|-damage|p2a: Magnezone|32/100|[from] Leech Seed|[of] p1a: Ferrothorn
|-heal|p1a: Ferrothorn|42/100|[silent]
|upkeep
|turn|22
|
|t:|1749778357
|move|p1a: Ferrothorn|Protect||[still]
|-fail|p1a: Ferrothorn
|move|p2a: Magnezone|Hidden Power|p1a: Ferrothorn
|-supereffective|p1a: Ferrothorn
|-damage|p1a: Ferrothorn|0 fnt
|faint|p1a: Ferrothorn
|
|-weather|SunnyDay|[upkeep]
|upkeep
|
|t:|1749778360
|switch|p1a: Reuniclus|Reuniclus, M|83/100
|turn|23
|
|t:|1749778366
|move|p2a: Magnezone|Volt Switch|p1a: Reuniclus
|-damage|p1a: Reuniclus|51/100
|
|t:|1749778371
|switch|p2a: Jellicent|Jellicent, M|75/100|[from] Volt Switch
|-damage|p2a: Jellicent|62/100|[from] Stealth Rock
|move|p1a: Reuniclus|Calm Mind|p1a: Reuniclus
|-boost|p1a: Reuniclus|spa|1
|-boost|p1a: Reuniclus|spd|1
|
|-weather|none
|-heal|p1a: Reuniclus|57/100|[from] item: Leftovers
|upkeep
|turn|24
|
|t:|1749778377
|move|p2a: Jellicent|Shadow Ball|p1a: Reuniclus
|-supereffective|p1a: Reuniclus
|-damage|p1a: Reuniclus|0 fnt
|faint|p1a: Reuniclus
|
|upkeep
|c|☆horseclock|love that you get to win because of the speed tie
|j| el janitor
|-message|horseclock forfeited.
|
|win|kenjishinoka
|raw|horseclock's rating: 1313 &rarr; <strong>1295</strong><br />(-18 for losing)
|raw|kenjishinoka's rating: 1341 &rarr; <strong>1359</strong><br />(+18 for winning)
|l|☆horseclock
|player|p1|
