|j|☆porrompompom
|j|☆WhatBKCFailed
|player|p1|porrompompom|102|1615
|player|p2|WhatBKCFailed|cress|1512
|teamsize|p1|6
|teamsize|p2|6
|gametype|singles
|gen|5
|tier|[Gen 5] OU
|rated|
|clearpoke
|poke|p1|Amoonguss, F|item
|poke|p1|Scizor, F|item
|poke|p1|Conkeldurr, F|item
|poke|p1|Landorus-Therian, M|item
|poke|p1|Rotom-Wash|item
|poke|p1|Latios, M|item
|poke|p2|Ninetales, M|item
|poke|p2|Seismitoad, F|item
|poke|p2|Dragonite, M|item
|poke|p2|Excadrill, M|item
|poke|p2|Victini|item
|poke|p2|Bronzong|item
|rule|Species Clause: Limit one of each Pokémon
|rule|OHKO Clause: OHKO moves are banned
|rule|Moody Clause: Moody is banned
|rule|Evasion Moves Clause: Evasion moves are banned
|rule|Endless Battle Clause: Forcing endless battles is banned
|rule|HP Percentage Mod: HP is shown in percentages
|rule|Evasion Abilities Clause: Evasion abilities are banned
|rule|Baton Pass Clause: Limit one Baton Passer, can't pass Spe and other stats simultaneously
|rule|Sleep Clause: Sleep-inducing moves are banned
|rule|Swagger Clause: Swagger is banned
|teampreview
|c|☆WhatBKCFailed|hf
|inactive|Battle timer is ON: inactive players will automatically lose when time's up. (requested by WhatBKCFailed)
|
|start
|switch|p1a: Latios|Latios, M|100/100
|switch|p2a: Ninetales|Ninetales, M, shiny|100/100
|-weather|SunnyDay|[from] ability: Drought|[of] p2a: Ninetales
|turn|1
|
|switch|p2a: Bronzong|Bronzong|100/100
|move|p1a: Latios|Draco Meteor|p2a: Bronzong
|-resisted|p2a: Bronzong
|-damage|p2a: Bronzong|56/100
|-unboost|p1a: Latios|spa|2
|
|-weather|SunnyDay|[upkeep]
|-heal|p2a: Bronzong|62/100|[from] item: Leftovers
|upkeep
|turn|2
|
|switch|p1a: Rotom|Rotom-Wash|100/100
|switch|p2a: Dragonite|Dragonite, M|100/100
|
|-weather|SunnyDay|[upkeep]
|upkeep
|turn|3
|
|move|p2a: Dragonite|Outrage|p1a: Rotom
|-damage|p1a: Rotom|0 fnt
|faint|p1a: Rotom
|
|-weather|SunnyDay|[upkeep]
|upkeep
|inactive|porrompompom has 120 seconds left.
|
|switch|p1a: Latios|Latios, M|100/100
|turn|4
|
|move|p1a: Latios|Draco Meteor|p2a: Dragonite
|-supereffective|p2a: Dragonite
|-damage|p2a: Dragonite|0 fnt
|-unboost|p1a: Latios|spa|2
|faint|p2a: Dragonite
|
|-weather|SunnyDay|[upkeep]
|upkeep
|
|switch|p2a: Victini|Victini|100/100
|turn|5
|
|switch|p1a: Amoonguss|Amoonguss, F|100/100
|move|p2a: Victini|Glaciate|p1a: Amoonguss
|-supereffective|p1a: Amoonguss
|-damage|p1a: Amoonguss|81/100
|-unboost|p1a: Amoonguss|spe|1
|
|-weather|SunnyDay|[upkeep]
|-heal|p1a: Amoonguss|87/100|[from] item: Black Sludge
|upkeep
|turn|6
|
|move|p2a: Victini|V-create|p1a: Amoonguss
|-supereffective|p1a: Amoonguss
|-damage|p1a: Amoonguss|0 fnt
|-unboost|p2a: Victini|spe|1
|-unboost|p2a: Victini|def|1
|-unboost|p2a: Victini|spd|1
|faint|p1a: Amoonguss
|
|-weather|SunnyDay|[upkeep]
|upkeep
|
|switch|p1a: Latios|Latios, M|100/100
|turn|7
|
|switch|p2a: Excadrill|Excadrill, M|100/100
|-ability|p2a: Excadrill|Mold Breaker
|move|p1a: Latios|Draco Meteor|p2a: Excadrill
|-resisted|p2a: Excadrill
|-damage|p2a: Excadrill|47/100
|-unboost|p1a: Latios|spa|2
|
|-weather|SunnyDay|[upkeep]
|-heal|p2a: Excadrill|53/100|[from] item: Leftovers
|upkeep
|turn|8
|
|switch|p1a: Landorus|Landorus-Therian, M|100/100
|-ability|p1a: Landorus|Intimidate|boost
|-unboost|p2a: Excadrill|atk|1
|switch|p2a: Seismitoad|Seismitoad, F|100/100
|
|-weather|SunnyDay|[upkeep]
|upkeep
|turn|9
|
|move|p1a: Landorus|Stealth Rock|p2a: Seismitoad
|-sidestart|p2: WhatBKCFailed|move: Stealth Rock
|move|p2a: Seismitoad|Ice Punch|p1a: Landorus
|-supereffective|p1a: Landorus
|-damage|p1a: Landorus|33/100
|
|-weather|SunnyDay|[upkeep]
|-heal|p1a: Landorus|39/100|[from] item: Leftovers
|upkeep
|turn|10
|
|move|p1a: Landorus|U-turn|p2a: Seismitoad
|-damage|p2a: Seismitoad|81/100
|
|switch|p1a: Conkeldurr|Conkeldurr, F|100/100|[from]move: U-turn
|move|p2a: Seismitoad|Stealth Rock|p1a: Conkeldurr
|-sidestart|p1: porrompompom|move: Stealth Rock
|
|-weather|SunnyDay|[upkeep]
|-heal|p2a: Seismitoad|87/100|[from] item: Leftovers
|upkeep
|turn|11
|
|move|p2a: Seismitoad|Earthquake|p1a: Conkeldurr
|-damage|p1a: Conkeldurr|61/100
|move|p1a: Conkeldurr|Bulk Up|p1a: Conkeldurr
|-boost|p1a: Conkeldurr|atk|1
|-boost|p1a: Conkeldurr|def|1
|
|-weather|SunnyDay|[upkeep]
|-heal|p2a: Seismitoad|93/100|[from] item: Leftovers
|-heal|p1a: Conkeldurr|67/100|[from] item: Leftovers
|upkeep
|turn|12
|
|move|p2a: Seismitoad|Earthquake|p1a: Conkeldurr
|-damage|p1a: Conkeldurr|42/100
|move|p1a: Conkeldurr|Bulk Up|p1a: Conkeldurr
|-boost|p1a: Conkeldurr|atk|1
|-boost|p1a: Conkeldurr|def|1
|
|-weather|SunnyDay|[upkeep]
|-heal|p2a: Seismitoad|99/100|[from] item: Leftovers
|-heal|p1a: Conkeldurr|48/100|[from] item: Leftovers
|upkeep
|turn|13
|
|move|p2a: Seismitoad|Earthquake|p1a: Conkeldurr
|-damage|p1a: Conkeldurr|28/100
|move|p1a: Conkeldurr|Drain Punch|p2a: Seismitoad
|-damage|p2a: Seismitoad|20/100
|-heal|p1a: Conkeldurr|74/100|[from] drain|[of] p2a: Seismitoad
|
|-weather|SunnyDay|[upkeep]
|-heal|p2a: Seismitoad|26/100|[from] item: Leftovers
|-heal|p1a: Conkeldurr|80/100|[from] item: Leftovers
|upkeep
|turn|14
|
|move|p1a: Conkeldurr|Mach Punch|p2a: Seismitoad
|-damage|p2a: Seismitoad|0 fnt
|faint|p2a: Seismitoad
|
|-weather|SunnyDay|[upkeep]
|-heal|p1a: Conkeldurr|86/100|[from] item: Leftovers
|upkeep
|
|switch|p2a: Victini|Victini|100/100
|-damage|p2a: Victini|76/100|[from] Stealth Rock
|turn|15
|inactive|porrompompom has 120 seconds left.
|
|move|p2a: Victini|V-create|p1a: Conkeldurr
|-damage|p1a: Conkeldurr|5/100
|-unboost|p2a: Victini|spe|1
|-unboost|p2a: Victini|def|1
|-unboost|p2a: Victini|spd|1
|move|p1a: Conkeldurr|Stone Edge|p2a: Victini
|-supereffective|p2a: Victini
|-damage|p2a: Victini|0 fnt
|faint|p2a: Victini
|
|-weather|SunnyDay|[upkeep]
|-heal|p1a: Conkeldurr|11/100|[from] item: Leftovers
|upkeep
|c|☆WhatBKCFailed|so close
|
|switch|p2a: Ninetales|Ninetales, M, shiny|100/100
|-damage|p2a: Ninetales|76/100|[from] Stealth Rock
|turn|16
|
|move|p2a: Ninetales|Protect|p2a: Ninetales
|-singleturn|p2a: Ninetales|Protect
|move|p1a: Conkeldurr|Mach Punch|p2a: Ninetales
|-activate|p2a: Ninetales|move: Protect
|
|-weather|SunnyDay|[upkeep]
|-heal|p2a: Ninetales|82/100|[from] item: Leftovers
|-heal|p1a: Conkeldurr|17/100|[from] item: Leftovers
|upkeep
|turn|17
|
|move|p1a: Conkeldurr|Mach Punch|p2a: Ninetales
|-damage|p2a: Ninetales|24/100
|move|p2a: Ninetales|Flamethrower|p1a: Conkeldurr
|-damage|p1a: Conkeldurr|0 fnt
|faint|p1a: Conkeldurr
|
|-weather|SunnyDay|[upkeep]
|-heal|p2a: Ninetales|30/100|[from] item: Leftovers
|upkeep
|
|switch|p1a: Latios|Latios, M|100/100
|-damage|p1a: Latios|88/100|[from] Stealth Rock
|turn|18
|
|move|p2a: Ninetales|Protect|p2a: Ninetales
|-singleturn|p2a: Ninetales|Protect
|move|p1a: Latios|Draco Meteor|p2a: Ninetales
|-activate|p2a: Ninetales|move: Protect
|
|-weather|SunnyDay|[upkeep]
|-heal|p2a: Ninetales|37/100|[from] item: Leftovers
|upkeep
|turn|19
|
|move|p1a: Latios|Draco Meteor|p2a: Ninetales
|-damage|p2a: Ninetales|0 fnt
|-unboost|p1a: Latios|spa|2
|faint|p2a: Ninetales
|
|-weather|SunnyDay|[upkeep]
|upkeep
|
|switch|p2a: Bronzong|Bronzong|62/100
|-damage|p2a: Bronzong|56/100|[from] Stealth Rock
|turn|20
|
|switch|p1a: Landorus|Landorus-Therian, M|39/100
|-damage|p1a: Landorus|27/100|[from] Stealth Rock
|-ability|p1a: Landorus|Intimidate|boost
|-unboost|p2a: Bronzong|atk|1
|move|p2a: Bronzong|Hidden Power|p1a: Landorus
|-damage|p1a: Landorus|0 fnt
|faint|p1a: Landorus
|
|-weather|SunnyDay|[upkeep]
|-heal|p2a: Bronzong|62/100|[from] item: Leftovers
|upkeep
|
|switch|p1a: Scizor|Scizor, F|100/100
|-damage|p1a: Scizor|88/100|[from] Stealth Rock
|turn|21
|
|move|p1a: Scizor|U-turn|p2a: Bronzong
|-damage|p2a: Bronzong|32/100
|
|switch|p1a: Latios|Latios, M|88/100|[from]move: U-turn
|-damage|p1a: Latios|76/100|[from] Stealth Rock
|move|p2a: Bronzong|Hidden Power|p1a: Latios
|-resisted|p1a: Latios
|-damage|p1a: Latios|65/100
|
|-weather|SunnyDay|[upkeep]
|-heal|p2a: Bronzong|39/100|[from] item: Leftovers
|upkeep
|turn|22
|
|switch|p2a: Excadrill|Excadrill, M|53/100
|-damage|p2a: Excadrill|50/100|[from] Stealth Rock
|-ability|p2a: Excadrill|Mold Breaker
|move|p1a: Latios|Draco Meteor|p2a: Excadrill
|-resisted|p2a: Excadrill
|-damage|p2a: Excadrill|0 fnt
|-unboost|p1a: Latios|spa|2
|faint|p2a: Excadrill
|
|-weather|SunnyDay|[upkeep]
|upkeep
|
|switch|p2a: Bronzong|Bronzong|39/100
|-damage|p2a: Bronzong|32/100|[from] Stealth Rock
|turn|23
|
|move|p1a: Latios|Draco Meteor|p2a: Bronzong
|-resisted|p2a: Bronzong
|-damage|p2a: Bronzong|10/100
|-unboost|p1a: Latios|spa|2
|move|p2a: Bronzong|Trick Room|p2a: Bronzong
|-fieldstart|move: Trick Room|[of] p2a: Bronzong
|
|-weather|SunnyDay|[upkeep]
|-heal|p2a: Bronzong|16/100|[from] item: Leftovers
|upkeep
|turn|24
|
|switch|p1a: Scizor|Scizor, F|88/100
|-damage|p1a: Scizor|76/100|[from] Stealth Rock
|move|p2a: Bronzong|Gyro Ball|p1a: Scizor
|-resisted|p1a: Scizor
|-damage|p1a: Scizor|44/100
|
|-weather|SunnyDay|[upkeep]
|-heal|p2a: Bronzong|23/100|[from] item: Leftovers
|upkeep
|turn|25
|
|move|p1a: Scizor|Bullet Punch|p2a: Bronzong
|-resisted|p2a: Bronzong
|-damage|p2a: Bronzong|10/100
|move|p2a: Bronzong|Hidden Power|p1a: Scizor
|-supereffective|p1a: Scizor
|-damage|p1a: Scizor|0 fnt
|faint|p1a: Scizor
|
|-weather|SunnyDay|[upkeep]
|-heal|p2a: Bronzong|16/100|[from] item: Leftovers
|upkeep
|
|switch|p1a: Latios|Latios, M|65/100
|-damage|p1a: Latios|52/100|[from] Stealth Rock
|turn|26
|
|move|p2a: Bronzong|Gyro Ball|p1a: Latios
|-crit|p1a: Latios
|-damage|p1a: Latios|0 fnt
|faint|p1a: Latios
|
|win|WhatBKCFailed
|c|☆WhatBKCFailed|gg
|raw|porrompompom's rating: 1615 &rarr; <strong>1589</strong><br />(-26 for losing)
|raw|WhatBKCFailed's rating: 1512 &rarr; <strong>1537</strong><br />(+25 for winning)
