|j|☆drogba in shenhua
|j|☆7 Grand Dads
|player|p1|drogba in shenhua|tate|1385
|player|p2|7 Grand Dads|254|1311
|teamsize|p1|6
|teamsize|p2|6
|gametype|singles
|gen|5
|tier|[Gen 5] OU
|rated|
|rule|Sleep Clause Mod: Limit one foe put to sleep
|rule|Species Clause: Limit one of each Pokémon
|rule|OHKO Clause: OHKO moves are banned
|rule|Moody Clause: Moody is banned
|rule|Evasion Moves Clause: Evasion moves are banned
|rule|Endless Battle Clause: Forcing endless battles is banned
|rule|HP Percentage Mod: HP is shown in percentages
|rule|Evasion Abilities Clause: Evasion abilities are banned
|rule|Baton Pass Clause: Limit one Baton Passer, can't pass Spe and other stats simultaneously
|rule|Swagger Clause: Swagger is banned
|clearpoke
|poke|p1|Politoed, F|item
|poke|p1|Ferrothorn, M|item
|poke|p1|Slowbro, F|item
|poke|p1|Aerodactyl, F|item
|poke|p1|Toxicroak, M|item
|poke|p1|Gliscor, M|item
|poke|p2|Latios, M|item
|poke|p2|Garchomp, F|item
|poke|p2|Dragonite, M|item
|poke|p2|Kyurem-Black|item
|poke|p2|Salamence, M|item
|poke|p2|Latias, F|item
|teampreview
|
|start
|switch|p1a: Politoed|Politoed, F|100/100
|switch|p2a: Desert Shark|Garchomp, F, shiny|100/100
|-weather|RainDance|[from] ability: Drizzle|[of] p1a: Politoed
|turn|1
|
|move|p2a: Desert Shark|Stealth Rock|p1a: Politoed
|-sidestart|p1: drogba in shenhua|move: Stealth Rock
|move|p1a: Politoed|Ice Beam|p2a: Desert Shark
|-supereffective|p2a: Desert Shark
|-enditem|p2a: Desert Shark|Yache Berry|[eat]
|-enditem|p2a: Desert Shark|Yache Berry|[weaken]
|-damage|p2a: Desert Shark|0 fnt
|faint|p2a: Desert Shark
|
|-weather|RainDance|[upkeep]
|upkeep
|
|switch|p2a: I'mBlackY'all|Kyurem-Black, shiny|100/100
|-ability|p2a: I'mBlackY'all|Teravolt
|turn|2
|
|switch|p1a: Ferrothorn|Ferrothorn, M|100/100
|-damage|p1a: Ferrothorn|94/100|[from] Stealth Rock
|move|p2a: I'mBlackY'all|Substitute|p2a: I'mBlackY'all
|-start|p2a: I'mBlackY'all|Substitute
|-damage|p2a: I'mBlackY'all|76/100
|
|-weather|RainDance|[upkeep]
|upkeep
|turn|3
|
|move|p2a: I'mBlackY'all|Freeze Shock||[still]
|-prepare|p2a: I'mBlackY'all|Freeze Shock|p1a: Ferrothorn
|-enditem|p2a: I'mBlackY'all|Power Herb
|-anim|p2a: I'mBlackY'all|Freeze Shock|p1a: Ferrothorn
|-damage|p1a: Ferrothorn|39/100
|move|p1a: Ferrothorn|Gyro Ball|p2a: I'mBlackY'all
|-supereffective|p2a: I'mBlackY'all
|-end|p2a: I'mBlackY'all|Substitute
|
|-weather|RainDance|[upkeep]
|upkeep
|turn|4
|
|move|p2a: I'mBlackY'all|Freeze Shock||[still]
|-prepare|p2a: I'mBlackY'all|Freeze Shock|p1a: Ferrothorn
|move|p1a: Ferrothorn|Stealth Rock|p2a: I'mBlackY'all
|-sidestart|p2: 7 Grand Dads|move: Stealth Rock
|
|-weather|RainDance|[upkeep]
|upkeep
|turn|5
|
|switch|p1a: Slowbro|Slowbro, F|100/100
|-damage|p1a: Slowbro|88/100|[from] Stealth Rock
|move|p2a: I'mBlackY'all|Freeze Shock|p1a: Slowbro|[from]lockedmove
|-resisted|p1a: Slowbro
|-damage|p1a: Slowbro|47/100
|
|-weather|RainDance|[upkeep]
|-heal|p1a: Slowbro|53/100|[from] item: Leftovers
|upkeep
|turn|6
|
|switch|p1a: Gliscor|Gliscor, M|100/100
|-damage|p1a: Gliscor|88/100|[from] Stealth Rock
|move|p2a: I'mBlackY'all|Fusion Bolt|p1a: Gliscor
|-immune|p1a: Gliscor
|
|-weather|RainDance|[upkeep]
|-status|p1a: Gliscor|tox|[from] item: Toxic Orb
|upkeep
|turn|7
|
|move|p2a: I'mBlackY'all|Substitute|p2a: I'mBlackY'all
|-start|p2a: I'mBlackY'all|Substitute
|-damage|p2a: I'mBlackY'all|51/100
|move|p1a: Gliscor|Facade|p2a: I'mBlackY'all
|-end|p2a: I'mBlackY'all|Substitute
|
|-weather|RainDance|[upkeep]
|-heal|p1a: Gliscor|100/100 tox|[from] ability: Poison Heal
|upkeep
|turn|8
|
|move|p2a: I'mBlackY'all|Outrage|p1a: Gliscor
|-damage|p1a: Gliscor|28/100 tox
|move|p1a: Gliscor|Facade|p2a: I'mBlackY'all
|-damage|p2a: I'mBlackY'all|16/100
|
|-weather|RainDance|[upkeep]
|-heal|p1a: Gliscor|40/100 tox|[from] ability: Poison Heal
|upkeep
|turn|9
|
|switch|p1a: Ferrothorn|Ferrothorn, M|39/100
|-damage|p1a: Ferrothorn|33/100|[from] Stealth Rock
|move|p2a: I'mBlackY'all|Outrage|p1a: Ferrothorn|[from]lockedmove
|-resisted|p1a: Ferrothorn
|-damage|p1a: Ferrothorn|9/100
|-damage|p2a: I'mBlackY'all|4/100|[from] ability: Iron Barbs|[of] p1a: Ferrothorn
|
|-weather|RainDance|[upkeep]
|upkeep
|turn|10
|
|move|p2a: I'mBlackY'all|Outrage|p1a: Ferrothorn|[from]lockedmove
|-resisted|p1a: Ferrothorn
|-damage|p1a: Ferrothorn|0 fnt
|-damage|p2a: I'mBlackY'all|0 fnt|[from] ability: Iron Barbs|[of] p1a: Ferrothorn
|faint|p2a: I'mBlackY'all
|faint|p1a: Ferrothorn
|
|-weather|RainDance|[upkeep]
|upkeep
|
|switch|p2a: Life Orb|Latios, M, shiny|100/100
|switch|p1a: Gliscor|Gliscor, M|40/100 tox
|-damage|p2a: Life Orb|88/100|[from] Stealth Rock
|-damage|p1a: Gliscor|28/100 tox|[from] Stealth Rock
|turn|11
|
|switch|p1a: Slowbro|Slowbro, F|86/100
|-damage|p1a: Slowbro|74/100|[from] Stealth Rock
|move|p2a: Life Orb|Draco Meteor|p1a: Slowbro
|-damage|p1a: Slowbro|0 fnt
|-unboost|p2a: Life Orb|spa|2
|faint|p1a: Slowbro
|
|-weather|RainDance|[upkeep]
|upkeep
|
|switch|p1a: Toxicroak|Toxicroak, M|100/100
|-damage|p1a: Toxicroak|94/100|[from] Stealth Rock
|turn|12
|
|switch|p2a: Dragon Tales|Dragonite, M, shiny|100/100
|-damage|p2a: Dragon Tales|76/100|[from] Stealth Rock
|move|p1a: Toxicroak|Substitute|p1a: Toxicroak
|-start|p1a: Toxicroak|Substitute
|-damage|p1a: Toxicroak|70/100
|
|-weather|RainDance|[upkeep]
|-heal|p1a: Toxicroak|82/100|[from] ability: Dry Skin
|-heal|p1a: Toxicroak|88/100|[from] item: Black Sludge
|upkeep
|turn|13
|
|move|p1a: Toxicroak|Swords Dance|p1a: Toxicroak
|-boost|p1a: Toxicroak|atk|2
|move|p2a: Dragon Tales|Earthquake|p1a: Toxicroak
|-supereffective|p1a: Toxicroak
|-end|p1a: Toxicroak|Substitute
|
|-weather|RainDance|[upkeep]
|-heal|p1a: Toxicroak|100/100|[from] ability: Dry Skin
|upkeep
|turn|14
|
|move|p1a: Toxicroak|Sucker Punch|p2a: Dragon Tales
|-damage|p2a: Dragon Tales|22/100
|move|p2a: Dragon Tales|Earthquake|p1a: Toxicroak
|-supereffective|p1a: Toxicroak
|-damage|p1a: Toxicroak|0 fnt
|faint|p1a: Toxicroak
|
|-weather|RainDance|[upkeep]
|upkeep
|
|switch|p1a: Aerodactyl|Aerodactyl, F|100/100
|-damage|p1a: Aerodactyl|76/100|[from] Stealth Rock
|turn|15
|
|move|p1a: Aerodactyl|Double-Edge|p2a: Dragon Tales
|-damage|p2a: Dragon Tales|0 fnt
|-damage|p1a: Aerodactyl|66/100|[from] item: Life Orb
|faint|p2a: Dragon Tales
|
|-weather|RainDance|[upkeep]
|upkeep
|j| wobbadeewa
|
|switch|p2a: Life Orb|Latios, M, shiny|88/100
|-damage|p2a: Life Orb|76/100|[from] Stealth Rock
|turn|16
|
|switch|p2a: Salamence|Salamence, M|100/100
|-damage|p2a: Salamence|76/100|[from] Stealth Rock
|move|p1a: Aerodactyl|Double-Edge|p2a: Salamence
|-damage|p2a: Salamence|19/100
|-damage|p1a: Aerodactyl|56/100|[from] item: Life Orb
|
|-weather|RainDance|[upkeep]
|upkeep
|turn|17
|
|move|p1a: Aerodactyl|Double-Edge|p2a: Salamence
|-damage|p2a: Salamence|0 fnt
|-damage|p1a: Aerodactyl|46/100|[from] item: Life Orb
|faint|p2a: Salamence
|
|-weather|RainDance|[upkeep]
|upkeep
|
|switch|p2a: Calm Mind|Latias, F, shiny|100/100
|-damage|p2a: Calm Mind|88/100|[from] Stealth Rock
|turn|18
|
|switch|p1a: Gliscor|Gliscor, M|28/100 tox
|-damage|p1a: Gliscor|15/100 tox|[from] Stealth Rock
|move|p2a: Calm Mind|Draco Meteor|p1a: Gliscor
|-damage|p1a: Gliscor|0 fnt
|-unboost|p2a: Calm Mind|spa|2
|faint|p1a: Gliscor
|
|-weather|RainDance|[upkeep]
|upkeep
|
|switch|p1a: Politoed|Politoed, F|100/100
|-damage|p1a: Politoed|88/100|[from] Stealth Rock
|turn|19
|
|switch|p2a: Life Orb|Latios, M, shiny|76/100
|-damage|p2a: Life Orb|64/100|[from] Stealth Rock
|move|p1a: Politoed|Ice Beam|p2a: Life Orb
|-supereffective|p2a: Life Orb
|-damage|p2a: Life Orb|0 fnt
|faint|p2a: Life Orb
|
|-weather|RainDance|[upkeep]
|upkeep
|
|switch|p2a: Calm Mind|Latias, F, shiny|88/100
|-damage|p2a: Calm Mind|76/100|[from] Stealth Rock
|turn|20
|
|move|p2a: Calm Mind|Thunderbolt|p1a: Politoed
|-supereffective|p1a: Politoed
|-damage|p1a: Politoed|37/100
|move|p1a: Politoed|Ice Beam|p2a: Calm Mind
|-supereffective|p2a: Calm Mind
|-damage|p2a: Calm Mind|2/100
|-status|p2a: Calm Mind|frz
|
|-weather|RainDance|[upkeep]
|upkeep
|turn|21
|
|-curestatus|p2a: Calm Mind|frz|[msg]
|move|p2a: Calm Mind|Thunderbolt|p1a: Politoed
|-supereffective|p1a: Politoed
|-damage|p1a: Politoed|0 fnt
|faint|p1a: Politoed
|
|-weather|RainDance|[upkeep]
|upkeep
|
|switch|p1a: Aerodactyl|Aerodactyl, F|46/100
|-damage|p1a: Aerodactyl|21/100|[from] Stealth Rock
|turn|22
|
|move|p2a: Calm Mind|Thunderbolt|p1a: Aerodactyl
|-supereffective|p1a: Aerodactyl
|-damage|p1a: Aerodactyl|0 fnt
|faint|p1a: Aerodactyl
|
|win|7 Grand Dads
|raw|drogba in shenhua's rating: 1385 &rarr; <strong>1361</strong><br />(-24 for losing)
|raw|7 Grand Dads's rating: 1312 &rarr; <strong>1336</strong><br />(+24 for winning)
|l|☆drogba in shenhua
