|j|☆unpersons
|j|☆Invisible Enemy
|player|p1|unpersons|1
|player|p2|Invisible Enemy|52
|teamsize|p1|6
|teamsize|p2|6
|gametype|singles
|gen|5
|tier|[Gen 5] OU
|rated|
|rule|Sleep Clause Mod: Limit one foe put to sleep
|rule|Species Clause: Limit one of each Pokémon
|rule|OHKO Clause: OHKO moves are banned
|rule|Moody Clause: Moody is banned
|rule|Evasion Moves Clause: Evasion moves are banned
|rule|Endless Battle Clause: Forcing endless battles is banned
|rule|HP Percentage Mod: HP is shown in percentages
|rule|Evasion Abilities Clause: Evasion abilities are banned
|rule|Baton Pass Clause: Limit one Baton Passer, can't pass Spe and other stats simultaneously
|rule|Swagger Clause: Swagger is banned
|clearpoke
|poke|p1|Tyranitar, M|item
|poke|p1|Magnezone|item
|poke|p1|Amoonguss, M|item
|poke|p1|Bronzong|item
|poke|p1|Landorus-Therian, M|item
|poke|p1|Kingdra, M|item
|poke|p2|Tyranitar, M|item
|poke|p2|Jellicent, M|item
|poke|p2|Landorus-Therian, M|item
|poke|p2|Ferrothorn, F|item
|poke|p2|Alakazam, M|item
|poke|p2|Mienshao, M|item
|teampreview
|c|☆Invisible Enemy|Hey, have fun :]
|c|☆unpersons|gl hf man
|
|start
|switch|p1a: Landorus|Landorus-Therian, M|100/100
|switch|p2a: Mienshao|Mienshao, M|100/100
|-ability|p1a: Landorus|Intimidate|boost
|-unboost|p2a: Mienshao|atk|1
|turn|1
|
|move|p2a: Mienshao|Hidden Power|p1a: Landorus
|-supereffective|p1a: Landorus
|-damage|p1a: Landorus|28/100
|move|p1a: Landorus|Earthquake|p2a: Mienshao
|-damage|p2a: Mienshao|0 fnt
|faint|p2a: Mienshao
|
|upkeep
|
|switch|p2a: Alakazam|Alakazam, M|100/100
|turn|2
|
|switch|p1a: Bronzong|Bronzong|100/100
|move|p2a: Alakazam|Shadow Ball|p1a: Bronzong
|-damage|p1a: Bronzong|81/100
|-unboost|p1a: Bronzong|spd|1
|
|-heal|p1a: Bronzong|87/100|[from] item: Leftovers
|upkeep
|turn|3
|
|switch|p1a: Magnezone|Magnezone|100/100
|move|p2a: Alakazam|Focus Blast|p1a: Magnezone
|-supereffective|p1a: Magnezone
|-enditem|p1a: Magnezone|Chople Berry|[eat]
|-enditem|p1a: Magnezone|Chople Berry|[weaken]
|-damage|p1a: Magnezone|54/100
|
|upkeep
|turn|4
|
|switch|p1a: Bronzong|Bronzong|87/100
|move|p2a: Alakazam|Focus Blast|p1a: Bronzong
|-damage|p1a: Bronzong|57/100
|
|-heal|p1a: Bronzong|63/100|[from] item: Leftovers
|upkeep
|turn|5
|
|switch|p2a: Jellicent|Jellicent, M|100/100
|move|p1a: Bronzong|Toxic|p2a: Jellicent|[miss]
|-miss|p1a: Bronzong|p2a: Jellicent
|
|-heal|p1a: Bronzong|69/100|[from] item: Leftovers
|upkeep
|turn|6
|
|switch|p1a: Amoonguss|Amoonguss, M|100/100
|move|p2a: Jellicent|Taunt|p1a: Amoonguss
|-start|p1a: Amoonguss|move: Taunt
|
|upkeep
|turn|7
|
|move|p2a: Jellicent|Will-O-Wisp|p1a: Amoonguss
|-status|p1a: Amoonguss|brn
|move|p1a: Amoonguss|Giga Drain|p2a: Jellicent
|-supereffective|p2a: Jellicent
|-damage|p2a: Jellicent|66/100
|
|-heal|p2a: Jellicent|72/100|[from] item: Leftovers
|-damage|p1a: Amoonguss|88/100 brn|[from] brn
|upkeep
|turn|8
|
|switch|p2a: Tyranitar|Tyranitar, M|100/100
|-weather|Sandstorm|[from] ability: Sand Stream|[of] p2a: Tyranitar
|switch|p1a: Tyranitar|Tyranitar, M|100/100
|
|-weather|Sandstorm|[upkeep]
|upkeep
|turn|9
|
|move|p2a: Tyranitar|Stealth Rock|p1a: Tyranitar
|-sidestart|p1: unpersons|move: Stealth Rock
|move|p1a: Tyranitar|Stealth Rock|p2a: Tyranitar
|-sidestart|p2: Invisible Enemy|move: Stealth Rock
|
|-weather|Sandstorm|[upkeep]
|upkeep
|turn|10
|
|switch|p2a: Landorus|Landorus-Therian, M|100/100
|-damage|p2a: Landorus|88/100|[from] Stealth Rock
|-ability|p2a: Landorus|Intimidate|boost
|-unboost|p1a: Tyranitar|atk|1
|move|p1a: Tyranitar|Rock Slide|p2a: Landorus
|-damage|p2a: Landorus|66/100
|
|-weather|Sandstorm|[upkeep]
|upkeep
|turn|11
|
|switch|p1a: Landorus|Landorus-Therian, M|28/100
|-damage|p1a: Landorus|16/100|[from] Stealth Rock
|-ability|p1a: Landorus|Intimidate|boost
|-unboost|p2a: Landorus|atk|1
|move|p2a: Landorus|Earthquake|p1a: Landorus
|-immune|p1a: Landorus|[msg]
|
|-weather|Sandstorm|[upkeep]
|upkeep
|turn|12
|
|move|p1a: Landorus|Stone Edge|p2a: Landorus
|-damage|p2a: Landorus|30/100
|move|p2a: Landorus|U-turn|p1a: Landorus
|-resisted|p1a: Landorus
|-crit|p1a: Landorus
|-damage|p1a: Landorus|0 fnt
|faint|p1a: Landorus
|
|switch|p2a: Alakazam|Alakazam, M|100/100
|
|-weather|Sandstorm|[upkeep]
|upkeep
|
|switch|p1a: Bronzong|Bronzong|69/100
|-damage|p1a: Bronzong|63/100|[from] Stealth Rock
|turn|13
|
|switch|p2a: Ferrothorn|Ferrothorn, F|100/100
|-damage|p2a: Ferrothorn|94/100|[from] Stealth Rock
|move|p1a: Bronzong|Gyro Ball|p2a: Ferrothorn
|-resisted|p2a: Ferrothorn
|-damage|p2a: Ferrothorn|91/100
|-damage|p1a: Bronzong|50/100|[from] ability: Iron Barbs|[of] p2a: Ferrothorn
|
|-weather|Sandstorm|[upkeep]
|-heal|p2a: Ferrothorn|97/100|[from] item: Leftovers
|-heal|p1a: Bronzong|57/100|[from] item: Leftovers
|upkeep
|turn|14
|
|switch|p2a: Landorus|Landorus-Therian, M|30/100
|-damage|p2a: Landorus|17/100|[from] Stealth Rock
|-ability|p2a: Landorus|Intimidate|boost
|-unboost|p1a: Bronzong|atk|1
|move|p1a: Bronzong|Toxic|p2a: Landorus
|-status|p2a: Landorus|tox
|
|-weather|Sandstorm|[upkeep]
|-heal|p1a: Bronzong|63/100|[from] item: Leftovers
|-damage|p2a: Landorus|11/100 tox|[from] psn
|upkeep
|turn|15
|
|move|p1a: Bronzong|Protect|p1a: Bronzong
|-singleturn|p1a: Bronzong|Protect
|move|p2a: Landorus|U-turn|p1a: Bronzong
|-activate|p1a: Bronzong|move: Protect
|
|-weather|Sandstorm|[upkeep]
|-heal|p1a: Bronzong|69/100|[from] item: Leftovers
|-damage|p2a: Landorus|0 fnt|[from] psn
|upkeep
|faint|p2a: Landorus
|
|switch|p2a: Jellicent|Jellicent, M|72/100
|-damage|p2a: Jellicent|60/100|[from] Stealth Rock
|turn|16
|
|move|p2a: Jellicent|Scald|p1a: Bronzong
|-damage|p1a: Bronzong|50/100
|move|p1a: Bronzong|Toxic|p2a: Jellicent
|-status|p2a: Jellicent|tox
|
|-weather|Sandstorm|[upkeep]
|-damage|p2a: Jellicent|54/100 tox|[from] Sandstorm
|-heal|p2a: Jellicent|60/100 tox|[from] item: Leftovers
|-heal|p1a: Bronzong|56/100|[from] item: Leftovers
|-damage|p2a: Jellicent|54/100 tox|[from] psn
|upkeep
|turn|17
|
|move|p1a: Bronzong|Protect|p1a: Bronzong
|-singleturn|p1a: Bronzong|Protect
|move|p2a: Jellicent|Recover|p2a: Jellicent
|-heal|p2a: Jellicent|100/100 tox
|
|-weather|Sandstorm|[upkeep]
|-damage|p2a: Jellicent|94/100 tox|[from] Sandstorm
|-heal|p2a: Jellicent|100/100 tox|[from] item: Leftovers
|-heal|p1a: Bronzong|63/100|[from] item: Leftovers
|-damage|p2a: Jellicent|88/100 tox|[from] psn
|upkeep
|turn|18
|
|switch|p1a: Amoonguss|Amoonguss, M|100/100 brn
|-damage|p1a: Amoonguss|88/100 brn|[from] Stealth Rock
|move|p2a: Jellicent|Will-O-Wisp|p1a: Amoonguss
|-fail|p1a: Amoonguss|brn
|
|-weather|Sandstorm|[upkeep]
|-damage|p2a: Jellicent|82/100 tox|[from] Sandstorm
|-damage|p1a: Amoonguss|82/100 brn|[from] Sandstorm
|-heal|p2a: Jellicent|88/100 tox|[from] item: Leftovers
|-heal|p1a: Amoonguss|88/100 brn|[from] item: Black Sludge
|-damage|p2a: Jellicent|69/100 tox|[from] psn
|-damage|p1a: Amoonguss|75/100 brn|[from] brn
|upkeep
|turn|19
|
|switch|p2a: Tyranitar|Tyranitar, M|100/100
|-damage|p2a: Tyranitar|88/100|[from] Stealth Rock
|move|p1a: Amoonguss|Spore|p2a: Tyranitar
|-status|p2a: Tyranitar|slp
|
|-weather|Sandstorm|[upkeep]
|-damage|p1a: Amoonguss|69/100 brn|[from] Sandstorm
|-heal|p1a: Amoonguss|75/100 brn|[from] item: Black Sludge
|-damage|p1a: Amoonguss|63/100 brn|[from] brn
|upkeep
|turn|20
|
|cant|p2a: Tyranitar|slp
|move|p1a: Amoonguss|Giga Drain|p2a: Tyranitar
|-supereffective|p2a: Tyranitar
|-damage|p2a: Tyranitar|64/100 slp
|-heal|p1a: Amoonguss|74/100 brn|[from] drain|[of] p2a: Tyranitar
|
|-weather|Sandstorm|[upkeep]
|-damage|p1a: Amoonguss|68/100 brn|[from] Sandstorm
|-heal|p1a: Amoonguss|74/100 brn|[from] item: Black Sludge
|-damage|p1a: Amoonguss|62/100 brn|[from] brn
|upkeep
|turn|21
|
|cant|p2a: Tyranitar|slp
|move|p1a: Amoonguss|Giga Drain|p2a: Tyranitar
|-supereffective|p2a: Tyranitar
|-damage|p2a: Tyranitar|40/100 slp
|-heal|p1a: Amoonguss|73/100 brn|[from] drain|[of] p2a: Tyranitar
|
|-weather|Sandstorm|[upkeep]
|-damage|p1a: Amoonguss|67/100 brn|[from] Sandstorm
|-heal|p1a: Amoonguss|73/100 brn|[from] item: Black Sludge
|-damage|p1a: Amoonguss|60/100 brn|[from] brn
|upkeep
|turn|22
|
|cant|p2a: Tyranitar|slp
|move|p1a: Amoonguss|Giga Drain|p2a: Tyranitar
|-supereffective|p2a: Tyranitar
|-damage|p2a: Tyranitar|17/100 slp
|-heal|p1a: Amoonguss|71/100 brn|[from] drain|[of] p2a: Tyranitar
|
|-weather|Sandstorm|[upkeep]
|-damage|p1a: Amoonguss|65/100 brn|[from] Sandstorm
|-heal|p1a: Amoonguss|71/100 brn|[from] item: Black Sludge
|-damage|p1a: Amoonguss|59/100 brn|[from] brn
|upkeep
|turn|23
|
|-curestatus|p2a: Tyranitar|slp|[msg]
|move|p2a: Tyranitar|Pursuit|p1a: Amoonguss
|-damage|p1a: Amoonguss|37/100 brn
|move|p1a: Amoonguss|Giga Drain|p2a: Tyranitar
|-supereffective|p2a: Tyranitar
|-damage|p2a: Tyranitar|0 fnt
|-heal|p1a: Amoonguss|45/100 brn|[from] drain|[of] p2a: Tyranitar
|faint|p2a: Tyranitar
|
|-weather|Sandstorm|[upkeep]
|-damage|p1a: Amoonguss|39/100 brn|[from] Sandstorm
|-heal|p1a: Amoonguss|45/100 brn|[from] item: Black Sludge
|-damage|p1a: Amoonguss|32/100 brn|[from] brn
|upkeep
|
|switch|p2a: Alakazam|Alakazam, M|100/100
|turn|24
|
|move|p2a: Alakazam|Hidden Power|p1a: Amoonguss
|-supereffective|p1a: Amoonguss
|-crit|p1a: Amoonguss
|-damage|p1a: Amoonguss|0 fnt
|faint|p1a: Amoonguss
|
|-weather|Sandstorm|[upkeep]
|upkeep
|
|switch|p1a: Tyranitar|Tyranitar, M|100/100
|-damage|p1a: Tyranitar|88/100|[from] Stealth Rock
|turn|25
|
|move|p2a: Alakazam|Focus Blast|p1a: Tyranitar
|-supereffective|p1a: Tyranitar
|-damage|p1a: Tyranitar|3/100
|move|p1a: Tyranitar|Pursuit|p2a: Alakazam
|-supereffective|p2a: Alakazam
|-enditem|p2a: Alakazam|Focus Sash
|-damage|p2a: Alakazam|1/100
|
|-weather|Sandstorm|[upkeep]
|upkeep
|turn|26
|
|move|p2a: Alakazam|Shadow Ball|p1a: Tyranitar
|-resisted|p1a: Tyranitar
|-damage|p1a: Tyranitar|0 fnt
|faint|p1a: Tyranitar
|
|-weather|Sandstorm|[upkeep]
|upkeep
|
|switch|p1a: Kingdra|Kingdra, M|100/100
|-damage|p1a: Kingdra|88/100|[from] Stealth Rock
|turn|27
|
|switch|p2a: Ferrothorn|Ferrothorn, F|97/100
|-damage|p2a: Ferrothorn|91/100|[from] Stealth Rock
|move|p1a: Kingdra|Dragon Pulse|p2a: Ferrothorn
|-resisted|p2a: Ferrothorn
|-damage|p2a: Ferrothorn|70/100
|-damage|p1a: Kingdra|78/100|[from] item: Life Orb
|
|-weather|Sandstorm|[upkeep]
|-damage|p1a: Kingdra|72/100|[from] Sandstorm
|-heal|p2a: Ferrothorn|76/100|[from] item: Leftovers
|upkeep
|turn|28
|
|move|p1a: Kingdra|Dragon Pulse|p2a: Ferrothorn
|-resisted|p2a: Ferrothorn
|-damage|p2a: Ferrothorn|58/100
|-damage|p1a: Kingdra|62/100|[from] item: Life Orb
|move|p2a: Ferrothorn|Leech Seed|p1a: Kingdra
|-start|p1a: Kingdra|move: Leech Seed
|
|-weather|Sandstorm|[upkeep]
|-damage|p1a: Kingdra|56/100|[from] Sandstorm
|-heal|p2a: Ferrothorn|64/100|[from] item: Leftovers
|-damage|p1a: Kingdra|44/100|[from] Leech Seed|[of] p2a: Ferrothorn
|-heal|p2a: Ferrothorn|74/100|[silent]
|upkeep
|turn|29
|
|switch|p1a: Magnezone|Magnezone|54/100
|-damage|p1a: Magnezone|48/100|[from] Stealth Rock
|switch|p2a: Jellicent|Jellicent, M|69/100 tox
|-damage|p2a: Jellicent|57/100 tox|[from] Stealth Rock
|
|-weather|Sandstorm|[upkeep]
|-damage|p2a: Jellicent|51/100 tox|[from] Sandstorm
|-heal|p2a: Jellicent|57/100 tox|[from] item: Leftovers
|-damage|p2a: Jellicent|51/100 tox|[from] psn
|upkeep
|turn|30
|
|move|p1a: Magnezone|Thunderbolt|p2a: Jellicent
|-supereffective|p2a: Jellicent
|-damage|p2a: Jellicent|0 fnt
|faint|p2a: Jellicent
|
|-weather|Sandstorm|[upkeep]
|upkeep
|
|switch|p2a: Alakazam|Alakazam, M|1/100
|turn|31
|
|switch|p1a: Kingdra|Kingdra, M|44/100
|-damage|p1a: Kingdra|31/100|[from] Stealth Rock
|move|p2a: Alakazam|Hidden Power|p1a: Kingdra
|-resisted|p1a: Kingdra
|-damage|p1a: Kingdra|23/100
|
|-weather|Sandstorm|[upkeep]
|-damage|p1a: Kingdra|17/100|[from] Sandstorm
|upkeep
|turn|32
|
|move|p2a: Alakazam|Psychic|p1a: Kingdra
|-damage|p1a: Kingdra|0 fnt
|faint|p1a: Kingdra
|
|-weather|Sandstorm|[upkeep]
|upkeep
|
|switch|p1a: Bronzong|Bronzong|63/100
|-damage|p1a: Bronzong|56/100|[from] Stealth Rock
|turn|33
|
|switch|p2a: Ferrothorn|Ferrothorn, F|74/100
|-damage|p2a: Ferrothorn|68/100|[from] Stealth Rock
|move|p1a: Bronzong|Earthquake|p2a: Ferrothorn
|-damage|p2a: Ferrothorn|54/100
|
|-weather|Sandstorm|[upkeep]
|-heal|p2a: Ferrothorn|60/100|[from] item: Leftovers
|-heal|p1a: Bronzong|63/100|[from] item: Leftovers
|upkeep
|turn|34
|
|move|p1a: Bronzong|Protect|p1a: Bronzong
|-singleturn|p1a: Bronzong|Protect
|move|p2a: Ferrothorn|Leech Seed|p1a: Bronzong
|-activate|p1a: Bronzong|move: Protect
|
|-weather|Sandstorm|[upkeep]
|-heal|p2a: Ferrothorn|67/100|[from] item: Leftovers
|-heal|p1a: Bronzong|69/100|[from] item: Leftovers
|upkeep
|turn|35
|
|move|p2a: Ferrothorn|Leech Seed|p1a: Bronzong
|-start|p1a: Bronzong|move: Leech Seed
|move|p1a: Bronzong|Earthquake|p2a: Ferrothorn
|-damage|p2a: Ferrothorn|52/100
|
|-weather|Sandstorm|[upkeep]
|-heal|p2a: Ferrothorn|58/100|[from] item: Leftovers
|-heal|p1a: Bronzong|75/100|[from] item: Leftovers
|-damage|p1a: Bronzong|63/100|[from] Leech Seed|[of] p2a: Ferrothorn
|-heal|p2a: Ferrothorn|70/100|[silent]
|upkeep
|turn|36
|
|move|p2a: Ferrothorn|Leech Seed|p1a: Bronzong|[miss]
|-miss|p2a: Ferrothorn|p1a: Bronzong
|move|p1a: Bronzong|Earthquake|p2a: Ferrothorn
|-damage|p2a: Ferrothorn|57/100
|
|-weather|Sandstorm|[upkeep]
|-heal|p2a: Ferrothorn|64/100|[from] item: Leftovers
|-heal|p1a: Bronzong|69/100|[from] item: Leftovers
|-damage|p1a: Bronzong|56/100|[from] Leech Seed|[of] p2a: Ferrothorn
|-heal|p2a: Ferrothorn|75/100|[silent]
|upkeep
|turn|37
|
|switch|p2a: Alakazam|Alakazam, M|1/100
|move|p1a: Bronzong|Earthquake|p2a: Alakazam
|-damage|p2a: Alakazam|0 fnt
|faint|p2a: Alakazam
|
|-weather|Sandstorm|[upkeep]
|-heal|p1a: Bronzong|63/100|[from] item: Leftovers
|upkeep
|
|switch|p2a: Ferrothorn|Ferrothorn, F|75/100
|-damage|p2a: Ferrothorn|69/100|[from] Stealth Rock
|turn|38
|c|☆unpersons|I want you to know that you are truly a great player
|
|switch|p1a: Magnezone|Magnezone|48/100
|-damage|p1a: Magnezone|42/100|[from] Stealth Rock
|move|p2a: Ferrothorn|Leech Seed|p1a: Magnezone
|-start|p1a: Magnezone|move: Leech Seed
|
|-weather|Sandstorm|[upkeep]
|-heal|p2a: Ferrothorn|75/100|[from] item: Leftovers
|-damage|p1a: Magnezone|29/100|[from] Leech Seed|[of] p2a: Ferrothorn
|-heal|p2a: Ferrothorn|87/100|[silent]
|upkeep
|turn|39
|c|☆Invisible Enemy|ahah, thx man, you're good as well indeed :]
|
|move|p2a: Ferrothorn|Protect|p2a: Ferrothorn
|-singleturn|p2a: Ferrothorn|Protect
|move|p1a: Magnezone|Hidden Power|p2a: Ferrothorn
|-activate|p2a: Ferrothorn|move: Protect
|
|-weather|Sandstorm|[upkeep]
|-heal|p2a: Ferrothorn|93/100|[from] item: Leftovers
|-damage|p1a: Magnezone|17/100|[from] Leech Seed|[of] p2a: Ferrothorn
|-heal|p2a: Ferrothorn|100/100|[silent]
|upkeep
|turn|40
|
|switch|p1a: Bronzong|Bronzong|63/100
|-damage|p1a: Bronzong|56/100|[from] Stealth Rock
|move|p2a: Ferrothorn|Spikes|p1a: Bronzong
|-sidestart|p1: unpersons|Spikes
|
|-weather|Sandstorm|[upkeep]
|-heal|p1a: Bronzong|63/100|[from] item: Leftovers
|upkeep
|turn|41
|
|move|p2a: Ferrothorn|Leech Seed|p1a: Bronzong
|-start|p1a: Bronzong|move: Leech Seed
|move|p1a: Bronzong|Earthquake|p2a: Ferrothorn
|-damage|p2a: Ferrothorn|88/100
|
|-weather|Sandstorm|[upkeep]
|-heal|p2a: Ferrothorn|94/100|[from] item: Leftovers
|-heal|p1a: Bronzong|69/100|[from] item: Leftovers
|-damage|p1a: Bronzong|56/100|[from] Leech Seed|[of] p2a: Ferrothorn
|-heal|p2a: Ferrothorn|100/100|[silent]
|upkeep
|turn|42
|
|move|p1a: Bronzong|Protect|p1a: Bronzong
|-singleturn|p1a: Bronzong|Protect
|move|p2a: Ferrothorn|Leech Seed|p1a: Bronzong
|-activate|p1a: Bronzong|move: Protect
|
|-weather|Sandstorm|[upkeep]
|-heal|p1a: Bronzong|63/100|[from] item: Leftovers
|-damage|p1a: Bronzong|50/100|[from] Leech Seed|[of] p2a: Ferrothorn
|upkeep
|turn|43
|
|move|p2a: Ferrothorn|Leech Seed|p1a: Bronzong
|-fail|p2a: Ferrothorn
|move|p1a: Bronzong|Earthquake|p2a: Ferrothorn
|-crit|p2a: Ferrothorn
|-damage|p2a: Ferrothorn|74/100
|
|-weather|Sandstorm|[upkeep]
|-heal|p2a: Ferrothorn|80/100|[from] item: Leftovers
|-heal|p1a: Bronzong|56/100|[from] item: Leftovers
|-damage|p1a: Bronzong|44/100|[from] Leech Seed|[of] p2a: Ferrothorn
|-heal|p2a: Ferrothorn|92/100|[silent]
|upkeep
|turn|44
|
|switch|p1a: Magnezone|Magnezone|17/100
|-damage|p1a: Magnezone|11/100|[from] Stealth Rock
|-damage|p1a: Magnezone|0 fnt|[from] Spikes
|faint|p1a: Magnezone
|move|p2a: Ferrothorn|Spikes|p1: Magnezone
|-sidestart|p1: unpersons|Spikes
|
|-weather|Sandstorm|[upkeep]
|-heal|p2a: Ferrothorn|99/100|[from] item: Leftovers
|upkeep
|c|☆unpersons|if only I expected both spikes and rocks
|
|switch|p1a: Bronzong|Bronzong|44/100
|-damage|p1a: Bronzong|38/100|[from] Stealth Rock
|turn|45
|
|move|p1a: Bronzong|Protect|p1a: Bronzong
|-singleturn|p1a: Bronzong|Protect
|move|p2a: Ferrothorn|Leech Seed|p1a: Bronzong
|-activate|p1a: Bronzong|move: Protect
|
|-weather|Sandstorm|[upkeep]
|-heal|p2a: Ferrothorn|100/100|[from] item: Leftovers
|-heal|p1a: Bronzong|44/100|[from] item: Leftovers
|upkeep
|turn|46
|
|move|p2a: Ferrothorn|Leech Seed|p1a: Bronzong
|-start|p1a: Bronzong|move: Leech Seed
|move|p1a: Bronzong|Earthquake|p2a: Ferrothorn
|-damage|p2a: Ferrothorn|88/100
|
|-weather|Sandstorm|[upkeep]
|-heal|p2a: Ferrothorn|94/100|[from] item: Leftovers
|-heal|p1a: Bronzong|50/100|[from] item: Leftovers
|-damage|p1a: Bronzong|38/100|[from] Leech Seed|[of] p2a: Ferrothorn
|-heal|p2a: Ferrothorn|100/100|[silent]
|upkeep
|turn|47
|c|☆Invisible Enemy|me being able to spikes has been such a huuuge turn for me yup
|c|☆unpersons|I hesitated too much
|c|☆unpersons|so close yet so far from the top
|
|move|p2a: Ferrothorn|Power Whip|p1a: Bronzong
|-resisted|p1a: Bronzong
|-damage|p1a: Bronzong|22/100
|move|p1a: Bronzong|Earthquake|p2a: Ferrothorn
|-damage|p2a: Ferrothorn|88/100
|
|-weather|Sandstorm|[upkeep]
|-heal|p2a: Ferrothorn|94/100|[from] item: Leftovers
|-heal|p1a: Bronzong|29/100|[from] item: Leftovers
|-damage|p1a: Bronzong|16/100|[from] Leech Seed|[of] p2a: Ferrothorn
|-heal|p2a: Ferrothorn|100/100|[silent]
|upkeep
|turn|48
|c|☆Invisible Enemy|ahah, you'll definitely get there my man
|
|move|p2a: Ferrothorn|Power Whip|p1a: Bronzong
|-resisted|p1a: Bronzong
|-damage|p1a: Bronzong|0 fnt
|faint|p1a: Bronzong
|
|win|Invisible Enemy
|c|☆unpersons|I was
|c|☆unpersons|already
|raw|unpersons's rating: 1471 &rarr; <strong>1450</strong><br />(-21 for losing)
|raw|Invisible Enemy's rating: 1457 &rarr; <strong>1478</strong><br />(+21 for winning)
|c|☆unpersons|I dropped down from 1500 due to crits
|c|☆Invisible Enemy|orly? how much did you get? :)
|c|☆unpersons|and rolls
|c|☆Invisible Enemy|ah.. i know the feel man, this alt i'm currently on used to be at ~1520
|c|☆unpersons|I toxiced an azu and stalled it to 1 percent
|c|☆unpersons|next match I took a focus blast crit on a chansey
|c|☆Invisible Enemy|good thing i've still got 2 others at 1520+ huehue
|c|☆Invisible Enemy|oof
|c|☆unpersons|huehuehue
|c|☆unpersons|anyway
|c|☆unpersons|take the win
|c|☆unpersons|gg wp
|c|☆Invisible Enemy|always happens man, whenever you're getting close or you're in need of a bit of luck, shits gonna happen
|c|☆Invisible Enemy|gg !
