|j|☆TheRareCandyDealer
|j|☆sawk123
|player|p1|TheRareCandyDealer|dragontamer|1446
|player|p2|sawk123|266|1367
|teamsize|p1|6
|teamsize|p2|6
|gametype|singles
|gen|5
|tier|[Gen 5] OU
|rated|
|clearpoke
|poke|p1|Lapras, F|item
|poke|p1|Chansey, F|item
|poke|p1|Skarmory, F|item
|poke|p1|Tentacruel, F|item
|poke|p1|Landorus-Therian, M|item
|poke|p1|Haxorus, M|item
|poke|p2|Dragonite, M|item
|poke|p2|Chandelure, M|item
|poke|p2|Rhyperior, F|item
|poke|p2|Lucario, F|item
|poke|p2|Empoleon, F|item
|poke|p2|Sceptile, M|item
|rule|Species Clause: Limit one of each Pokémon
|rule|OHKO Clause: OHKO moves are banned
|rule|Moody Clause: Moody is banned
|rule|Evasion Moves Clause: Evasion moves are banned
|rule|Endless Battle Clause: Forcing endless battles is banned
|rule|HP Percentage Mod: HP is shown in percentages
|rule|Evasion Abilities Clause: Evasion abilities are banned
|rule|Baton Pass Clause: Limit one Baton Passer, can't pass Spe and other stats simultaneously
|rule|Sleep Clause: Sleep-inducing moves are banned
|rule|Swagger Clause: Swagger is banned
|teampreview
|
|start
|switch|p1a: Nessy|Lapras, F, shiny|100/100
|switch|p2a: Rhyperior|Rhyperior, F|100/100
|turn|1
|inactive|Battle timer is ON: inactive players will automatically lose when time's up. (requested by sawk123)
|
|switch|p2a: Empoleon|Empoleon, F|100/100
|move|p1a: Nessy|Ice Beam|p2a: Empoleon
|-resisted|p2a: Empoleon
|-damage|p2a: Empoleon|91/100
|
|-heal|p2a: Empoleon|97/100|[from] item: Leftovers
|upkeep
|turn|2
|
|switch|p1a: Ironheart|Skarmory, F|100/100
|move|p2a: Empoleon|Flash Cannon|p1a: Ironheart
|-resisted|p1a: Ironheart
|-damage|p1a: Ironheart|79/100
|
|-heal|p2a: Empoleon|100/100|[from] item: Leftovers
|upkeep
|turn|3
|
|move|p1a: Ironheart|Stealth Rock|p2a: Empoleon
|-sidestart|p2: sawk123|move: Stealth Rock
|move|p2a: Empoleon|Scald|p1a: Ironheart
|-damage|p1a: Ironheart|35/100
|-status|p1a: Ironheart|brn
|
|-damage|p1a: Ironheart|23/100 brn|[from] brn
|upkeep
|turn|4
|
|move|p1a: Ironheart|Spikes|p2a: Empoleon
|-sidestart|p2: sawk123|Spikes
|move|p2a: Empoleon|Scald|p1a: Ironheart
|-damage|p1a: Ironheart|0 fnt
|faint|p1a: Ironheart
|
|upkeep
|
|switch|p1a: Dr. Doom|Haxorus, M|100/100
|-ability|p1a: Dr. Doom|Mold Breaker
|turn|5
|
|move|p1a: Dr. Doom|Dragon Dance|p1a: Dr. Doom
|-boost|p1a: Dr. Doom|atk|1
|-boost|p1a: Dr. Doom|spe|1
|move|p2a: Empoleon|Ice Beam|p1a: Dr. Doom
|-supereffective|p1a: Dr. Doom
|-damage|p1a: Dr. Doom|25/100
|
|upkeep
|turn|6
|
|move|p1a: Dr. Doom|Earthquake|p2a: Empoleon
|-supereffective|p2a: Empoleon
|-damage|p2a: Empoleon|0 fnt
|faint|p2a: Empoleon
|
|upkeep
|
|switch|p2a: Lucario|Lucario, F|100/100
|-damage|p2a: Lucario|88/100|[from] Spikes
|-damage|p2a: Lucario|85/100|[from] Stealth Rock
|turn|7
|
|switch|p1a: Adios|Landorus-Therian, M|100/100
|-ability|p1a: Adios|Intimidate|boost
|-unboost|p2a: Lucario|atk|1
|move|p2a: Lucario|Extreme Speed|p1a: Adios
|-damage|p1a: Adios|73/100
|-damage|p2a: Lucario|75/100|[from] item: Life Orb
|
|upkeep
|turn|8
|
|switch|p2a: Rhyperior|Rhyperior, F|100/100
|-damage|p2a: Rhyperior|88/100|[from] Spikes
|-damage|p2a: Rhyperior|82/100|[from] Stealth Rock
|move|p1a: Adios|U-turn|p2a: Rhyperior
|-damage|p2a: Rhyperior|68/100
|
|switch|p1a: Nessy|Lapras, F, shiny|100/100|[from]move: U-turn
|
|-heal|p2a: Rhyperior|74/100|[from] item: Leftovers
|upkeep
|turn|9
|
|switch|p2a: Lucario|Lucario, F|75/100
|-damage|p2a: Lucario|72/100|[from] Stealth Rock
|-damage|p2a: Lucario|60/100|[from] Spikes
|move|p1a: Nessy|Ice Beam|p2a: Lucario
|-resisted|p2a: Lucario
|-damage|p2a: Lucario|14/100
|
|upkeep
|turn|10
|
|switch|p1a: Jello Shots|Tentacruel, F|100/100
|move|p2a: Lucario|Swords Dance|p2a: Lucario
|-boost|p2a: Lucario|atk|2
|
|upkeep
|turn|11
|
|move|p2a: Lucario|Extreme Speed|p1a: Jello Shots
|-damage|p1a: Jello Shots|40/100
|-damage|p2a: Lucario|4/100|[from] item: Life Orb
|move|p1a: Jello Shots|Scald|p2a: Lucario
|-damage|p2a: Lucario|0 fnt
|faint|p2a: Lucario
|
|-heal|p1a: Jello Shots|46/100|[from] item: Black Sludge
|upkeep
|
|switch|p2a: Sceptile|Sceptile, M|100/100
|-damage|p2a: Sceptile|88/100|[from] Stealth Rock
|-damage|p2a: Sceptile|76/100|[from] Spikes
|turn|12
|
|switch|p1a: Adios|Landorus-Therian, M|73/100
|-ability|p1a: Adios|Intimidate|boost
|-unboost|p2a: Sceptile|atk|1
|move|p2a: Sceptile|Acrobatics|p1a: Adios
|-enditem|p2a: Sceptile|Flying Gem|[from] gem
|-damage|p1a: Adios|34/100
|
|upkeep
|turn|13
|
|switch|p2a: Rhyperior|Rhyperior, F|74/100
|-damage|p2a: Rhyperior|68/100|[from] Stealth Rock
|-damage|p2a: Rhyperior|56/100|[from] Spikes
|move|p1a: Adios|U-turn|p2a: Rhyperior
|-damage|p2a: Rhyperior|43/100
|
|switch|p1a: Nessy|Lapras, F, shiny|100/100|[from]move: U-turn
|
|-heal|p2a: Rhyperior|50/100|[from] item: Leftovers
|upkeep
|turn|14
|
|move|p1a: Nessy|Ice Beam|p2a: Rhyperior
|-supereffective|p2a: Rhyperior
|-damage|p2a: Rhyperior|0 fnt
|faint|p2a: Rhyperior
|
|upkeep
|
|switch|p2a: Sceptile|Sceptile, M|76/100
|-damage|p2a: Sceptile|63/100|[from] Spikes
|-damage|p2a: Sceptile|51/100|[from] Stealth Rock
|turn|15
|
|move|p2a: Sceptile|Swords Dance|p2a: Sceptile
|-boost|p2a: Sceptile|atk|2
|move|p1a: Nessy|Ice Beam|p2a: Sceptile
|-supereffective|p2a: Sceptile
|-damage|p2a: Sceptile|0 fnt
|faint|p2a: Sceptile
|
|upkeep
|
|switch|p2a: Chandelure|Chandelure, M|100/100
|-damage|p2a: Chandelure|88/100|[from] Spikes
|-damage|p2a: Chandelure|63/100|[from] Stealth Rock
|turn|16
|-message|sawk123 forfeited.
|
|win|TheRareCandyDealer
|l|☆sawk123
|raw|TheRareCandyDealer's rating: 1446 &rarr; <strong>1462</strong><br />(+16 for winning)
|raw|sawk123's rating: 1367 &rarr; <strong>1352</strong><br />(-15 for losing)
