|j|☆F1shnets
|j|☆LadderGod1
|t:|1728194575
|gametype|singles
|player|p1|F1shnets|allister|1338
|player|p2|LadderGod1|266|1308
|teamsize|p1|6
|teamsize|p2|6
|gen|5
|tier|[Gen 5] OU
|rated|
|rule|Species Clause: Limit one of each Pokémon
|rule|OHKO Clause: OHKO moves are banned
|rule|Moody Clause: Moody is banned
|rule|Evasion Items Clause: Evasion items are banned
|rule|Evasion Moves Clause: Evasion moves are banned
|rule|Endless Battle Clause: Forcing endless battles is banned
|rule|HP Percentage Mod: HP is shown in percentages
|rule|Evasion Abilities Clause: Evasion abilities are banned
|rule|Sleep Moves Clause: Sleep-inducing moves are banned
|rule|Swagger Clause: Swagger is banned
|rule|Baton Pass Stat Clause: No Baton Passer may have a way to boost its stats
|clearpoke
|poke|p1|Alakazam, F|item
|poke|p1|Skarmory, M|item
|poke|p1|Tyranitar, F|item
|poke|p1|Mamoswine, F|item
|poke|p1|Jellicent, F|item
|poke|p1|Excadrill, M|item
|poke|p2|Ferrothorn, F|item
|poke|p2|Politoed, M|item
|poke|p2|Heatran, F|item
|poke|p2|Salamence, F|item
|poke|p2|Gliscor, M|item
|poke|p2|Hydreigon, M|item
|teampreview
|
|t:|1728194587
|start
|switch|p1a: Sky amory|Skarmory, M|100/100
|switch|p2a: Heatran|Heatran, F|100/100
|-item|p2a: Heatran|Air Balloon
|turn|1
|inactive|Battle timer is ON: inactive players will automatically lose when time's up. (requested by LadderGod1)
|
|t:|1728194612
|move|p1a: Sky amory|Stealth Rock|p2a: Heatran
|-sidestart|p2: LadderGod1|move: Stealth Rock
|move|p2a: Heatran|Magma Storm|p1a: Sky amory
|-supereffective|p1a: Sky amory
|-ability|p1a: Sky amory|Sturdy
|-damage|p1a: Sky amory|1/100
|-activate|p1a: Sky amory|move: Magma Storm|[of] p2a: Heatran
|
|-damage|p1a: Sky amory|0 fnt|[from] move: Magma Storm|[partiallytrapped]
|faint|p1a: Sky amory
|upkeep
|
|t:|1728194625
|switch|p1a: Slvtcrvsher|Tyranitar, F|100/100
|-weather|Sandstorm|[from] ability: Sand Stream|[of] p1a: Slvtcrvsher
|turn|2
|
|t:|1728194653
|-activate|p2a: Heatran|move: Pursuit
|move|p1a: Slvtcrvsher|Pursuit|p2a: Heatran|[from]Pursuit
|-resisted|p2a: Heatran
|-damage|p2a: Heatran|85/100
|-enditem|p2a: Heatran|Air Balloon
|switch|p2a: Ferrothorn|Ferrothorn, F|100/100
|-damage|p2a: Ferrothorn|94/100|[from] Stealth Rock
|
|-weather|Sandstorm|[upkeep]
|-heal|p2a: Ferrothorn|100/100|[from] item: Leftovers
|upkeep
|turn|3
|
|t:|1728194667
|switch|p1a: Cyberia lyr1|Alakazam, F|100/100
|move|p2a: Ferrothorn|Stealth Rock|p1a: Cyberia lyr1
|-sidestart|p1: F1shnets|move: Stealth Rock
|
|-weather|Sandstorm|[upkeep]
|upkeep
|turn|4
|
|t:|1728194674
|move|p1a: Cyberia lyr1|Hidden Power|p2a: Ferrothorn
|-supereffective|p2a: Ferrothorn
|-damage|p2a: Ferrothorn|0 fnt
|faint|p2a: Ferrothorn
|
|-weather|Sandstorm|[upkeep]
|upkeep
|
|t:|1728194678
|switch|p2a: Politoed|Politoed, M|100/100
|-damage|p2a: Politoed|88/100|[from] Stealth Rock
|turn|5
|
|t:|1728194684
|switch|p1a: Young Girl A|Jellicent, F|100/100
|-damage|p1a: Young Girl A|88/100|[from] Stealth Rock
|-item|p1a: Young Girl A|Air Balloon
|move|p2a: Politoed|Ice Beam|p1a: Young Girl A
|-resisted|p1a: Young Girl A
|-damage|p1a: Young Girl A|80/100
|-status|p1a: Young Girl A|frz
|-enditem|p1a: Young Girl A|Air Balloon
|
|-weather|Sandstorm|[upkeep]
|-damage|p1a: Young Girl A|74/100 frz|[from] Sandstorm
|-damage|p2a: Politoed|82/100|[from] Sandstorm
|-heal|p2a: Politoed|88/100|[from] item: Leftovers
|upkeep
|turn|6
|c|☆F1shnets|water absorb/damp?
|
|t:|1728194694
|switch|p2a: Hydreigon|Hydreigon, M|100/100
|-damage|p2a: Hydreigon|88/100|[from] Stealth Rock
|cant|p1a: Young Girl A|frz
|
|-weather|Sandstorm|[upkeep]
|-damage|p2a: Hydreigon|82/100|[from] Sandstorm
|-damage|p1a: Young Girl A|68/100 frz|[from] Sandstorm
|upkeep
|turn|7
|
|t:|1728194700
|switch|p1a: Slvtcrvsher|Tyranitar, F|100/100
|-damage|p1a: Slvtcrvsher|88/100|[from] Stealth Rock
|move|p2a: Hydreigon|Dark Pulse|p1a: Slvtcrvsher
|-resisted|p1a: Slvtcrvsher
|-damage|p1a: Slvtcrvsher|80/100
|
|-weather|Sandstorm|[upkeep]
|-damage|p2a: Hydreigon|76/100|[from] Sandstorm
|upkeep
|turn|8
|
|t:|1728194705
|switch|p2a: Gliscor|Gliscor, M|100/100
|-damage|p2a: Gliscor|88/100|[from] Stealth Rock
|move|p1a: Slvtcrvsher|Superpower|p2a: Gliscor
|-resisted|p2a: Gliscor
|-damage|p2a: Gliscor|76/100
|-unboost|p1a: Slvtcrvsher|atk|1
|-unboost|p1a: Slvtcrvsher|def|1
|
|-weather|Sandstorm|[upkeep]
|-status|p2a: Gliscor|tox|[from] item: Toxic Orb
|upkeep
|turn|9
|
|t:|1728194715
|switch|p1a: Young Girl A|Jellicent, F|68/100 frz
|-damage|p1a: Young Girl A|55/100 frz|[from] Stealth Rock
|move|p2a: Gliscor|Earthquake|p1a: Young Girl A
|-damage|p1a: Young Girl A|30/100 frz
|
|-weather|Sandstorm|[upkeep]
|-damage|p1a: Young Girl A|24/100 frz|[from] Sandstorm
|-heal|p2a: Gliscor|89/100 tox|[from] ability: Poison Heal
|upkeep
|turn|10
|
|t:|1728194722
|move|p2a: Gliscor|Earthquake|p1a: Young Girl A
|-damage|p1a: Young Girl A|0 fnt
|faint|p1a: Young Girl A
|
|-weather|Sandstorm|[upkeep]
|-heal|p2a: Gliscor|100/100 tox|[from] ability: Poison Heal
|upkeep
|
|t:|1728194728
|switch|p1a: Nhk!?|Mamoswine, F|100/100
|-damage|p1a: Nhk!?|88/100|[from] Stealth Rock
|turn|11
|
|t:|1728194738
|move|p2a: Gliscor|Protect|p2a: Gliscor
|-singleturn|p2a: Gliscor|Protect
|move|p1a: Nhk!?|Earthquake|p2a: Gliscor
|-immune|p2a: Gliscor
|
|-weather|Sandstorm|[upkeep]
|upkeep
|turn|12
|
|t:|1728194746
|switch|p2a: Politoed|Politoed, M|88/100
|-damage|p2a: Politoed|75/100|[from] Stealth Rock
|move|p1a: Nhk!?|Icicle Crash|p2a: Politoed
|-resisted|p2a: Politoed
|-damage|p2a: Politoed|46/100
|
|-weather|Sandstorm|[upkeep]
|-damage|p2a: Politoed|40/100|[from] Sandstorm
|-heal|p2a: Politoed|46/100|[from] item: Leftovers
|upkeep
|turn|13
|
|t:|1728194757
|move|p1a: Nhk!?|Earthquake|p2a: Politoed
|-damage|p2a: Politoed|0 fnt
|faint|p2a: Politoed
|
|-weather|Sandstorm|[upkeep]
|upkeep
|
|t:|1728194761
|switch|p2a: Heatran|Heatran, F|85/100
|-damage|p2a: Heatran|73/100|[from] Stealth Rock
|turn|14
|
|t:|1728194769
|move|p1a: Nhk!?|Earthquake|p2a: Heatran
|-supereffective|p2a: Heatran
|-damage|p2a: Heatran|0 fnt
|faint|p2a: Heatran
|
|-weather|Sandstorm|[upkeep]
|upkeep
|
|t:|1728194773
|switch|p2a: Hydreigon|Hydreigon, M|76/100
|-damage|p2a: Hydreigon|64/100|[from] Stealth Rock
|turn|15
|
|t:|1728194776
|move|p1a: Nhk!?|Ice Shard|p2a: Hydreigon
|-supereffective|p2a: Hydreigon
|-damage|p2a: Hydreigon|3/100
|move|p2a: Hydreigon|Draco Meteor|p1a: Nhk!?
|-damage|p1a: Nhk!?|0 fnt
|-unboost|p2a: Hydreigon|spa|2
|faint|p1a: Nhk!?
|
|-weather|Sandstorm|[upkeep]
|-damage|p2a: Hydreigon|0 fnt|[from] Sandstorm
|faint|p2a: Hydreigon
|upkeep
|
|t:|1728194791
|switch|p2a: Salamence|Salamence, F|100/100
|switch|p1a: Cyberia lyr1|Alakazam, F|100/100
|-damage|p2a: Salamence|76/100|[from] Stealth Rock
|turn|16
|
|t:|1728194796
|move|p1a: Cyberia lyr1|Psychic|p2a: Salamence
|-damage|p2a: Salamence|4/100
|move|p2a: Salamence|Dragon Claw|p1a: Cyberia lyr1
|-damage|p1a: Cyberia lyr1|0 fnt
|faint|p1a: Cyberia lyr1
|-ability|p2a: Salamence|Moxie|boost
|-boost|p2a: Salamence|atk|1
|-damage|p2a: Salamence|0 fnt|[from] item: Life Orb
|faint|p2a: Salamence
|
|-weather|Sandstorm|[upkeep]
|upkeep
|
|t:|1728194807
|switch|p1a: Slvtcrvsher|Tyranitar, F|80/100
|switch|p2a: Gliscor|Gliscor, M|100/100 tox
|-damage|p2a: Gliscor|88/100 tox|[from] Stealth Rock
|-damage|p1a: Slvtcrvsher|67/100|[from] Stealth Rock
|turn|17
|
|t:|1728194812
|move|p2a: Gliscor|Protect|p2a: Gliscor
|-singleturn|p2a: Gliscor|Protect
|move|p1a: Slvtcrvsher|Crunch|p2a: Gliscor
|-activate|p2a: Gliscor|move: Protect
|
|-weather|Sandstorm|[upkeep]
|-heal|p2a: Gliscor|100/100 tox|[from] ability: Poison Heal
|upkeep
|turn|18
|
|t:|1728194818
|move|p2a: Gliscor|Substitute|p2a: Gliscor
|-start|p2a: Gliscor|Substitute
|-damage|p2a: Gliscor|76/100 tox
|move|p1a: Slvtcrvsher|Crunch|p2a: Gliscor
|-activate|p2a: Gliscor|Substitute|[damage]
|
|-weather|Sandstorm|[upkeep]
|-heal|p2a: Gliscor|88/100 tox|[from] ability: Poison Heal
|upkeep
|turn|19
|
|t:|1728194826
|move|p2a: Gliscor|Earthquake|p1a: Slvtcrvsher
|-supereffective|p1a: Slvtcrvsher
|-damage|p1a: Slvtcrvsher|15/100
|move|p1a: Slvtcrvsher|Crunch|p2a: Gliscor
|-end|p2a: Gliscor|Substitute
|
|-weather|Sandstorm|[upkeep]
|-heal|p2a: Gliscor|100/100 tox|[from] ability: Poison Heal
|upkeep
|turn|20
|
|t:|1728194832
|move|p2a: Gliscor|Substitute|p2a: Gliscor
|-start|p2a: Gliscor|Substitute
|-damage|p2a: Gliscor|76/100 tox
|move|p1a: Slvtcrvsher|Crunch|p2a: Gliscor
|-crit|p2a: Gliscor
|-end|p2a: Gliscor|Substitute
|
|-weather|Sandstorm|[upkeep]
|-heal|p2a: Gliscor|88/100 tox|[from] ability: Poison Heal
|upkeep
|turn|21
|
|t:|1728194835
|move|p2a: Gliscor|Substitute|p2a: Gliscor
|-start|p2a: Gliscor|Substitute
|-damage|p2a: Gliscor|63/100 tox
|move|p1a: Slvtcrvsher|Crunch|p2a: Gliscor
|-activate|p2a: Gliscor|Substitute|[damage]
|
|-weather|Sandstorm|[upkeep]
|-heal|p2a: Gliscor|76/100 tox|[from] ability: Poison Heal
|upkeep
|turn|22
|
|t:|1728194837
|move|p2a: Gliscor|Earthquake|p1a: Slvtcrvsher
|-supereffective|p1a: Slvtcrvsher
|-damage|p1a: Slvtcrvsher|0 fnt
|faint|p1a: Slvtcrvsher
|
|-weather|Sandstorm|[upkeep]
|-heal|p2a: Gliscor|88/100 tox|[from] ability: Poison Heal
|upkeep
|
|t:|1728194839
|switch|p1a: Pretty Cvnt|Excadrill, M|100/100
|-damage|p1a: Pretty Cvnt|97/100|[from] Stealth Rock
|turn|23
|
|t:|1728194842
|move|p1a: Pretty Cvnt|Iron Head|p2a: Gliscor
|-end|p2a: Gliscor|Substitute
|move|p2a: Gliscor|Earthquake|p1a: Pretty Cvnt
|-supereffective|p1a: Pretty Cvnt
|-damage|p1a: Pretty Cvnt|6/100
|
|-weather|Sandstorm|[upkeep]
|-heal|p2a: Gliscor|100/100 tox|[from] ability: Poison Heal
|upkeep
|turn|24
|
|t:|1728194849
|move|p1a: Pretty Cvnt|Iron Head|p2a: Gliscor
|-damage|p2a: Gliscor|64/100 tox
|move|p2a: Gliscor|Earthquake|p1a: Pretty Cvnt
|-supereffective|p1a: Pretty Cvnt
|-damage|p1a: Pretty Cvnt|0 fnt
|faint|p1a: Pretty Cvnt
|
|win|LadderGod1
|raw|F1shnets's rating: 1338 &rarr; <strong>1316</strong><br />(-22 for losing)
|raw|LadderGod1's rating: 1308 &rarr; <strong>1330</strong><br />(+22 for winning)
|c|☆F1shnets|gg
|l|☆F1shnets
|player|p1|
|c|☆LadderGod1|gg
