|j|☆Jellium
|j|☆jwhi
|t:|1715212441
|gametype|singles
|player|p1|Jellium|scientist-gen4|1347
|player|p2|jwhi|ingo|1322
|teamsize|p1|6
|teamsize|p2|6
|gen|5
|tier|[Gen 5] OU
|rated|
|rule|Species Clause: Limit one of each Pokémon
|rule|OHKO Clause: OHKO moves are banned
|rule|Moody Clause: Moody is banned
|rule|Evasion Items Clause: Evasion items are banned
|rule|Evasion Moves Clause: Evasion moves are banned
|rule|Endless Battle Clause: Forcing endless battles is banned
|rule|HP Percentage Mod: HP is shown in percentages
|rule|Evasion Abilities Clause: Evasion abilities are banned
|rule|Sleep Moves Clause: Sleep-inducing moves are banned
|rule|Swagger Clause: Swagger is banned
|rule|Baton Pass Stat Clause: No Baton Passer may have a way to boost its stats
|clearpoke
|poke|p1|Rotom-Wash|item
|poke|p1|Landorus-Therian, M|item
|poke|p1|Jirachi|item
|poke|p1|Tyranitar, F|item
|poke|p1|Latios, M|item
|poke|p1|Garchomp, M|item
|poke|p2|Dragonite, M|item
|poke|p2|Togekiss, M|item
|poke|p2|Scizor, F|item
|poke|p2|Breloom, F|item
|poke|p2|Ferrothorn, F|item
|poke|p2|Lucario, F|item
|teampreview
|
|t:|1715212472
|start
|switch|p1a: Worm from Dune|Garchomp, M|100/100
|switch|p2a: Dragonite|Dragonite, M|100/100
|turn|1
|inactive|Battle timer is ON: inactive players will automatically lose when time's up. (requested by jwhi)
|
|t:|1715212485
|move|p1a: Worm from Dune|Draco Meteor|p2a: Dragonite
|-supereffective|p2a: Dragonite
|-damage|p2a: Dragonite|27/100
|-unboost|p1a: Worm from Dune|spa|2
|-damage|p1a: Worm from Dune|91/100|[from] item: Life Orb
|move|p2a: Dragonite|Dragon Dance|p2a: Dragonite
|-boost|p2a: Dragonite|atk|1
|-boost|p2a: Dragonite|spe|1
|
|upkeep
|turn|2
|
|t:|1715212498
|switch|p1a: Steel Asshole|Jirachi|100/100
|move|p2a: Dragonite|Outrage|p1a: Steel Asshole
|-resisted|p1a: Steel Asshole
|-damage|p1a: Steel Asshole|43/100
|
|upkeep
|turn|3
|
|t:|1715212503
|move|p2a: Dragonite|Outrage|p1a: Steel Asshole|[from]lockedmove
|-resisted|p1a: Steel Asshole
|-damage|p1a: Steel Asshole|0 fnt
|faint|p1a: Steel Asshole
|
|upkeep
|
|t:|1715212514
|switch|p1a: Genie Lion|Landorus-Therian, M|100/100
|-ability|p1a: Genie Lion|Intimidate|boost
|-unboost|p2a: Dragonite|atk|1
|turn|4
|
|t:|1715212517
|move|p1a: Genie Lion|Hidden Power|p2a: Dragonite
|-supereffective|p2a: Dragonite
|-crit|p2a: Dragonite
|-damage|p2a: Dragonite|0 fnt
|faint|p2a: Dragonite
|
|upkeep
|
|t:|1715212535
|switch|p2a: Scizor|Scizor, F|100/100
|turn|5
|
|t:|1715212542
|switch|p1a: Samsung|Rotom-Wash|100/100
|move|p2a: Scizor|U-turn|p1a: Samsung
|-damage|p1a: Samsung|34/100
|
|t:|1715212547
|switch|p2a: Lucario|Lucario, F|100/100|[from] U-turn
|
|-heal|p1a: Samsung|40/100|[from] item: Leftovers
|upkeep
|turn|6
|
|t:|1715212559
|move|p2a: Lucario|Extreme Speed|p1a: Samsung
|-damage|p1a: Samsung|11/100
|move|p1a: Samsung|Pain Split|p2a: Lucario
|-sethp|p2a: Lucario|56/100|[from] move: Pain Split|[silent]
|-sethp|p1a: Samsung|55/100|[from] move: Pain Split
|
|-heal|p1a: Samsung|61/100|[from] item: Leftovers
|upkeep
|turn|7
|
|t:|1715212573
|switch|p1a: Genie Lion|Landorus-Therian, M|100/100
|-ability|p1a: Genie Lion|Intimidate|boost
|-unboost|p2a: Lucario|atk|1
|move|p2a: Lucario|Extreme Speed|p1a: Genie Lion
|-damage|p1a: Genie Lion|79/100
|
|upkeep
|turn|8
|
|t:|1715212580
|move|p2a: Lucario|Extreme Speed|p1a: Genie Lion
|-damage|p1a: Genie Lion|58/100
|move|p1a: Genie Lion|U-turn|p2a: Lucario
|-resisted|p2a: Lucario
|-damage|p2a: Lucario|46/100
|
|t:|1715212583
|switch|p1a: Worm from Dune|Garchomp, M|91/100|[from] U-turn
|
|upkeep
|turn|9
|
|t:|1715212586
|move|p2a: Lucario|Extreme Speed|p1a: Worm from Dune
|-damage|p1a: Worm from Dune|70/100
|-damage|p2a: Lucario|33/100|[from] ability: Rough Skin|[of] p1a: Worm from Dune
|move|p1a: Worm from Dune|Stealth Rock|p2a: Lucario
|-sidestart|p2: jwhi|move: Stealth Rock
|
|upkeep
|turn|10
|
|t:|1715212592
|move|p2a: Lucario|Extreme Speed|p1a: Worm from Dune
|-damage|p1a: Worm from Dune|49/100
|-damage|p2a: Lucario|21/100|[from] ability: Rough Skin|[of] p1a: Worm from Dune
|move|p1a: Worm from Dune|Earthquake|p2a: Lucario
|-supereffective|p2a: Lucario
|-damage|p2a: Lucario|0 fnt
|faint|p2a: Lucario
|-damage|p1a: Worm from Dune|39/100|[from] item: Life Orb
|
|upkeep
|
|t:|1715212602
|switch|p2a: Togekiss|Togekiss, M|100/100
|-damage|p2a: Togekiss|75/100|[from] Stealth Rock
|turn|11
|
|t:|1715212605
|move|p2a: Togekiss|Air Slash|p1a: Worm from Dune
|-damage|p1a: Worm from Dune|0 fnt
|faint|p1a: Worm from Dune
|
|upkeep
|
|t:|1715212629
|switch|p1a: Blue Oyster Cult|Tyranitar, F|100/100
|-weather|Sandstorm|[from] ability: Sand Stream|[of] p1a: Blue Oyster Cult
|turn|12
|
|t:|1715212634
|move|p2a: Togekiss|Air Slash|p1a: Blue Oyster Cult
|-resisted|p1a: Blue Oyster Cult
|-damage|p1a: Blue Oyster Cult|90/100
|cant|p1a: Blue Oyster Cult|flinch
|
|-weather|Sandstorm|[upkeep]
|-damage|p2a: Togekiss|69/100|[from] Sandstorm
|upkeep
|turn|13
|
|t:|1715212638
|switch|p2a: Ferrothorn|Ferrothorn, F|100/100
|-damage|p2a: Ferrothorn|95/100|[from] Stealth Rock
|move|p1a: Blue Oyster Cult|Ice Punch|p2a: Ferrothorn
|-damage|p2a: Ferrothorn|74/100
|-damage|p1a: Blue Oyster Cult|78/100|[from] ability: Iron Barbs|[of] p2a: Ferrothorn
|-damage|p1a: Blue Oyster Cult|61/100|[from] item: Rocky Helmet|[of] p2a: Ferrothorn
|
|-weather|Sandstorm|[upkeep]
|upkeep
|turn|14
|
|t:|1715212642
|move|p1a: Blue Oyster Cult|Fire Blast|p2a: Ferrothorn
|-supereffective|p2a: Ferrothorn
|-damage|p2a: Ferrothorn|0 fnt
|faint|p2a: Ferrothorn
|
|-weather|Sandstorm|[upkeep]
|upkeep
|
|t:|1715212651
|switch|p2a: Scizor|Scizor, F|100/100
|-damage|p2a: Scizor|88/100|[from] Stealth Rock
|turn|15
|
|t:|1715212665
|move|p2a: Scizor|U-turn|p1a: Blue Oyster Cult
|-supereffective|p1a: Blue Oyster Cult
|-damage|p1a: Blue Oyster Cult|0 fnt
|faint|p1a: Blue Oyster Cult
|
|t:|1715212672
|switch|p2a: Breloom|Breloom, F|100/100|[from] U-turn
|-damage|p2a: Breloom|94/100|[from] Stealth Rock
|
|-weather|Sandstorm|[upkeep]
|-damage|p2a: Breloom|88/100|[from] Sandstorm
|upkeep
|
|t:|1715212682
|switch|p1a: Starscream|Latios, M|100/100
|turn|16
|
|t:|1715212692
|move|p2a: Breloom|Mach Punch|p1a: Starscream
|-resisted|p1a: Starscream
|-damage|p1a: Starscream|79/100
|move|p1a: Starscream|Draco Meteor|p2a: Breloom
|-damage|p2a: Breloom|0 fnt
|-unboost|p1a: Starscream|spa|2
|faint|p2a: Breloom
|
|-weather|Sandstorm|[upkeep]
|-damage|p1a: Starscream|73/100|[from] Sandstorm
|upkeep
|
|t:|1715212705
|switch|p2a: Scizor|Scizor, F|88/100
|-damage|p2a: Scizor|76/100|[from] Stealth Rock
|turn|17
|
|t:|1715212710
|-activate|p1a: Starscream|move: Pursuit
|move|p2a: Scizor|Pursuit|p1a: Starscream|[from]Pursuit
|-supereffective|p1a: Starscream
|-damage|p1a: Starscream|0 fnt
|faint|p1a: Starscream
|-hint|A Pokemon can't switch between when it runs out of HP and when it faints
|
|-weather|Sandstorm|[upkeep]
|upkeep
|
|t:|1715212740
|switch|p1a: Samsung|Rotom-Wash|61/100
|turn|18
|
|t:|1715212747
|move|p1a: Samsung|Hydro Pump|p2a: Scizor|[miss]
|-miss|p1a: Samsung|p2a: Scizor
|move|p2a: Scizor|Pursuit|p1a: Samsung
|-damage|p1a: Samsung|23/100
|
|-weather|Sandstorm|[upkeep]
|-damage|p1a: Samsung|17/100|[from] Sandstorm
|-heal|p1a: Samsung|23/100|[from] item: Leftovers
|upkeep
|turn|19
|
|t:|1715212757
|move|p1a: Samsung|Pain Split|p2a: Scizor
|-sethp|p2a: Scizor|49/100|[from] move: Pain Split|[silent]
|-sethp|p1a: Samsung|49/100|[from] move: Pain Split
|move|p2a: Scizor|Pursuit|p1a: Samsung
|-damage|p1a: Samsung|8/100
|
|-weather|Sandstorm|[upkeep]
|-damage|p1a: Samsung|2/100|[from] Sandstorm
|-heal|p1a: Samsung|8/100|[from] item: Leftovers
|upkeep
|turn|20
|
|t:|1715212760
|move|p1a: Samsung|Hydro Pump|p2a: Scizor
|-damage|p2a: Scizor|0 fnt
|faint|p2a: Scizor
|
|-weather|Sandstorm|[upkeep]
|-damage|p1a: Samsung|2/100|[from] Sandstorm
|-heal|p1a: Samsung|8/100|[from] item: Leftovers
|upkeep
|
|t:|1715212762
|switch|p2a: Togekiss|Togekiss, M|69/100
|-damage|p2a: Togekiss|44/100|[from] Stealth Rock
|turn|21
|
|t:|1715212765
|move|p2a: Togekiss|Air Slash|p1a: Samsung
|-resisted|p1a: Samsung
|-damage|p1a: Samsung|0 fnt
|faint|p1a: Samsung
|
|-weather|Sandstorm|[upkeep]
|-damage|p2a: Togekiss|38/100|[from] Sandstorm
|upkeep
|
|t:|1715212767
|switch|p1a: Genie Lion|Landorus-Therian, M|58/100
|-ability|p1a: Genie Lion|Intimidate|boost
|-unboost|p2a: Togekiss|atk|1
|turn|22
|
|t:|1715212774
|move|p1a: Genie Lion|Superpower|p2a: Togekiss
|-damage|p2a: Togekiss|0 fnt
|-unboost|p1a: Genie Lion|atk|1
|-unboost|p1a: Genie Lion|def|1
|faint|p2a: Togekiss
|
|win|Jellium
|raw|Jellium's rating: 1347 &rarr; <strong>1366</strong><br />(+19 for winning)
|raw|jwhi's rating: 1322 &rarr; <strong>1303</strong><br />(-19 for losing)
|c|☆Jellium|gg
|c|☆jwhi|gg
|l|☆jwhi
|player|p2|
