|j|☆Winnie Xi Pooh
|j|☆Chidori Kaname
|player|p1|Winnie Xi Pooh|elesa|1377
|player|p2|Chidori Kaname|anabel|1275
|teamsize|p1|6
|teamsize|p2|6
|gametype|singles
|gen|5
|tier|[Gen 5] OU
|rated|
|rule|Sleep Clause Mod: Limit one foe put to sleep
|rule|Species Clause: Limit one of each Pokémon
|rule|OHKO Clause: OHKO moves are banned
|rule|Moody Clause: Moody is banned
|rule|Evasion Moves Clause: Evasion moves are banned
|rule|Endless Battle Clause: Forcing endless battles is banned
|rule|HP Percentage Mod: HP is shown in percentages
|rule|Evasion Abilities Clause: Evasion abilities are banned
|rule|Baton Pass Clause: Limit one Baton Passer, can't pass Spe and other stats simultaneously
|rule|Swagger Clause: Swagger is banned
|clearpoke
|poke|p1|Abomasnow, F|item
|poke|p1|Ditto|item
|poke|p1|Liepard, F|item
|poke|p1|Gengar, F|item
|poke|p1|Mew|item
|poke|p1|Riolu, M|item
|poke|p2|Tyranitar, F|item
|poke|p2|Mamoswine, M|item
|poke|p2|Starmie|item
|poke|p2|Breloom, F|item
|poke|p2|Landorus-Therian, M|item
|poke|p2|Heatran, M|item
|teampreview
|
|start
|switch|p1a: Ditto|Ditto|100/100
|switch|p2a: Heatran|Heatran, M|100/100
|-transform|p1a: Ditto|p2a: Heatran|[from] ability: Imposter
|turn|1
|j| Kurt Kappa
|
|switch|p1a: Abomasnow|Abomasnow, F|100/100
|-weather|Hail|[from] ability: Snow Warning|[of] p1a: Abomasnow
|move|p2a: Heatran|Earth Power|p1a: Abomasnow
|-resisted|p1a: Abomasnow
|-damage|p1a: Abomasnow|91/100
|-unboost|p1a: Abomasnow|spd|1
|-enditem|p1a: Abomasnow|Red Card|[of] p2a: Heatran
|drag|p2a: Starmie|Starmie|100/100
|
|-weather|Hail|[upkeep]
|-damage|p2a: Starmie|94/100|[from] Hail
|-heal|p2a: Starmie|100/100|[from] item: Leftovers
|upkeep
|turn|2
|
|-singleturn|p1a: Abomasnow|move: Focus Punch
|switch|p2a: Heatran|Heatran, M|100/100
|move|p1a: Abomasnow|Focus Punch|p2a: Heatran
|-supereffective|p2a: Heatran
|-damage|p2a: Heatran|48/100
|
|-weather|Hail|[upkeep]
|-damage|p2a: Heatran|42/100|[from] Hail
|-heal|p2a: Heatran|48/100|[from] item: Leftovers
|upkeep
|turn|3
|inactive|Battle timer is ON: inactive players will automatically lose when time's up. (requested by Chidori Kaname)
|
|-singleturn|p1a: Abomasnow|move: Focus Punch
|move|p2a: Heatran|Lava Plume|p1a: Abomasnow
|-supereffective|p1a: Abomasnow
|-damage|p1a: Abomasnow|0 fnt
|faint|p1a: Abomasnow
|
|-weather|Hail|[upkeep]
|-damage|p2a: Heatran|42/100|[from] Hail
|-heal|p2a: Heatran|48/100|[from] item: Leftovers
|upkeep
|
|switch|p1a: Dodge Focus|Liepard, F|100/100
|turn|4
|
|move|p1a: Dodge Focus|Assist|p1a: Dodge Focus
|move|p1a: Dodge Focus|Roar|p2a: Heatran|[from]Assist
|drag|p2a: Tyranitar|Tyranitar, F|100/100
|-weather|Sandstorm|[from] ability: Sand Stream|[of] p2a: Tyranitar
|
|-weather|Sandstorm|[upkeep]
|-damage|p1a: Dodge Focus|95/100|[from] Sandstorm
|-heal|p1a: Dodge Focus|100/100|[from] item: Leftovers
|upkeep
|turn|5
|
|switch|p1a: Ditto|Ditto|100/100
|-transform|p1a: Ditto|p2a: Tyranitar|[from] ability: Imposter
|move|p2a: Tyranitar|Stealth Rock|p1a: Ditto
|-sidestart|p1: Winnie Xi Pooh|move: Stealth Rock
|
|-weather|Sandstorm|[upkeep]
|upkeep
|turn|6
|
|switch|p2a: Starmie|Starmie|100/100
|move|p1a: Ditto|Stealth Rock|p2a: Starmie
|-sidestart|p2: Chidori Kaname|move: Stealth Rock
|
|-weather|Sandstorm|[upkeep]
|-damage|p2a: Starmie|94/100|[from] Sandstorm
|-heal|p2a: Starmie|100/100|[from] item: Leftovers
|upkeep
|turn|7
|
|switch|p1a: Gengar|Gengar, F|100/100
|-damage|p1a: Gengar|88/100|[from] Stealth Rock
|move|p2a: Starmie|Scald|p1a: Gengar
|-damage|p1a: Gengar|51/100
|
|-weather|Sandstorm|[upkeep]
|-damage|p1a: Gengar|45/100|[from] Sandstorm
|-damage|p2a: Starmie|94/100|[from] Sandstorm
|-heal|p2a: Starmie|100/100|[from] item: Leftovers
|upkeep
|turn|8
|
|move|p1a: Gengar|Trick|p2a: Starmie
|-activate|p1a: Gengar|move: Trick|[of] p2a: Starmie
|-item|p2a: Starmie|Choice Scarf|[from] move: Trick
|-item|p1a: Gengar|Leftovers|[from] move: Trick
|move|p2a: Starmie|Scald|p1a: Gengar
|-damage|p1a: Gengar|11/100
|-status|p1a: Gengar|brn
|
|-weather|Sandstorm|[upkeep]
|-damage|p2a: Starmie|94/100|[from] Sandstorm
|-damage|p1a: Gengar|5/100 brn|[from] Sandstorm
|-heal|p1a: Gengar|11/100 brn|[from] item: Leftovers
|-damage|p1a: Gengar|0 fnt|[from] brn
|faint|p1a: Gengar
|upkeep
|
|switch|p1a: Dodge Focus|Liepard, F|100/100
|-damage|p1a: Dodge Focus|88/100|[from] Stealth Rock
|turn|9
|
|move|p1a: Dodge Focus|Assist|p1a: Dodge Focus
|move|p1a: Dodge Focus|Roar|p2a: Starmie|[from]Assist
|drag|p2a: Tyranitar|Tyranitar, F|100/100
|-damage|p2a: Tyranitar|88/100|[from] Stealth Rock
|
|-weather|Sandstorm|[upkeep]
|-damage|p1a: Dodge Focus|82/100|[from] Sandstorm
|-heal|p1a: Dodge Focus|88/100|[from] item: Leftovers
|upkeep
|turn|10
|
|move|p1a: Dodge Focus|Assist|p1a: Dodge Focus
|move|p1a: Dodge Focus|Roar|p2a: Tyranitar|[from]Assist
|drag|p2a: Mamoswine|Mamoswine, M|100/100
|-damage|p2a: Mamoswine|88/100|[from] Stealth Rock
|
|-weather|Sandstorm|[upkeep]
|-damage|p1a: Dodge Focus|82/100|[from] Sandstorm
|-heal|p1a: Dodge Focus|88/100|[from] item: Leftovers
|upkeep
|turn|11
|
|move|p1a: Dodge Focus|Assist|p1a: Dodge Focus
|move|p1a: Dodge Focus|Roar|p2a: Mamoswine|[from]Assist
|drag|p2a: Landorus|Landorus-Therian, M|100/100
|-damage|p2a: Landorus|88/100|[from] Stealth Rock
|-ability|p2a: Landorus|Intimidate|boost
|-unboost|p1a: Dodge Focus|atk|1
|
|-weather|Sandstorm|[upkeep]
|-damage|p1a: Dodge Focus|82/100|[from] Sandstorm
|-heal|p1a: Dodge Focus|88/100|[from] item: Leftovers
|upkeep
|turn|12
|
|move|p1a: Dodge Focus|Assist|p1a: Dodge Focus
|move|p1a: Dodge Focus|Roar|p2a: Landorus|[from]Assist
|drag|p2a: Heatran|Heatran, M|48/100
|-damage|p2a: Heatran|36/100|[from] Stealth Rock
|
|-weather|Sandstorm|[upkeep]
|-damage|p1a: Dodge Focus|82/100|[from] Sandstorm
|-heal|p1a: Dodge Focus|88/100|[from] item: Leftovers
|-heal|p2a: Heatran|42/100|[from] item: Leftovers
|upkeep
|turn|13
|
|move|p2a: Heatran|Protect|p2a: Heatran
|-singleturn|p2a: Heatran|Protect
|move|p1a: Dodge Focus|Substitute|p1a: Dodge Focus
|-start|p1a: Dodge Focus|Substitute
|-damage|p1a: Dodge Focus|63/100
|
|-weather|Sandstorm|[upkeep]
|-damage|p1a: Dodge Focus|57/100|[from] Sandstorm
|-heal|p1a: Dodge Focus|63/100|[from] item: Leftovers
|-heal|p2a: Heatran|48/100|[from] item: Leftovers
|upkeep
|turn|14
|
|move|p2a: Heatran|Protect||[still]
|-fail|p2a: Heatran
|move|p1a: Dodge Focus|Assist|p1a: Dodge Focus
|move|p1a: Dodge Focus|Roar|p2a: Heatran|[from]Assist
|drag|p2a: Mamoswine|Mamoswine, M|88/100
|-damage|p2a: Mamoswine|76/100|[from] Stealth Rock
|
|-weather|Sandstorm|[upkeep]
|-damage|p1a: Dodge Focus|57/100|[from] Sandstorm
|-heal|p1a: Dodge Focus|63/100|[from] item: Leftovers
|upkeep
|turn|15
|
|move|p1a: Dodge Focus|Assist|p1a: Dodge Focus
|move|p1a: Dodge Focus|Roar|p2a: Mamoswine|[from]Assist
|drag|p2a: Starmie|Starmie|94/100
|-damage|p2a: Starmie|82/100|[from] Stealth Rock
|
|-weather|Sandstorm|[upkeep]
|-damage|p2a: Starmie|76/100|[from] Sandstorm
|-damage|p1a: Dodge Focus|57/100|[from] Sandstorm
|-heal|p1a: Dodge Focus|63/100|[from] item: Leftovers
|upkeep
|turn|16
|
|move|p1a: Dodge Focus|Assist|p1a: Dodge Focus
|move|p1a: Dodge Focus|Roar|p2a: Starmie|[from]Assist
|drag|p2a: Tyranitar|Tyranitar, F|88/100
|-damage|p2a: Tyranitar|76/100|[from] Stealth Rock
|
|-weather|Sandstorm|[upkeep]
|-damage|p1a: Dodge Focus|57/100|[from] Sandstorm
|-heal|p1a: Dodge Focus|63/100|[from] item: Leftovers
|upkeep
|turn|17
|
|move|p1a: Dodge Focus|Assist|p1a: Dodge Focus
|move|p1a: Dodge Focus|Roar|p2a: Tyranitar|[from]Assist
|drag|p2a: Starmie|Starmie|76/100
|-damage|p2a: Starmie|63/100|[from] Stealth Rock
|
|-weather|Sandstorm|[upkeep]
|-damage|p2a: Starmie|57/100|[from] Sandstorm
|-damage|p1a: Dodge Focus|57/100|[from] Sandstorm
|-heal|p1a: Dodge Focus|63/100|[from] item: Leftovers
|upkeep
|turn|18
|
|move|p1a: Dodge Focus|Assist|p1a: Dodge Focus
|move|p1a: Dodge Focus|Roar|p2a: Starmie|[from]Assist
|drag|p2a: Tyranitar|Tyranitar, F|76/100
|-damage|p2a: Tyranitar|63/100|[from] Stealth Rock
|
|-weather|Sandstorm|[upkeep]
|-damage|p1a: Dodge Focus|57/100|[from] Sandstorm
|-heal|p1a: Dodge Focus|63/100|[from] item: Leftovers
|upkeep
|turn|19
|
|move|p1a: Dodge Focus|Assist|p1a: Dodge Focus
|move|p1a: Dodge Focus|Roar|p2a: Tyranitar|[from]Assist
|drag|p2a: Starmie|Starmie|57/100
|-damage|p2a: Starmie|45/100|[from] Stealth Rock
|
|-weather|Sandstorm|[upkeep]
|-damage|p2a: Starmie|39/100|[from] Sandstorm
|-damage|p1a: Dodge Focus|57/100|[from] Sandstorm
|-heal|p1a: Dodge Focus|63/100|[from] item: Leftovers
|upkeep
|turn|20
|
|move|p1a: Dodge Focus|Assist|p1a: Dodge Focus
|move|p1a: Dodge Focus|Roar|p2a: Starmie|[from]Assist
|drag|p2a: Tyranitar|Tyranitar, F|63/100
|-damage|p2a: Tyranitar|51/100|[from] Stealth Rock
|
|-weather|Sandstorm|[upkeep]
|-damage|p1a: Dodge Focus|57/100|[from] Sandstorm
|-heal|p1a: Dodge Focus|63/100|[from] item: Leftovers
|upkeep
|turn|21
|
|move|p1a: Dodge Focus|Assist|p1a: Dodge Focus
|move|p1a: Dodge Focus|Roar|p2a: Tyranitar|[from]Assist
|drag|p2a: Breloom|Breloom, F|100/100
|-damage|p2a: Breloom|94/100|[from] Stealth Rock
|
|-weather|Sandstorm|[upkeep]
|-damage|p1a: Dodge Focus|57/100|[from] Sandstorm
|-damage|p2a: Breloom|88/100|[from] Sandstorm
|-heal|p1a: Dodge Focus|63/100|[from] item: Leftovers
|-status|p2a: Breloom|tox|[from] item: Toxic Orb
|upkeep
|turn|22
|
|move|p2a: Breloom|Protect|p2a: Breloom
|-singleturn|p2a: Breloom|Protect
|move|p1a: Dodge Focus|Assist|p1a: Dodge Focus
|move|p1a: Dodge Focus|Roar|p2a: Breloom|[from]Assist
|-activate|p2a: Breloom|move: Protect
|
|-weather|Sandstorm|[upkeep]
|-damage|p1a: Dodge Focus|57/100|[from] Sandstorm
|-damage|p2a: Breloom|82/100 tox|[from] Sandstorm
|-heal|p1a: Dodge Focus|63/100|[from] item: Leftovers
|-heal|p2a: Breloom|94/100 tox|[from] ability: Poison Heal
|upkeep
|turn|23
|
|move|p2a: Breloom|Protect|p2a: Breloom
|-singleturn|p2a: Breloom|Protect
|move|p1a: Dodge Focus|Assist|p1a: Dodge Focus
|move|p1a: Dodge Focus|Roar|p2a: Breloom|[from]Assist
|-activate|p2a: Breloom|move: Protect
|
|-weather|Sandstorm|[upkeep]
|-damage|p1a: Dodge Focus|57/100|[from] Sandstorm
|-damage|p2a: Breloom|88/100 tox|[from] Sandstorm
|-heal|p1a: Dodge Focus|63/100|[from] item: Leftovers
|-heal|p2a: Breloom|100/100 tox|[from] ability: Poison Heal
|upkeep
|turn|24
|
|move|p2a: Breloom|Protect|p2a: Breloom
|-singleturn|p2a: Breloom|Protect
|move|p1a: Dodge Focus|Assist|p1a: Dodge Focus
|move|p1a: Dodge Focus|Roar|p2a: Breloom|[from]Assist
|-activate|p2a: Breloom|move: Protect
|
|-weather|Sandstorm|[upkeep]
|-damage|p1a: Dodge Focus|57/100|[from] Sandstorm
|-damage|p2a: Breloom|94/100 tox|[from] Sandstorm
|-heal|p1a: Dodge Focus|63/100|[from] item: Leftovers
|-heal|p2a: Breloom|100/100 tox|[from] ability: Poison Heal
|upkeep
|turn|25
|
|move|p2a: Breloom|Protect||[still]
|-fail|p2a: Breloom
|move|p1a: Dodge Focus|Assist|p1a: Dodge Focus
|move|p1a: Dodge Focus|Roar|p2a: Breloom|[from]Assist
|drag|p2a: Heatran|Heatran, M|48/100
|-damage|p2a: Heatran|36/100|[from] Stealth Rock
|
|-weather|Sandstorm|[upkeep]
|-damage|p1a: Dodge Focus|57/100|[from] Sandstorm
|-heal|p1a: Dodge Focus|63/100|[from] item: Leftovers
|-heal|p2a: Heatran|42/100|[from] item: Leftovers
|upkeep
|turn|26
|
|move|p2a: Heatran|Protect|p2a: Heatran
|-singleturn|p2a: Heatran|Protect
|move|p1a: Dodge Focus|Substitute|p1a: Dodge Focus
|-fail|p1a: Dodge Focus|move: Substitute
|
|-weather|Sandstorm|[upkeep]
|-damage|p1a: Dodge Focus|57/100|[from] Sandstorm
|-heal|p1a: Dodge Focus|63/100|[from] item: Leftovers
|-heal|p2a: Heatran|48/100|[from] item: Leftovers
|upkeep
|turn|27
|
|move|p2a: Heatran|Protect|p2a: Heatran
|-singleturn|p2a: Heatran|Protect
|move|p1a: Dodge Focus|Assist|p1a: Dodge Focus
|move|p1a: Dodge Focus|Roar|p2a: Heatran|[from]Assist
|-activate|p2a: Heatran|move: Protect
|
|-weather|Sandstorm|[upkeep]
|-damage|p1a: Dodge Focus|57/100|[from] Sandstorm
|-heal|p1a: Dodge Focus|63/100|[from] item: Leftovers
|-heal|p2a: Heatran|54/100|[from] item: Leftovers
|upkeep
|turn|28
|
|move|p2a: Heatran|Protect||[still]
|-fail|p2a: Heatran
|move|p1a: Dodge Focus|Nasty Plot|p1a: Dodge Focus
|-boost|p1a: Dodge Focus|spa|2
|
|-weather|Sandstorm|[upkeep]
|-damage|p1a: Dodge Focus|57/100|[from] Sandstorm
|-heal|p1a: Dodge Focus|63/100|[from] item: Leftovers
|-heal|p2a: Heatran|61/100|[from] item: Leftovers
|upkeep
|turn|29
|
|move|p2a: Heatran|Protect|p2a: Heatran
|-singleturn|p2a: Heatran|Protect
|move|p1a: Dodge Focus|Nasty Plot|p1a: Dodge Focus
|-boost|p1a: Dodge Focus|spa|2
|
|-weather|Sandstorm|[upkeep]
|-damage|p1a: Dodge Focus|57/100|[from] Sandstorm
|-heal|p1a: Dodge Focus|63/100|[from] item: Leftovers
|-heal|p2a: Heatran|67/100|[from] item: Leftovers
|upkeep
|turn|30
|
|move|p1a: Dodge Focus|Assist|p1a: Dodge Focus
|move|p1a: Dodge Focus|Roar|p2a: Heatran|[from]Assist
|drag|p2a: Breloom|Breloom, F|100/100 tox
|-damage|p2a: Breloom|94/100 tox|[from] Stealth Rock
|
|-weather|Sandstorm|[upkeep]
|-damage|p1a: Dodge Focus|57/100|[from] Sandstorm
|-damage|p2a: Breloom|88/100 tox|[from] Sandstorm
|-heal|p1a: Dodge Focus|63/100|[from] item: Leftovers
|-heal|p2a: Breloom|100/100 tox|[from] ability: Poison Heal
|upkeep
|turn|31
|
|move|p1a: Dodge Focus|Dark Pulse|p2a: Breloom
|-resisted|p2a: Breloom
|-damage|p2a: Breloom|45/100 tox
|cant|p2a: Breloom|flinch
|
|-weather|Sandstorm|[upkeep]
|-damage|p1a: Dodge Focus|57/100|[from] Sandstorm
|-damage|p2a: Breloom|39/100 tox|[from] Sandstorm
|-heal|p1a: Dodge Focus|63/100|[from] item: Leftovers
|-heal|p2a: Breloom|51/100 tox|[from] ability: Poison Heal
|upkeep
|turn|32
|
|move|p1a: Dodge Focus|Nasty Plot|p1a: Dodge Focus
|-boost|p1a: Dodge Focus|spa|2
|move|p2a: Breloom|Drain Punch|p1a: Dodge Focus
|-supereffective|p1a: Dodge Focus
|-end|p1a: Dodge Focus|Substitute
|-heal|p2a: Breloom|62/100 tox|[from] drain|[of] p1a: Dodge Focus
|
|-weather|Sandstorm|[upkeep]
|-damage|p1a: Dodge Focus|57/100|[from] Sandstorm
|-damage|p2a: Breloom|56/100 tox|[from] Sandstorm
|-heal|p1a: Dodge Focus|63/100|[from] item: Leftovers
|-heal|p2a: Breloom|68/100 tox|[from] ability: Poison Heal
|upkeep
|turn|33
|
|move|p2a: Breloom|Protect|p2a: Breloom
|-singleturn|p2a: Breloom|Protect
|move|p1a: Dodge Focus|Assist|p1a: Dodge Focus
|move|p1a: Dodge Focus|Roar|p2a: Breloom|[from]Assist
|-activate|p2a: Breloom|move: Protect
|
|-weather|Sandstorm|[upkeep]
|-damage|p1a: Dodge Focus|57/100|[from] Sandstorm
|-damage|p2a: Breloom|62/100 tox|[from] Sandstorm
|-heal|p1a: Dodge Focus|63/100|[from] item: Leftovers
|-heal|p2a: Breloom|75/100 tox|[from] ability: Poison Heal
|upkeep
|turn|34
|
|move|p1a: Dodge Focus|Assist|p1a: Dodge Focus
|move|p1a: Dodge Focus|Roar|p2a: Breloom|[from]Assist
|drag|p2a: Tyranitar|Tyranitar, F|51/100
|-damage|p2a: Tyranitar|39/100|[from] Stealth Rock
|
|-weather|Sandstorm|[upkeep]
|-damage|p1a: Dodge Focus|57/100|[from] Sandstorm
|-heal|p1a: Dodge Focus|63/100|[from] item: Leftovers
|upkeep
|turn|35
|
|move|p1a: Dodge Focus|Assist|p1a: Dodge Focus
|move|p1a: Dodge Focus|Roar|p2a: Tyranitar|[from]Assist
|drag|p2a: Mamoswine|Mamoswine, M|76/100
|-damage|p2a: Mamoswine|63/100|[from] Stealth Rock
|
|-weather|Sandstorm|[upkeep]
|-damage|p1a: Dodge Focus|57/100|[from] Sandstorm
|-heal|p1a: Dodge Focus|63/100|[from] item: Leftovers
|upkeep
|turn|36
|
|move|p1a: Dodge Focus|Assist|p1a: Dodge Focus
|move|p1a: Dodge Focus|Roar|p2a: Mamoswine|[from]Assist
|drag|p2a: Heatran|Heatran, M|67/100
|-damage|p2a: Heatran|54/100|[from] Stealth Rock
|
|-weather|Sandstorm|[upkeep]
|-damage|p1a: Dodge Focus|57/100|[from] Sandstorm
|-heal|p1a: Dodge Focus|63/100|[from] item: Leftovers
|-heal|p2a: Heatran|61/100|[from] item: Leftovers
|upkeep
|turn|37
|
|move|p1a: Dodge Focus|Dark Pulse|p2a: Heatran
|-resisted|p2a: Heatran
|-damage|p2a: Heatran|19/100
|move|p2a: Heatran|Lava Plume|p1a: Dodge Focus
|-damage|p1a: Dodge Focus|0 fnt
|faint|p1a: Dodge Focus
|
|-weather|Sandstorm|[upkeep]
|-heal|p2a: Heatran|26/100|[from] item: Leftovers
|upkeep
|-message|Winnie Xi Pooh forfeited.
|
|win|Chidori Kaname
|l|☆Winnie Xi Pooh
|raw|Winnie Xi Pooh's rating: 1377 &rarr; <strong>1352</strong><br />(-25 for losing)
|raw|Chidori Kaname's rating: 1275 &rarr; <strong>1307</strong><br />(+32 for winning)
|l|☆Chidori Kaname
