|j|☆omamamama
|j|☆Plavns
|t:|1739061744
|gametype|singles
|player|p1|omamamama|170|1422
|player|p2|Plavns|169|1378
|teamsize|p1|6
|teamsize|p2|6
|gen|5
|tier|[Gen 5] OU
|rated|
|rule|Species Clause: Limit one of each Pokémon
|rule|OHKO Clause: OHKO moves are banned
|rule|Moody Clause: Moody is banned
|rule|Evasion Items Clause: Evasion items are banned
|rule|Evasion Moves Clause: Evasion moves are banned
|rule|Endless Battle Clause: Forcing endless battles is banned
|rule|HP Percentage Mod: HP is shown in percentages
|rule|Evasion Abilities Clause: Evasion abilities are banned
|rule|Sleep Moves Clause: Sleep-inducing moves are banned
|rule|Swagger Clause: Swagger is banned
|rule|Baton Pass Stat Clause: No Baton Passer may have a way to boost its stats
|clearpoke
|poke|p1|Terrakion|item
|poke|p1|Garchomp, F|item
|poke|p1|Chandelure, M|item
|poke|p1|Starmie|item
|poke|p1|Jirachi|item
|poke|p1|Amoonguss, F|item
|poke|p2|Politoed, M|item
|poke|p2|Keldeo|item
|poke|p2|Volcarona, F|item
|poke|p2|Ferrothorn, M|item
|poke|p2|Starmie|item
|poke|p2|Mamoswine, F|item
|teampreview
|inactive|Battle timer is ON: inactive players will automatically lose when time's up. (requested by Plavns)
|
|t:|1739061761
|start
|switch|p1a: Terrakion|Terrakion|100/100
|switch|p2a: Starmie|Starmie|100/100
|turn|1
|
|t:|1739061769
|switch|p2a: Ferrothorn|Ferrothorn, M|100/100
|switch|p1a: Amoonguss|Amoonguss, F|100/100
|
|upkeep
|turn|2
|
|t:|1739061774
|switch|p1a: Chandelure|Chandelure, M|100/100
|-item|p1a: Chandelure|Air Balloon
|move|p2a: Ferrothorn|Stealth Rock|p1a: Chandelure
|-sidestart|p1: omamamama|move: Stealth Rock
|
|upkeep
|turn|3
|
|t:|1739061780
|switch|p2a: Volcarona|Volcarona, F|100/100
|move|p1a: Chandelure|Will-O-Wisp|p2a: Volcarona|[miss]
|-miss|p1a: Chandelure|p2a: Volcarona
|
|upkeep
|turn|4
|
|t:|1739061785
|switch|p2a: Keldeo|Keldeo|100/100
|move|p1a: Chandelure|Fire Blast|p2a: Keldeo
|-resisted|p2a: Keldeo
|-damage|p2a: Keldeo|63/100
|
|-heal|p2a: Keldeo|70/100|[from] item: Leftovers
|upkeep
|turn|5
|
|t:|1739061794
|switch|p2a: Mamoswine|Mamoswine, F|100/100
|switch|p1a: Amoonguss|Amoonguss, F|100/100
|-damage|p1a: Amoonguss|88/100|[from] Stealth Rock
|
|-heal|p1a: Amoonguss|94/100|[from] item: Black Sludge
|upkeep
|turn|6
|
|t:|1739061801
|switch|p1a: Jirachi|Jirachi|100/100
|-damage|p1a: Jirachi|94/100|[from] Stealth Rock
|move|p2a: Mamoswine|Earthquake|p1a: Jirachi
|-supereffective|p1a: Jirachi
|-damage|p1a: Jirachi|0 fnt
|faint|p1a: Jirachi
|-damage|p2a: Mamoswine|91/100|[from] item: Life Orb
|
|upkeep
|
|t:|1739061808
|switch|p1a: Starmie|Starmie|100/100
|-damage|p1a: Starmie|88/100|[from] Stealth Rock
|-item|p1a: Starmie|Air Balloon
|turn|7
|
|t:|1739061812
|switch|p2a: Ferrothorn|Ferrothorn, M|100/100
|move|p1a: Starmie|Rapid Spin|p2a: Ferrothorn
|-resisted|p2a: Ferrothorn
|-damage|p2a: Ferrothorn|99/100
|-damage|p1a: Starmie|76/100|[from] ability: Iron Barbs|[of] p2a: Ferrothorn
|-sideend|p1: omamamama|Stealth Rock|[from] move: Rapid Spin|[of] p1a: Starmie
|
|-heal|p2a: Ferrothorn|100/100|[from] item: Leftovers
|upkeep
|turn|8
|
|t:|1739061819
|switch|p1a: Chandelure|Chandelure, M|100/100
|-item|p1a: Chandelure|Air Balloon
|move|p2a: Ferrothorn|Stealth Rock|p1a: Chandelure
|-sidestart|p1: omamamama|move: Stealth Rock
|
|upkeep
|turn|9
|
|t:|1739061823
|switch|p2a: Keldeo|Keldeo|70/100
|move|p1a: Chandelure|Will-O-Wisp|p2a: Keldeo
|-status|p2a: Keldeo|brn
|
|-heal|p2a: Keldeo|76/100 brn|[from] item: Leftovers
|-damage|p2a: Keldeo|63/100 brn|[from] brn
|upkeep
|turn|10
|
|t:|1739061833
|switch|p2a: Mamoswine|Mamoswine, F|91/100
|switch|p1a: Amoonguss|Amoonguss, F|100/100
|-damage|p1a: Amoonguss|88/100|[from] Stealth Rock
|
|-heal|p1a: Amoonguss|94/100|[from] item: Black Sludge
|upkeep
|turn|11
|
|t:|1739061841
|switch|p1a: Chandelure|Chandelure, M|100/100
|-damage|p1a: Chandelure|76/100|[from] Stealth Rock
|-item|p1a: Chandelure|Air Balloon
|move|p2a: Mamoswine|Icicle Crash|p1a: Chandelure
|-resisted|p1a: Chandelure
|-damage|p1a: Chandelure|26/100
|-enditem|p1a: Chandelure|Air Balloon
|-damage|p2a: Mamoswine|81/100|[from] item: Life Orb
|
|upkeep
|turn|12
|
|t:|1739061868
|switch|p2a: Keldeo|Keldeo|63/100 brn
|move|p1a: Chandelure|Shadow Ball|p2a: Keldeo
|-damage|p2a: Keldeo|9/100 brn
|
|-heal|p2a: Keldeo|16/100 brn|[from] item: Leftovers
|-damage|p2a: Keldeo|3/100 brn|[from] brn
|upkeep
|turn|13
|
|t:|1739061878
|switch|p1a: Amoonguss|Amoonguss, F|100/100
|-damage|p1a: Amoonguss|88/100|[from] Stealth Rock
|move|p2a: Keldeo|Hidden Power|p1a: Amoonguss
|-damage|p1a: Amoonguss|73/100
|
|-heal|p2a: Keldeo|9/100 brn|[from] item: Leftovers
|-heal|p1a: Amoonguss|79/100|[from] item: Black Sludge
|-damage|p2a: Keldeo|0 fnt|[from] brn
|faint|p2a: Keldeo
|upkeep
|
|t:|1739061887
|switch|p2a: Volcarona|Volcarona, F|100/100
|turn|14
|
|t:|1739061891
|switch|p1a: Terrakion|Terrakion|100/100
|-damage|p1a: Terrakion|94/100|[from] Stealth Rock
|move|p2a: Volcarona|Quiver Dance|p2a: Volcarona
|-boost|p2a: Volcarona|spa|1
|-boost|p2a: Volcarona|spd|1
|-boost|p2a: Volcarona|spe|1
|
|upkeep
|turn|15
|
|t:|1739061898
|switch|p2a: Ferrothorn|Ferrothorn, M|100/100
|move|p1a: Terrakion|Rock Slide|p2a: Ferrothorn
|-resisted|p2a: Ferrothorn
|-damage|p2a: Ferrothorn|86/100
|
|-heal|p2a: Ferrothorn|92/100|[from] item: Leftovers
|upkeep
|turn|16
|
|t:|1739061905
|switch|p1a: Garchomp|Garchomp, F|100/100
|-damage|p1a: Garchomp|94/100|[from] Stealth Rock
|switch|p2a: Volcarona|Volcarona, F|100/100
|
|upkeep
|turn|17
|
|t:|1739061913
|move|p2a: Volcarona|Hidden Power|p1a: Garchomp
|-supereffective|p1a: Garchomp
|-damage|p1a: Garchomp|0 fnt
|faint|p1a: Garchomp
|
|upkeep
|
|t:|1739061918
|switch|p1a: Starmie|Starmie|76/100
|-damage|p1a: Starmie|64/100|[from] Stealth Rock
|-item|p1a: Starmie|Air Balloon
|turn|18
|
|t:|1739061924
|switch|p2a: Ferrothorn|Ferrothorn, M|92/100
|move|p1a: Starmie|Rapid Spin|p2a: Ferrothorn
|-resisted|p2a: Ferrothorn
|-damage|p2a: Ferrothorn|91/100
|-damage|p1a: Starmie|51/100|[from] ability: Iron Barbs|[of] p2a: Ferrothorn
|-sideend|p1: omamamama|Stealth Rock|[from] move: Rapid Spin|[of] p1a: Starmie
|
|-heal|p2a: Ferrothorn|97/100|[from] item: Leftovers
|upkeep
|turn|19
|
|t:|1739061931
|switch|p1a: Amoonguss|Amoonguss, F|100/100
|move|p2a: Ferrothorn|Stealth Rock|p1a: Amoonguss
|-sidestart|p1: omamamama|move: Stealth Rock
|
|-heal|p2a: Ferrothorn|100/100|[from] item: Leftovers
|upkeep
|turn|20
|-message|omamamama forfeited.
|
|win|Plavns
|raw|omamamama's rating: 1422 &rarr; <strong>1399</strong><br />(-23 for losing)
|raw|Plavns's rating: 1378 &rarr; <strong>1401</strong><br />(+23 for winning)
|l|☆omamamama
|player|p1|
