|j|☆sODa
|j|☆Mono Luce
|player|p1|sODa|70
|player|p2|Mono Luce|265
|teamsize|p1|6
|teamsize|p2|6
|gametype|singles
|gen|5
|tier|[Gen 5] OU
|rated|
|rule|Sleep Clause Mod: Limit one foe put to sleep
|rule|Species Clause: Limit one of each Pokémon
|rule|OHKO Clause: OHKO moves are banned
|rule|Moody Clause: Moody is banned
|rule|Evasion Moves Clause: Evasion moves are banned
|rule|Endless Battle Clause: Forcing endless battles is banned
|rule|HP Percentage Mod: HP is shown in percentages
|rule|Evasion Abilities Clause: Evasion abilities are banned
|rule|Baton Pass Clause: Limit one Baton Passer, can't pass Spe and other stats simultaneously
|rule|Swagger Clause: Swagger is banned
|clearpoke
|poke|p1|Keldeo|item
|poke|p1|Politoed, F|item
|poke|p1|Ferrothorn, F|item
|poke|p1|Dragonite, F|item
|poke|p1|Tornadus, M|item
|poke|p1|Starmie|item
|poke|p2|Landorus-Therian, M|item
|poke|p2|Tyranitar, M|item
|poke|p2|Gastrodon, F|item
|poke|p2|Lucario, F|item
|poke|p2|Latios, M|item
|poke|p2|Heatran, F|item
|teampreview
|
|start
|switch|p1a: Keldeo|Keldeo|100/100
|switch|p2a: Heatran|Heatran, F|100/100
|turn|1
|
|move|p2a: Heatran|Protect|p2a: Heatran
|-singleturn|p2a: Heatran|Protect
|move|p1a: Keldeo|Secret Sword|p2a: Heatran
|-activate|p2a: Heatran|move: Protect
|
|upkeep
|turn|2
|
|switch|p2a: Landorus|Landorus-Therian, M|100/100
|-ability|p2a: Landorus|Intimidate|boost
|-unboost|p1a: Keldeo|atk|1
|move|p1a: Keldeo|Secret Sword|p2a: Landorus
|-resisted|p2a: Landorus
|-damage|p2a: Landorus|60/100
|
|upkeep
|turn|3
|
|switch|p1a: Tornadus|Tornadus, M|100/100
|move|p2a: Landorus|U-turn|p1a: Tornadus
|-resisted|p1a: Tornadus
|-damage|p1a: Tornadus|70/100
|
|switch|p2a: Tyranitar|Tyranitar, M|100/100
|-weather|Sandstorm|[from] ability: Sand Stream|[of] p2a: Tyranitar
|
|-weather|Sandstorm|[upkeep]
|-damage|p1a: Tornadus|64/100|[from] Sandstorm
|upkeep
|turn|4
|
|switch|p2a: Latios|Latios, M|100/100
|move|p1a: Tornadus|Superpower|p2a: Latios
|-resisted|p2a: Latios
|-damage|p2a: Latios|78/100
|-unboost|p1a: Tornadus|atk|1
|-unboost|p1a: Tornadus|def|1
|
|-weather|Sandstorm|[upkeep]
|-damage|p1a: Tornadus|58/100|[from] Sandstorm
|-damage|p2a: Latios|72/100|[from] Sandstorm
|upkeep
|turn|5
|
|switch|p1a: Ferrothorn|Ferrothorn, F|100/100
|move|p2a: Latios|Hidden Power|p1a: Ferrothorn
|-supereffective|p1a: Ferrothorn
|-damage|p1a: Ferrothorn|44/100
|
|-weather|Sandstorm|[upkeep]
|-damage|p2a: Latios|66/100|[from] Sandstorm
|-heal|p1a: Ferrothorn|50/100|[from] item: Leftovers
|upkeep
|turn|6
|
|switch|p1a: Politoed|Politoed, F|100/100
|-weather|RainDance|[from] ability: Drizzle|[of] p1a: Politoed
|move|p2a: Latios|Hidden Power|p1a: Politoed
|-resisted|p1a: Politoed
|-damage|p1a: Politoed|97/100
|
|-weather|RainDance|[upkeep]
|upkeep
|turn|7
|
|switch|p2a: Tyranitar|Tyranitar, M|100/100
|-weather|Sandstorm|[from] ability: Sand Stream|[of] p2a: Tyranitar
|switch|p1a: Ferrothorn|Ferrothorn, F|50/100
|
|-weather|Sandstorm|[upkeep]
|-heal|p1a: Ferrothorn|56/100|[from] item: Leftovers
|upkeep
|turn|8
|
|switch|p1a: Starmie|Starmie|100/100
|move|p2a: Tyranitar|Fire Blast|p1a: Starmie
|-resisted|p1a: Starmie
|-damage|p1a: Starmie|86/100
|
|-weather|Sandstorm|[upkeep]
|-damage|p1a: Starmie|80/100|[from] Sandstorm
|-heal|p1a: Starmie|86/100|[from] item: Leftovers
|upkeep
|turn|9
|
|switch|p1a: Ferrothorn|Ferrothorn, F|56/100
|switch|p2a: Gastrodon|Gastrodon, F|100/100
|
|-weather|Sandstorm|[upkeep]
|-heal|p1a: Ferrothorn|62/100|[from] item: Leftovers
|upkeep
|turn|10
|
|switch|p2a: Landorus|Landorus-Therian, M|60/100
|-ability|p2a: Landorus|Intimidate|boost
|-unboost|p1a: Ferrothorn|atk|1
|move|p1a: Ferrothorn|Stealth Rock|p2a: Landorus
|-sidestart|p2: Mono Luce|move: Stealth Rock
|
|-weather|Sandstorm|[upkeep]
|-heal|p1a: Ferrothorn|69/100|[from] item: Leftovers
|upkeep
|turn|11
|
|move|p2a: Landorus|Earthquake|p1a: Ferrothorn
|-damage|p1a: Ferrothorn|0 fnt
|faint|p1a: Ferrothorn
|
|-weather|Sandstorm|[upkeep]
|upkeep
|
|switch|p1a: Tornadus|Tornadus, M|58/100
|turn|12
|
|move|p1a: Tornadus|U-turn|p2a: Landorus
|-resisted|p2a: Landorus
|-damage|p2a: Landorus|49/100
|
|switch|p1a: Dragonite|Dragonite, F|100/100
|move|p2a: Landorus|Earthquake|p1a: Dragonite
|-immune|p1a: Dragonite|[msg]
|
|-weather|Sandstorm|[upkeep]
|-damage|p1a: Dragonite|94/100|[from] Sandstorm
|upkeep
|turn|13
|
|switch|p2a: Tyranitar|Tyranitar, M|100/100
|-damage|p2a: Tyranitar|88/100|[from] Stealth Rock
|switch|p1a: Tornadus|Tornadus, M|58/100
|
|-weather|Sandstorm|[upkeep]
|-damage|p1a: Tornadus|52/100|[from] Sandstorm
|upkeep
|turn|14
|
|switch|p2a: Gastrodon|Gastrodon, F|100/100
|-damage|p2a: Gastrodon|94/100|[from] Stealth Rock
|move|p1a: Tornadus|U-turn|p2a: Gastrodon
|-damage|p2a: Gastrodon|80/100
|
|switch|p1a: Politoed|Politoed, F|97/100
|-weather|RainDance|[from] ability: Drizzle|[of] p1a: Politoed
|
|-weather|RainDance|[upkeep]
|-heal|p2a: Gastrodon|86/100|[from] item: Leftovers
|upkeep
|turn|15
|
|move|p1a: Politoed|Perish Song|p1a: Politoed
|-start|p1a: Politoed|perish3|[silent]
|-start|p2a: Gastrodon|perish3|[silent]
|-fieldactivate|move: Perish Song
|move|p2a: Gastrodon|Toxic|p1a: Politoed
|-status|p1a: Politoed|tox
|
|-weather|RainDance|[upkeep]
|-heal|p2a: Gastrodon|92/100|[from] item: Leftovers
|-damage|p1a: Politoed|91/100 tox|[from] psn
|-start|p1a: Politoed|perish3
|-start|p2a: Gastrodon|perish3
|upkeep
|turn|16
|
|switch|p1a: Tornadus|Tornadus, M|52/100
|move|p2a: Gastrodon|Toxic|p1a: Tornadus
|-status|p1a: Tornadus|tox
|
|-weather|RainDance|[upkeep]
|-heal|p2a: Gastrodon|98/100|[from] item: Leftovers
|-damage|p1a: Tornadus|46/100 tox|[from] psn
|-start|p2a: Gastrodon|perish2
|upkeep
|turn|17
|
|move|p1a: Tornadus|Toxic|p2a: Gastrodon
|-status|p2a: Gastrodon|tox
|move|p2a: Gastrodon|Recover|p2a: Gastrodon
|-heal|p2a: Gastrodon|100/100 tox
|
|-weather|RainDance|[upkeep]
|-damage|p1a: Tornadus|34/100 tox|[from] psn
|-damage|p2a: Gastrodon|94/100 tox|[from] psn
|-start|p2a: Gastrodon|perish1
|upkeep
|turn|18
|
|switch|p1a: Keldeo|Keldeo|100/100
|switch|p2a: Landorus|Landorus-Therian, M|49/100
|-damage|p2a: Landorus|37/100|[from] Stealth Rock
|-ability|p2a: Landorus|Intimidate|boost
|-unboost|p1a: Keldeo|atk|1
|
|-weather|RainDance|[upkeep]
|upkeep
|turn|19
|
|move|p1a: Keldeo|Secret Sword|p2a: Landorus
|-resisted|p2a: Landorus
|-damage|p2a: Landorus|0 fnt
|faint|p2a: Landorus
|
|-weather|RainDance|[upkeep]
|upkeep
|
|switch|p2a: Latios|Latios, M|66/100
|-damage|p2a: Latios|54/100|[from] Stealth Rock
|turn|20
|
|switch|p1a: Starmie|Starmie|86/100
|move|p2a: Latios|Draco Meteor|p1a: Starmie
|-damage|p1a: Starmie|2/100
|-unboost|p2a: Latios|spa|2
|
|-weather|RainDance|[upkeep]
|-heal|p1a: Starmie|8/100|[from] item: Leftovers
|upkeep
|turn|21
|
|switch|p1a: Politoed|Politoed, F|91/100 tox
|move|p2a: Latios|Draco Meteor|p1a: Politoed
|-damage|p1a: Politoed|67/100 tox
|-unboost|p2a: Latios|spa|2
|
|-weather|RainDance|[upkeep]
|-damage|p1a: Politoed|61/100 tox|[from] psn
|upkeep
|turn|22
|
|switch|p2a: Gastrodon|Gastrodon, F|94/100 tox
|-damage|p2a: Gastrodon|88/100 tox|[from] Stealth Rock
|switch|p1a: Starmie|Starmie|8/100
|
|-weather|RainDance|[upkeep]
|-heal|p1a: Starmie|14/100|[from] item: Leftovers
|-heal|p2a: Gastrodon|94/100 tox|[from] item: Leftovers
|-damage|p2a: Gastrodon|88/100 tox|[from] psn
|upkeep
|turn|23
|
|switch|p2a: Latios|Latios, M|54/100
|-damage|p2a: Latios|41/100|[from] Stealth Rock
|move|p1a: Starmie|Recover|p1a: Starmie
|-heal|p1a: Starmie|64/100
|
|-weather|RainDance|[upkeep]
|-heal|p1a: Starmie|71/100|[from] item: Leftovers
|upkeep
|turn|24
|j|‽Bluri373846B76
|
|switch|p1a: Politoed|Politoed, F|61/100 tox
|move|p2a: Latios|Draco Meteor|p1a: Politoed
|-damage|p1a: Politoed|15/100 tox
|-unboost|p2a: Latios|spa|2
|
|-weather|RainDance|[upkeep]
|-damage|p1a: Politoed|9/100 tox|[from] psn
|upkeep
|turn|25
|
|switch|p1a: Starmie|Starmie|71/100
|move|p2a: Latios|Draco Meteor|p1a: Starmie
|-damage|p1a: Starmie|28/100
|-unboost|p2a: Latios|spa|2
|
|-weather|RainDance|[upkeep]
|-heal|p1a: Starmie|34/100|[from] item: Leftovers
|upkeep
|turn|26
|
|switch|p2a: Tyranitar|Tyranitar, M|88/100
|-damage|p2a: Tyranitar|76/100|[from] Stealth Rock
|-weather|Sandstorm|[from] ability: Sand Stream|[of] p2a: Tyranitar
|move|p1a: Starmie|Ice Beam|p2a: Tyranitar
|-crit|p2a: Tyranitar
|-damage|p2a: Tyranitar|39/100
|
|-weather|Sandstorm|[upkeep]
|-damage|p1a: Starmie|28/100|[from] Sandstorm
|-heal|p1a: Starmie|34/100|[from] item: Leftovers
|upkeep
|turn|27
|
|move|p1a: Starmie|Scald|p2a: Tyranitar
|-supereffective|p2a: Tyranitar
|-damage|p2a: Tyranitar|0 fnt
|faint|p2a: Tyranitar
|
|-weather|Sandstorm|[upkeep]
|-damage|p1a: Starmie|28/100|[from] Sandstorm
|-heal|p1a: Starmie|34/100|[from] item: Leftovers
|upkeep
|
|switch|p2a: Lucario|Lucario, F|100/100
|-damage|p2a: Lucario|98/100|[from] Stealth Rock
|turn|28
|
|move|p2a: Lucario|Agility|p2a: Lucario
|-boost|p2a: Lucario|spe|2
|move|p1a: Starmie|Scald|p2a: Lucario
|-damage|p2a: Lucario|34/100
|
|-weather|Sandstorm|[upkeep]
|-damage|p1a: Starmie|28/100|[from] Sandstorm
|-heal|p1a: Starmie|34/100|[from] item: Leftovers
|upkeep
|turn|29
|
|switch|p1a: Politoed|Politoed, F|9/100 tox
|-weather|RainDance|[from] ability: Drizzle|[of] p1a: Politoed
|move|p2a: Lucario|Dark Pulse|p1a: Politoed
|-damage|p1a: Politoed|0 fnt
|-damage|p2a: Lucario|24/100|[from] item: Life Orb
|faint|p1a: Politoed
|
|-weather|RainDance|[upkeep]
|upkeep
|
|switch|p1a: Dragonite|Dragonite, F|94/100
|turn|30
|
|move|p1a: Dragonite|Extreme Speed|p2a: Lucario
|-resisted|p2a: Lucario
|-crit|p2a: Lucario
|-damage|p2a: Lucario|0 fnt
|-damage|p1a: Dragonite|84/100|[from] item: Life Orb
|faint|p2a: Lucario
|
|-weather|RainDance|[upkeep]
|upkeep
|
|switch|p2a: Gastrodon|Gastrodon, F|88/100 tox
|-damage|p2a: Gastrodon|82/100 tox|[from] Stealth Rock
|turn|31
|
|move|p1a: Dragonite|Hurricane|p2a: Gastrodon
|-damage|p2a: Gastrodon|11/100 tox
|-damage|p1a: Dragonite|74/100|[from] item: Life Orb
|move|p2a: Gastrodon|Ice Beam|p1a: Dragonite
|-supereffective|p1a: Dragonite
|-damage|p1a: Dragonite|0 fnt
|faint|p1a: Dragonite
|
|-weather|RainDance|[upkeep]
|-heal|p2a: Gastrodon|17/100 tox|[from] item: Leftovers
|-damage|p2a: Gastrodon|11/100 tox|[from] psn
|upkeep
|
|switch|p1a: Starmie|Starmie|34/100
|turn|32
|
|move|p1a: Starmie|Recover|p1a: Starmie
|-heal|p1a: Starmie|84/100
|move|p2a: Gastrodon|Recover|p2a: Gastrodon
|-heal|p2a: Gastrodon|61/100 tox
|
|-weather|RainDance|[upkeep]
|-heal|p1a: Starmie|90/100|[from] item: Leftovers
|-heal|p2a: Gastrodon|67/100 tox|[from] item: Leftovers
|-damage|p2a: Gastrodon|54/100 tox|[from] psn
|upkeep
|turn|33
|
|move|p1a: Starmie|Ice Beam|p2a: Gastrodon
|-damage|p2a: Gastrodon|25/100 tox
|move|p2a: Gastrodon|Toxic|p1a: Starmie
|-status|p1a: Starmie|tox
|
|-weather|RainDance|[upkeep]
|-heal|p1a: Starmie|96/100 tox|[from] item: Leftovers
|-heal|p2a: Gastrodon|31/100 tox|[from] item: Leftovers
|-damage|p1a: Starmie|90/100 tox|[from] psn
|-damage|p2a: Gastrodon|13/100 tox|[from] psn
|upkeep
|turn|34
|
|switch|p1a: Keldeo|Keldeo|100/100
|move|p2a: Gastrodon|Recover|p2a: Gastrodon
|-heal|p2a: Gastrodon|63/100 tox
|
|-weather|RainDance|[upkeep]
|-heal|p2a: Gastrodon|69/100 tox|[from] item: Leftovers
|-damage|p2a: Gastrodon|45/100 tox|[from] psn
|upkeep
|turn|35
|
|move|p1a: Keldeo|Secret Sword|p2a: Gastrodon
|-damage|p2a: Gastrodon|0 fnt
|faint|p2a: Gastrodon
|
|-weather|RainDance|[upkeep]
|upkeep
|
|switch|p2a: Latios|Latios, M|41/100
|-damage|p2a: Latios|29/100|[from] Stealth Rock
|turn|36
|
|move|p2a: Latios|Psyshock|p1a: Keldeo
|-supereffective|p1a: Keldeo
|-damage|p1a: Keldeo|3/100
|move|p1a: Keldeo|Secret Sword|p2a: Latios
|-resisted|p2a: Latios
|-damage|p2a: Latios|0 fnt
|faint|p2a: Latios
|
|-weather|RainDance|[upkeep]
|upkeep
|
|switch|p2a: Heatran|Heatran, F|100/100
|-damage|p2a: Heatran|88/100|[from] Stealth Rock
|turn|37
|c|☆sODa|scarf lati right?
|
|move|p1a: Keldeo|Secret Sword|p2a: Heatran
|-supereffective|p2a: Heatran
|-damage|p2a: Heatran|0 fnt
|faint|p2a: Heatran
|
|win|sODa
|l|☆Mono Luce
|raw|sODa's rating: 1319 &rarr; <strong>1341</strong><br />(+22 for winning)
|raw|Mono Luce's rating: 1356 &rarr; <strong>1334</strong><br />(-22 for losing)
|l|☆sODa
