|j|☆refsunpersons
|j|☆The Daisuke
|player|p1|refsunpersons|15
|player|p2|The Daisuke|152
|teamsize|p1|6
|teamsize|p2|6
|gametype|singles
|gen|5
|tier|[Gen 5] OU
|rated|
|rule|Sleep Clause Mod: Limit one foe put to sleep
|rule|Species Clause: Limit one of each Pokémon
|rule|OHKO Clause: OHKO moves are banned
|rule|Moody Clause: Moody is banned
|rule|Evasion Moves Clause: Evasion moves are banned
|rule|Endless Battle Clause: Forcing endless battles is banned
|rule|HP Percentage Mod: HP is shown in percentages
|rule|Evasion Abilities Clause: Evasion abilities are banned
|rule|Baton Pass Clause: Limit one Baton Passer, can't pass Spe and other stats simultaneously
|rule|Swagger Clause: Swagger is banned
|clearpoke
|poke|p1|Politoed, F|item
|poke|p1|Ferrothorn, M|item
|poke|p1|Xatu, M|item
|poke|p1|Diglett, M|item
|poke|p1|Latias, F|item
|poke|p1|Toxicroak, M|item
|poke|p2|Tyranitar, F|item
|poke|p2|Rotom-Wash|item
|poke|p2|Reuniclus, M|item
|poke|p2|Gengar, M|item
|poke|p2|Garchomp, F|item
|poke|p2|Ferrothorn, F|item
|teampreview
|c|☆refsunpersons|gl hf
|
|start
|switch|p1a: zaku|Xatu, M|100/100
|switch|p2a: Gengar|Gengar, M, shiny|100/100
|turn|1
|
|switch|p1a: hygogg|Politoed, F|100/100
|-weather|RainDance|[from] ability: Drizzle|[of] p1a: hygogg
|move|p2a: Gengar|Substitute|p2a: Gengar
|-start|p2a: Gengar|Substitute
|-damage|p2a: Gengar|76/100
|
|-weather|RainDance|[upkeep]
|-heal|p2a: Gengar|82/100|[from] item: Black Sludge
|upkeep
|turn|2
|
|move|p1a: hygogg|Encore|p2a: Gengar
|-start|p2a: Gengar|Encore
|move|p2a: Gengar|Substitute|p2a: Gengar
|-fail|p2a: Gengar|move: Substitute
|
|-weather|RainDance|[upkeep]
|-heal|p2a: Gengar|88/100|[from] item: Black Sludge
|upkeep
|turn|3
|j| Susermaru
|
|switch|p1a: zeong|Toxicroak, M|100/100
|switch|p2a: Rotom|Rotom-Wash|100/100
|
|-weather|RainDance|[upkeep]
|upkeep
|turn|4
|inactive|Battle timer is ON: inactive players will automatically lose when time's up. (requested by The Daisuke)
|
|move|p1a: zeong|Swords Dance|p1a: zeong
|-boost|p1a: zeong|atk|2
|move|p2a: Rotom|Volt Switch|p1a: zeong
|-damage|p1a: zeong|58/100
|
|switch|p2a: Garchomp|Garchomp, F|100/100
|
|-weather|RainDance|[upkeep]
|-heal|p1a: zeong|71/100|[from] ability: Dry Skin
|upkeep
|turn|5
|
|switch|p1a: zaku|Xatu, M|100/100
|move|p2a: Garchomp|Earthquake|p1a: zaku
|-immune|p1a: zaku|[msg]
|
|-weather|RainDance|[upkeep]
|upkeep
|turn|6
|
|move|p2a: Garchomp|Swords Dance|p2a: Garchomp
|-boost|p2a: Garchomp|atk|2
|move|p1a: zaku|Toxic|p2a: Garchomp
|-status|p2a: Garchomp|tox
|
|-weather|RainDance|[upkeep]
|-damage|p2a: Garchomp|94/100 tox|[from] psn
|upkeep
|turn|7
|
|switch|p2a: Gengar|Gengar, M, shiny|88/100
|move|p1a: zaku|U-turn|p2a: Gengar
|-resisted|p2a: Gengar
|-damage|p2a: Gengar|83/100
|
|switch|p1a: hygogg|Politoed, F|100/100
|
|-weather|RainDance|[upkeep]
|-heal|p2a: Gengar|90/100|[from] item: Black Sludge
|upkeep
|turn|8
|
|switch|p1a: zeong|Toxicroak, M|71/100
|switch|p2a: Rotom|Rotom-Wash|100/100
|
|-weather|RainDance|[upkeep]
|-heal|p1a: zeong|83/100|[from] ability: Dry Skin
|upkeep
|turn|9
|
|move|p1a: zeong|Drain Punch|p2a: Rotom
|-damage|p2a: Rotom|50/100
|-heal|p1a: zeong|100/100|[from] drain|[of] p2a: Rotom
|-damage|p1a: zeong|91/100|[from] item: Life Orb
|move|p2a: Rotom|Will-O-Wisp|p1a: zeong|[miss]
|-miss|p2a: Rotom|p1a: zeong
|
|-weather|RainDance|[upkeep]
|-heal|p1a: zeong|100/100|[from] ability: Dry Skin
|-heal|p2a: Rotom|56/100|[from] item: Leftovers
|upkeep
|turn|10
|
|switch|p2a: Garchomp|Garchomp, F|94/100 tox
|move|p1a: zeong|Swords Dance|p1a: zeong
|-boost|p1a: zeong|atk|2
|
|-weather|RainDance|[upkeep]
|-damage|p2a: Garchomp|88/100 tox|[from] psn
|upkeep
|turn|11
|
|switch|p2a: Tyranitar|Tyranitar, F|100/100
|-weather|Sandstorm|[from] ability: Sand Stream|[of] p2a: Tyranitar
|switch|p1a: zaku|Xatu, M|100/100
|
|-weather|Sandstorm|[upkeep]
|-damage|p1a: zaku|94/100|[from] Sandstorm
|upkeep
|turn|12
|
|move|p2a: Tyranitar|Crunch|p1a: zaku
|-supereffective|p1a: zaku
|-damage|p1a: zaku|8/100
|-damage|p2a: Tyranitar|84/100|[from] item: Rocky Helmet|[of] p1a: zaku
|move|p1a: zaku|Night Shade|p2a: Tyranitar
|-damage|p2a: Tyranitar|55/100
|
|-weather|Sandstorm|[upkeep]
|-damage|p1a: zaku|1/100|[from] Sandstorm
|upkeep
|turn|13
|
|move|p2a: Tyranitar|Crunch|p1a: zaku
|-supereffective|p1a: zaku
|-damage|p1a: zaku|0 fnt
|-damage|p2a: Tyranitar|38/100|[from] item: Rocky Helmet|[of] p1a: zaku
|faint|p1a: zaku
|
|-weather|Sandstorm|[upkeep]
|upkeep
|
|switch|p1a: acguy|Diglett, M|100/100
|turn|14
|
|move|p2a: Tyranitar|Crunch|p1a: acguy
|-enditem|p1a: acguy|Focus Sash
|-damage|p1a: acguy|1/100
|move|p1a: acguy|Earthquake|p2a: Tyranitar
|-supereffective|p2a: Tyranitar
|-damage|p2a: Tyranitar|0 fnt
|faint|p2a: Tyranitar
|
|-weather|Sandstorm|[upkeep]
|upkeep
|
|switch|p2a: Garchomp|Garchomp, F|88/100 tox
|turn|15
|
|move|p2a: Garchomp|Stealth Rock|p1a: acguy
|-sidestart|p1: refsunpersons|move: Stealth Rock
|move|p1a: acguy|Stealth Rock|p2a: Garchomp
|-sidestart|p2: The Daisuke|move: Stealth Rock
|
|-weather|Sandstorm|[upkeep]
|-damage|p2a: Garchomp|82/100 tox|[from] psn
|upkeep
|turn|16
|
|move|p2a: Garchomp|Earthquake|p1a: acguy
|-damage|p1a: acguy|0 fnt
|faint|p1a: acguy
|
|-weather|Sandstorm|[upkeep]
|-damage|p2a: Garchomp|70/100 tox|[from] psn
|upkeep
|
|switch|p1a: hygogg|Politoed, F|100/100
|-damage|p1a: hygogg|88/100|[from] Stealth Rock
|-weather|RainDance|[from] ability: Drizzle|[of] p1a: hygogg
|turn|17
|
|switch|p2a: Ferrothorn|Ferrothorn, F|100/100
|-damage|p2a: Ferrothorn|94/100|[from] Stealth Rock
|move|p1a: hygogg|Ice Beam|p2a: Ferrothorn
|-damage|p2a: Ferrothorn|74/100
|
|-weather|RainDance|[upkeep]
|-heal|p2a: Ferrothorn|81/100|[from] item: Leftovers
|upkeep
|turn|18
|
|switch|p1a: big zam|Ferrothorn, M|100/100
|-damage|p1a: big zam|94/100|[from] Stealth Rock
|move|p2a: Ferrothorn|Spikes|p1a: big zam
|-sidestart|p1: refsunpersons|Spikes
|
|-weather|RainDance|[upkeep]
|-heal|p1a: big zam|100/100|[from] item: Leftovers
|-heal|p2a: Ferrothorn|87/100|[from] item: Leftovers
|upkeep
|turn|19
|
|move|p2a: Ferrothorn|Spikes|p1a: big zam
|-sidestart|p1: refsunpersons|Spikes
|move|p1a: big zam|Spikes|p2a: Ferrothorn
|-sidestart|p2: The Daisuke|Spikes
|
|-weather|RainDance|[upkeep]
|-heal|p2a: Ferrothorn|93/100|[from] item: Leftovers
|upkeep
|turn|20
|
|move|p1a: big zam|Spikes|p2a: Ferrothorn
|-sidestart|p2: The Daisuke|Spikes
|move|p2a: Ferrothorn|Spikes|p1a: big zam
|-sidestart|p1: refsunpersons|Spikes
|
|-weather|RainDance|[upkeep]
|-heal|p2a: Ferrothorn|99/100|[from] item: Leftovers
|upkeep
|turn|21
|
|switch|p2a: Reuniclus|Reuniclus, M|100/100
|move|p1a: big zam|Spikes|p2a: Reuniclus
|-sidestart|p2: The Daisuke|Spikes
|
|-weather|RainDance|[upkeep]
|upkeep
|turn|22
|
|switch|p1a: hygogg|Politoed, F|88/100
|-damage|p1a: hygogg|75/100|[from] Stealth Rock
|-damage|p1a: hygogg|50/100|[from] Spikes
|move|p2a: Reuniclus|Trick Room|p2a: Reuniclus
|-fieldstart|move: Trick Room|[of] p2a: Reuniclus
|
|-weather|RainDance|[upkeep]
|upkeep
|turn|23
|
|move|p2a: Reuniclus|Psychic|p1a: hygogg
|-damage|p1a: hygogg|0 fnt
|faint|p1a: hygogg
|
|-weather|RainDance|[upkeep]
|upkeep
|
|switch|p1a: big zam|Ferrothorn, M|100/100
|-damage|p1a: big zam|94/100|[from] Stealth Rock
|-damage|p1a: big zam|69/100|[from] Spikes
|turn|24
|
|move|p1a: big zam|Gyro Ball|p2a: Reuniclus
|-crit|p2a: Reuniclus
|-damage|p2a: Reuniclus|75/100
|move|p2a: Reuniclus|Focus Blast|p1a: big zam
|-supereffective|p1a: big zam
|-crit|p1a: big zam
|-damage|p1a: big zam|0 fnt
|faint|p1a: big zam
|
|-weather|RainDance|[upkeep]
|upkeep
|
|switch|p1a: zeong|Toxicroak, M|100/100
|-damage|p1a: zeong|76/100|[from] Spikes
|-damage|p1a: zeong|70/100|[from] Stealth Rock
|turn|25
|
|move|p1a: zeong|Sucker Punch|p2a: Reuniclus
|-supereffective|p2a: Reuniclus
|-damage|p2a: Reuniclus|9/100
|-damage|p1a: zeong|60/100|[from] item: Life Orb
|move|p2a: Reuniclus|Psychic|p1a: zeong
|-supereffective|p1a: zeong
|-damage|p1a: zeong|0 fnt
|faint|p1a: zeong
|
|-weather|RainDance|[upkeep]
|upkeep
|
|switch|p1a: rx-78-2|Latias, F|100/100
|-damage|p1a: rx-78-2|88/100|[from] Stealth Rock
|turn|26
|
|move|p2a: Reuniclus|Shadow Ball|p1a: rx-78-2
|-supereffective|p1a: rx-78-2
|-damage|p1a: rx-78-2|30/100
|-unboost|p1a: rx-78-2|spd|1
|move|p1a: rx-78-2|Calm Mind|p1a: rx-78-2
|-boost|p1a: rx-78-2|spa|1
|-boost|p1a: rx-78-2|spd|1
|
|-weather|RainDance|[upkeep]
|-heal|p1a: rx-78-2|36/100|[from] item: Leftovers
|-fieldend|move: Trick Room
|upkeep
|turn|27
|
|move|p1a: rx-78-2|Dragon Pulse|p2a: Reuniclus
|-damage|p2a: Reuniclus|0 fnt
|faint|p2a: Reuniclus
|
|-weather|RainDance|[upkeep]
|-heal|p1a: rx-78-2|42/100|[from] item: Leftovers
|upkeep
|
|switch|p2a: Ferrothorn|Ferrothorn, F|99/100
|-damage|p2a: Ferrothorn|93/100|[from] Stealth Rock
|-damage|p2a: Ferrothorn|68/100|[from] Spikes
|turn|28
|
|move|p1a: rx-78-2|Substitute|p1a: rx-78-2
|-start|p1a: rx-78-2|Substitute
|-damage|p1a: rx-78-2|17/100
|move|p2a: Ferrothorn|Gyro Ball|p1a: rx-78-2
|-end|p1a: rx-78-2|Substitute
|
|-weather|RainDance|[upkeep]
|-heal|p1a: rx-78-2|23/100|[from] item: Leftovers
|-heal|p2a: Ferrothorn|74/100|[from] item: Leftovers
|upkeep
|turn|29
|
|move|p1a: rx-78-2|Roost|p1a: rx-78-2
|-heal|p1a: rx-78-2|73/100
|move|p2a: Ferrothorn|Leech Seed|p1a: rx-78-2
|-start|p1a: rx-78-2|move: Leech Seed
|
|-weather|RainDance|[upkeep]
|-heal|p1a: rx-78-2|79/100|[from] item: Leftovers
|-heal|p2a: Ferrothorn|81/100|[from] item: Leftovers
|-damage|p1a: rx-78-2|67/100|[from] Leech Seed|[of] p2a: Ferrothorn
|-heal|p2a: Ferrothorn|93/100|[silent]
|upkeep
|turn|30
|
|move|p1a: rx-78-2|Calm Mind|p1a: rx-78-2
|-boost|p1a: rx-78-2|spa|1
|-boost|p1a: rx-78-2|spd|1
|move|p2a: Ferrothorn|Gyro Ball|p1a: rx-78-2
|-damage|p1a: rx-78-2|17/100
|
|-weather|RainDance|[upkeep]
|-heal|p1a: rx-78-2|23/100|[from] item: Leftovers
|-heal|p2a: Ferrothorn|99/100|[from] item: Leftovers
|-damage|p1a: rx-78-2|10/100|[from] Leech Seed|[of] p2a: Ferrothorn
|-heal|p2a: Ferrothorn|100/100|[silent]
|upkeep
|turn|31
|
|move|p1a: rx-78-2|Roost|p1a: rx-78-2
|-heal|p1a: rx-78-2|60/100
|move|p2a: Ferrothorn|Gyro Ball|p1a: rx-78-2
|-crit|p1a: rx-78-2
|-damage|p1a: rx-78-2|0 fnt
|faint|p1a: rx-78-2
|
|win|The Daisuke
|raw|refsunpersons's rating: 1374 &rarr; <strong>1357</strong><br />(-17 for losing)
|raw|The Daisuke's rating: 1427 &rarr; <strong>1444</strong><br />(+17 for winning)
|c|☆refsunpersons|gg wp
