|j|☆Crimsonbacon38
|j|☆asufre
|t:|1722038078
|gametype|singles
|player|p1|Crimsonbacon38|barry|1296
|player|p2|asufre|170|1338
|teamsize|p1|6
|teamsize|p2|6
|gen|5
|tier|[Gen 5] OU
|rated|
|rule|Species Clause: Limit one of each Pokémon
|rule|OHKO Clause: OHKO moves are banned
|rule|Moody Clause: Moody is banned
|rule|Evasion Items Clause: Evasion items are banned
|rule|Evasion Moves Clause: Evasion moves are banned
|rule|Endless Battle Clause: Forcing endless battles is banned
|rule|HP Percentage Mod: HP is shown in percentages
|rule|Evasion Abilities Clause: Evasion abilities are banned
|rule|Sleep Moves Clause: Sleep-inducing moves are banned
|rule|Swagger Clause: Swagger is banned
|rule|Baton Pass Stat Clause: No Baton Passer may have a way to boost its stats
|clearpoke
|poke|p1|Ferrothorn, F|item
|poke|p1|Politoed, M|item
|poke|p1|Keldeo|item
|poke|p1|Latios, M|item
|poke|p1|Garchomp, M|item
|poke|p1|Starmie|item
|poke|p2|Espeon, F|item
|poke|p2|Milotic, F|item
|poke|p2|Garchomp, M|item
|poke|p2|Ferrothorn, F|item
|poke|p2|Magnezone|item
|poke|p2|Conkeldurr, M|item
|teampreview
|
|t:|1722038094
|start
|switch|p1a: Politoed|Politoed, M|100/100
|switch|p2a: Magnezone|Magnezone, shiny|100/100
|-weather|RainDance|[from] ability: Drizzle|[of] p1a: Politoed
|turn|1
|inactive|Battle timer is ON: inactive players will automatically lose when time's up. (requested by asufre)
|
|t:|1722038100
|switch|p1a: Garchomp|Garchomp, M|100/100
|move|p2a: Magnezone|Volt Switch|p1a: Garchomp
|-immune|p1a: Garchomp
|
|-weather|RainDance|[upkeep]
|upkeep
|turn|2
|
|t:|1722038109
|switch|p2a: Ferrothorn|Ferrothorn, F|100/100
|move|p1a: Garchomp|Earthquake|p2a: Ferrothorn
|-damage|p2a: Ferrothorn|68/100
|
|-weather|RainDance|[upkeep]
|upkeep
|turn|3
|
|t:|1722038113
|move|p1a: Garchomp|Stealth Rock|p2a: Ferrothorn
|-sidestart|p2: asufre|move: Stealth Rock
|move|p2a: Ferrothorn|Gyro Ball|p1a: Garchomp
|-damage|p1a: Garchomp|54/100
|-damage|p2a: Ferrothorn|56/100|[from] ability: Rough Skin|[of] p1a: Garchomp
|
|-weather|RainDance|[upkeep]
|-heal|p1a: Garchomp|60/100|[from] item: Leftovers
|upkeep
|turn|4
|
|t:|1722038135
|switch|p1a: Ferrothorn|Ferrothorn, F|100/100
|move|p2a: Ferrothorn|Power Whip|p1a: Ferrothorn
|-resisted|p1a: Ferrothorn
|-damage|p1a: Ferrothorn|93/100
|-damage|p2a: Ferrothorn|43/100|[from] ability: Iron Barbs|[of] p1a: Ferrothorn
|
|-weather|RainDance|[upkeep]
|upkeep
|turn|5
|
|t:|1722038144
|switch|p2a: Magnezone|Magnezone, shiny|100/100
|-damage|p2a: Magnezone|94/100|[from] Stealth Rock
|switch|p1a: Keldeo|Keldeo|100/100
|
|-weather|RainDance|[upkeep]
|upkeep
|turn|6
|
|t:|1722038155
|switch|p2a: Ferrothorn|Ferrothorn, F|43/100
|-damage|p2a: Ferrothorn|37/100|[from] Stealth Rock
|move|p1a: Keldeo|Secret Sword|p2a: Ferrothorn
|-supereffective|p2a: Ferrothorn
|-damage|p2a: Ferrothorn|0 fnt
|faint|p2a: Ferrothorn
|
|-weather|RainDance|[upkeep]
|upkeep
|
|t:|1722038167
|switch|p2a: Conkeldurr|Conkeldurr, M|100/100
|-damage|p2a: Conkeldurr|94/100|[from] Stealth Rock
|turn|7
|
|t:|1722038181
|move|p1a: Keldeo|Surf|p2a: Conkeldurr
|-damage|p2a: Conkeldurr|8/100
|move|p2a: Conkeldurr|Bulk Up|p2a: Conkeldurr
|-boost|p2a: Conkeldurr|atk|1
|-boost|p2a: Conkeldurr|def|1
|
|-weather|RainDance|[upkeep]
|-heal|p2a: Conkeldurr|14/100|[from] item: Leftovers
|upkeep
|turn|8
|
|t:|1722038187
|move|p2a: Conkeldurr|Mach Punch|p1a: Keldeo
|-damage|p1a: Keldeo|59/100
|move|p1a: Keldeo|Surf|p2a: Conkeldurr
|-crit|p2a: Conkeldurr
|-damage|p2a: Conkeldurr|0 fnt
|faint|p2a: Conkeldurr
|
|-weather|RainDance|[upkeep]
|upkeep
|
|t:|1722038195
|switch|p2a: Garchomp|Garchomp, M|100/100
|-damage|p2a: Garchomp|94/100|[from] Stealth Rock
|turn|9
|
|t:|1722038199
|switch|p1a: Ferrothorn|Ferrothorn, F|93/100
|move|p2a: Garchomp|Earthquake|p1a: Ferrothorn
|-damage|p1a: Ferrothorn|54/100
|
|-weather|RainDance|[upkeep]
|upkeep
|turn|10
|
|t:|1722038211
|move|p2a: Garchomp|Earthquake|p1a: Ferrothorn
|-damage|p1a: Ferrothorn|10/100
|move|p1a: Ferrothorn|Gyro Ball|p2a: Garchomp
|-damage|p2a: Garchomp|0 fnt
|-damage|p1a: Ferrothorn|0 fnt|[from] ability: Rough Skin|[of] p2a: Garchomp
|faint|p1a: Ferrothorn
|faint|p2a: Garchomp
|
|-weather|RainDance|[upkeep]
|upkeep
|inactive|Crimsonbacon38 has 120 seconds left.
|
|t:|1722038247
|switch|p2a: Milotic|Milotic, F, shiny|100/100
|switch|p1a: Politoed|Politoed, M|100/100
|-damage|p2a: Milotic|88/100|[from] Stealth Rock
|turn|11
|
|t:|1722038253
|switch|p1a: Starmie|Starmie|100/100
|-item|p1a: Starmie|Air Balloon
|move|p2a: Milotic|Scald|p1a: Starmie
|-resisted|p1a: Starmie
|-damage|p1a: Starmie|68/100
|-status|p1a: Starmie|brn
|-enditem|p1a: Starmie|Air Balloon
|
|-weather|RainDance|[upkeep]
|-heal|p2a: Milotic|94/100|[from] item: Leftovers
|-damage|p1a: Starmie|55/100 brn|[from] brn
|upkeep
|turn|12
|
|t:|1722038266
|move|p1a: Starmie|Thunder|p2a: Milotic
|-supereffective|p2a: Milotic
|-damage|p2a: Milotic|56/100
|move|p2a: Milotic|Scald|p1a: Starmie
|-resisted|p1a: Starmie
|-damage|p1a: Starmie|23/100 brn
|
|-weather|RainDance|[upkeep]
|-heal|p2a: Milotic|62/100|[from] item: Leftovers
|-damage|p1a: Starmie|11/100 brn|[from] brn
|upkeep
|turn|13
|
|t:|1722038275
|switch|p1a: Keldeo|Keldeo|59/100
|move|p2a: Milotic|Recover|p2a: Milotic
|-heal|p2a: Milotic|100/100
|
|-weather|RainDance|[upkeep]
|upkeep
|turn|14
|
|t:|1722038281
|move|p1a: Keldeo|Calm Mind|p1a: Keldeo
|-boost|p1a: Keldeo|spa|1
|-boost|p1a: Keldeo|spd|1
|move|p2a: Milotic|Scald|p1a: Keldeo
|-resisted|p1a: Keldeo
|-damage|p1a: Keldeo|41/100
|
|-weather|RainDance|[upkeep]
|upkeep
|turn|15
|
|t:|1722038287
|move|p1a: Keldeo|Calm Mind|p1a: Keldeo
|-boost|p1a: Keldeo|spa|1
|-boost|p1a: Keldeo|spd|1
|move|p2a: Milotic|Haze|p2a: Milotic
|-clearallboost
|
|-weather|RainDance|[upkeep]
|upkeep
|turn|16
|
|t:|1722038292
|move|p1a: Keldeo|Calm Mind|p1a: Keldeo
|-boost|p1a: Keldeo|spa|1
|-boost|p1a: Keldeo|spd|1
|move|p2a: Milotic|Scald|p1a: Keldeo
|-resisted|p1a: Keldeo
|-damage|p1a: Keldeo|26/100
|
|-weather|RainDance|[upkeep]
|upkeep
|turn|17
|
|t:|1722038298
|move|p1a: Keldeo|Secret Sword|p2a: Milotic
|-crit|p2a: Milotic
|-damage|p2a: Milotic|0 fnt
|faint|p2a: Milotic
|
|-weather|RainDance|[upkeep]
|upkeep
|
|t:|1722038304
|switch|p2a: Espeon|Espeon, F|100/100
|-damage|p2a: Espeon|88/100|[from] Stealth Rock
|turn|18
|
|t:|1722038309
|move|p2a: Espeon|Psyshock|p1a: Keldeo
|-supereffective|p1a: Keldeo
|-damage|p1a: Keldeo|0 fnt
|faint|p1a: Keldeo
|
|-weather|RainDance|[upkeep]
|upkeep
|
|t:|1722038313
|switch|p1a: Latios|Latios, M|100/100
|turn|19
|
|t:|1722038317
|switch|p2a: Magnezone|Magnezone, shiny|94/100
|-damage|p2a: Magnezone|88/100|[from] Stealth Rock
|move|p1a: Latios|Surf|p2a: Magnezone
|-damage|p2a: Magnezone|23/100
|
|-weather|RainDance|[upkeep]
|upkeep
|turn|20
|
|t:|1722038325
|move|p1a: Latios|Surf|p2a: Magnezone
|-damage|p2a: Magnezone|0 fnt
|faint|p2a: Magnezone
|
|-weather|RainDance|[upkeep]
|upkeep
|
|t:|1722038327
|switch|p2a: Espeon|Espeon, F|88/100
|-damage|p2a: Espeon|76/100|[from] Stealth Rock
|turn|21
|
|t:|1722038331
|move|p1a: Latios|Surf|p2a: Espeon
|-damage|p2a: Espeon|15/100
|move|p2a: Espeon|Psyshock|p1a: Latios
|-resisted|p1a: Latios
|-damage|p1a: Latios|55/100
|
|-weather|RainDance|[upkeep]
|upkeep
|turn|22
|c|☆Crimsonbacon38|gg
|c|☆asufre|gg
|
|t:|1722038338
|move|p1a: Latios|Surf|p2a: Espeon
|-damage|p2a: Espeon|0 fnt
|faint|p2a: Espeon
|
|win|Crimsonbacon38
|raw|Crimsonbacon38's rating: 1296 &rarr; <strong>1324</strong><br />(+28 for winning)
|raw|asufre's rating: 1338 &rarr; <strong>1316</strong><br />(-22 for losing)
