|j|☆av2336
|j|☆killapokeman
|t:|1716493912
|gametype|singles
|player|p1|av2336|pokemaniac-gen3rs|1395
|player|p2|killapokeman|hoopster|1335
|teamsize|p1|6
|teamsize|p2|6
|gen|5
|tier|[Gen 5] OU
|rated|
|rule|Species Clause: Limit one of each Pokémon
|rule|OHKO Clause: OHKO moves are banned
|rule|Moody Clause: Moody is banned
|rule|Evasion Items Clause: Evasion items are banned
|rule|Evasion Moves Clause: Evasion moves are banned
|rule|Endless Battle Clause: Forcing endless battles is banned
|rule|HP Percentage Mod: HP is shown in percentages
|rule|Evasion Abilities Clause: Evasion abilities are banned
|rule|Sleep Moves Clause: Sleep-inducing moves are banned
|rule|Swagger Clause: Swagger is banned
|rule|Baton Pass Stat Clause: No Baton Passer may have a way to boost its stats
|clearpoke
|poke|p1|Bronzong|item
|poke|p1|Gallade, M|item
|poke|p1|Jellicent, M|item
|poke|p1|Conkeldurr, F|item
|poke|p1|Reuniclus, F|item
|poke|p1|Dragonite, M|item
|poke|p2|Terrakion|item
|poke|p2|Tentacruel, M|item
|poke|p2|Landorus-Therian, M|item
|poke|p2|Omastar, F|item
|poke|p2|Blissey, F|item
|poke|p2|Heatran, M|item
|teampreview
|inactive|Battle timer is ON: inactive players will automatically lose when time's up. (requested by killapokeman)
|inactive|av2336 also wants the timer to be on.
|
|t:|1716493919
|start
|switch|p1a: Bronzong|Bronzong|100/100
|switch|p2a: Landorus|Landorus-Therian, M|100/100
|-ability|p2a: Landorus|Intimidate|boost
|-unboost|p1a: Bronzong|atk|1
|turn|1
|
|t:|1716493936
|move|p2a: Landorus|U-turn|p1a: Bronzong
|-damage|p1a: Bronzong|79/100
|
|t:|1716493941
|switch|p2a: Heatran|Heatran, M|100/100|[from] U-turn
|move|p1a: Bronzong|Stealth Rock|p2a: Heatran
|-sidestart|p2: killapokeman|move: Stealth Rock
|
|upkeep
|turn|2
|
|t:|1716493945
|move|p2a: Heatran|Substitute|p2a: Heatran
|-start|p2a: Heatran|Substitute
|-damage|p2a: Heatran|76/100
|move|p1a: Bronzong|Trick Room|p1a: Bronzong
|-fieldstart|move: Trick Room|[of] p1a: Bronzong
|
|-heal|p2a: Heatran|82/100|[from] item: Leftovers
|upkeep
|turn|3
|
|t:|1716493952
|move|p1a: Bronzong|Explosion|p2a: Heatran
|-resisted|p2a: Heatran
|-end|p2a: Heatran|Substitute
|faint|p1a: Bronzong
|move|p2a: Heatran|Magma Storm|p1: Bronzong|[notarget]
|-fail|p2a: Heatran
|
|-heal|p2a: Heatran|88/100|[from] item: Leftovers
|upkeep
|
|t:|1716493955
|switch|p1a: Conkeldurr|Conkeldurr, F|100/100
|turn|4
|
|t:|1716493962
|switch|p2a: Tentacruel|Tentacruel, M|100/100
|-damage|p2a: Tentacruel|88/100|[from] Stealth Rock
|move|p1a: Conkeldurr|Drain Punch|p2a: Tentacruel
|-resisted|p2a: Tentacruel
|-damage|p2a: Tentacruel|55/100
|-damage|p1a: Conkeldurr|91/100|[from] item: Life Orb
|
|-heal|p2a: Tentacruel|61/100|[from] item: Black Sludge
|upkeep
|turn|5
|
|t:|1716493968
|switch|p2a: Landorus|Landorus-Therian, M|100/100
|-damage|p2a: Landorus|88/100|[from] Stealth Rock
|-ability|p2a: Landorus|Intimidate|boost
|-unboost|p1a: Conkeldurr|atk|1
|move|p1a: Conkeldurr|Thunder Punch|p2a: Landorus
|-immune|p2a: Landorus
|
|upkeep
|turn|6
|
|t:|1716493979
|switch|p2a: Tentacruel|Tentacruel, M|61/100
|-damage|p2a: Tentacruel|49/100|[from] Stealth Rock
|move|p1a: Conkeldurr|Ice Punch|p2a: Tentacruel
|-resisted|p2a: Tentacruel
|-crit|p2a: Tentacruel
|-damage|p2a: Tentacruel|5/100
|-damage|p1a: Conkeldurr|81/100|[from] item: Life Orb
|
|-heal|p2a: Tentacruel|11/100|[from] item: Black Sludge
|-fieldend|move: Trick Room
|upkeep
|turn|7
|
|t:|1716493985
|move|p2a: Tentacruel|Protect|p2a: Tentacruel
|-singleturn|p2a: Tentacruel|Protect
|move|p1a: Conkeldurr|Thunder Punch|p2a: Tentacruel
|-activate|p2a: Tentacruel|move: Protect
|
|-heal|p2a: Tentacruel|17/100|[from] item: Black Sludge
|upkeep
|turn|8
|
|t:|1716493988
|move|p2a: Tentacruel|Rapid Spin|p1a: Conkeldurr
|-damage|p1a: Conkeldurr|78/100
|-sideend|p2: killapokeman|Stealth Rock|[from] move: Rapid Spin|[of] p2a: Tentacruel
|move|p1a: Conkeldurr|Thunder Punch|p2a: Tentacruel
|-supereffective|p2a: Tentacruel
|-damage|p2a: Tentacruel|0 fnt
|faint|p2a: Tentacruel
|-damage|p1a: Conkeldurr|68/100|[from] item: Life Orb
|
|upkeep
|
|t:|1716493996
|switch|p2a: Landorus|Landorus-Therian, M|88/100
|-ability|p2a: Landorus|Intimidate|boost
|-unboost|p1a: Conkeldurr|atk|1
|turn|9
|
|t:|1716494016
|move|p2a: Landorus|U-turn|p1a: Conkeldurr
|-resisted|p1a: Conkeldurr
|-damage|p1a: Conkeldurr|58/100
|
|t:|1716494031
|switch|p2a: Terrakion|Terrakion|100/100|[from] U-turn
|move|p1a: Conkeldurr|Drain Punch|p2a: Terrakion
|-supereffective|p2a: Terrakion
|-damage|p2a: Terrakion|26/100
|-heal|p1a: Conkeldurr|87/100|[from] drain|[of] p2a: Terrakion
|-damage|p1a: Conkeldurr|77/100|[from] item: Life Orb
|
|-heal|p2a: Terrakion|32/100|[from] item: Leftovers
|upkeep
|turn|10
|inactive|av2336 has 120 seconds left.
|
|t:|1716494067
|switch|p2a: Landorus|Landorus-Therian, M|88/100
|-ability|p2a: Landorus|Intimidate|boost
|-unboost|p1a: Conkeldurr|atk|1
|switch|p1a: Jellicent|Jellicent, M|100/100
|-item|p1a: Jellicent|Air Balloon
|
|upkeep
|turn|11
|
|t:|1716494076
|move|p2a: Landorus|U-turn|p1a: Jellicent
|-resisted|p1a: Jellicent
|-damage|p1a: Jellicent|89/100
|-enditem|p1a: Jellicent|Air Balloon
|
|t:|1716494082
|switch|p2a: Omastar|Omastar, F|100/100|[from] U-turn
|move|p1a: Jellicent|Trick Room|p1a: Jellicent
|-fieldstart|move: Trick Room|[of] p1a: Jellicent
|
|upkeep
|turn|12
|
|t:|1716494091
|switch|p2a: Heatran|Heatran, M|88/100
|move|p1a: Jellicent|Surf|p2a: Heatran
|-supereffective|p2a: Heatran
|-damage|p2a: Heatran|6/100
|
|-heal|p2a: Heatran|13/100|[from] item: Leftovers
|upkeep
|turn|13
|
|t:|1716494094
|switch|p2a: Blissey|Blissey, F|100/100
|move|p1a: Jellicent|Surf|p2a: Blissey
|-damage|p2a: Blissey|86/100
|
|-heal|p2a: Blissey|92/100|[from] item: Leftovers
|upkeep
|turn|14
|
|t:|1716494097
|switch|p1a: Conkeldurr|Conkeldurr, F|77/100
|move|p2a: Blissey|Thunder Wave|p1a: Conkeldurr
|-status|p1a: Conkeldurr|par
|
|-heal|p2a: Blissey|98/100|[from] item: Leftovers
|upkeep
|turn|15
|
|t:|1716494100
|move|p1a: Conkeldurr|Drain Punch|p2a: Blissey
|-supereffective|p2a: Blissey
|-damage|p2a: Blissey|0 fnt
|-heal|p1a: Conkeldurr|100/100 par|[from] drain|[of] p2a: Blissey
|faint|p2a: Blissey
|-damage|p1a: Conkeldurr|91/100 par|[from] item: Life Orb
|
|-fieldend|move: Trick Room
|upkeep
|
|t:|1716494106
|switch|p2a: Landorus|Landorus-Therian, M|88/100
|-ability|p2a: Landorus|Intimidate|boost
|-unboost|p1a: Conkeldurr|atk|1
|turn|16
|
|t:|1716494115
|move|p2a: Landorus|Explosion|p1a: Conkeldurr
|-damage|p1a: Conkeldurr|18/100 par
|faint|p2a: Landorus
|cant|p1a: Conkeldurr|par
|
|upkeep
|
|t:|1716494118
|switch|p2a: Omastar|Omastar, F|100/100
|turn|17
|
|t:|1716494120
|move|p2a: Omastar|Shell Smash|p2a: Omastar
|-unboost|p2a: Omastar|def|1
|-unboost|p2a: Omastar|spd|1
|-boost|p2a: Omastar|atk|2
|-boost|p2a: Omastar|spa|2
|-boost|p2a: Omastar|spe|2
|-enditem|p2a: Omastar|White Herb
|-clearnegativeboost|p2a: Omastar|[silent]
|cant|p1a: Conkeldurr|par
|
|upkeep
|turn|18
|
|t:|1716494129
|move|p1a: Conkeldurr|Mach Punch|p2a: Omastar
|-supereffective|p2a: Omastar
|-damage|p2a: Omastar|51/100
|-damage|p1a: Conkeldurr|8/100 par|[from] item: Life Orb
|move|p2a: Omastar|Shell Smash|p2a: Omastar
|-unboost|p2a: Omastar|def|1
|-unboost|p2a: Omastar|spd|1
|-boost|p2a: Omastar|atk|2
|-boost|p2a: Omastar|spa|2
|-boost|p2a: Omastar|spe|2
|
|upkeep
|turn|19
|
|t:|1716494134
|move|p1a: Conkeldurr|Mach Punch|p2a: Omastar
|-supereffective|p2a: Omastar
|-crit|p2a: Omastar
|-damage|p2a: Omastar|0 fnt
|faint|p2a: Omastar
|-damage|p1a: Conkeldurr|0 fnt|[from] item: Life Orb
|faint|p1a: Conkeldurr
|
|upkeep
|
|t:|1716494140
|switch|p2a: Heatran|Heatran, M|13/100
|switch|p1a: Jellicent|Jellicent, M|89/100
|turn|20
|-message|killapokeman forfeited.
|
|win|av2336
|raw|av2336's rating: 1395 &rarr; <strong>1412</strong><br />(+17 for winning)
|raw|killapokeman's rating: 1335 &rarr; <strong>1318</strong><br />(-17 for losing)
|l|☆killapokeman
|player|p2|
