|j|☆happy_hitbox
|j|☆Hematemesis
|t:|1718649742
|gametype|singles
|player|p1|happy_hitbox|riley|1453
|player|p2|Hematemesis|1|1320
|teamsize|p1|6
|teamsize|p2|6
|gen|5
|tier|[Gen 5] OU
|rated|
|rule|Species Clause: Limit one of each Pokémon
|rule|OHKO Clause: OHKO moves are banned
|rule|Moody Clause: Moody is banned
|rule|Evasion Items Clause: Evasion items are banned
|rule|Evasion Moves Clause: Evasion moves are banned
|rule|Endless Battle Clause: Forcing endless battles is banned
|rule|HP Percentage Mod: HP is shown in percentages
|rule|Evasion Abilities Clause: Evasion abilities are banned
|rule|Sleep Moves Clause: Sleep-inducing moves are banned
|rule|Swagger Clause: Swagger is banned
|rule|Baton Pass Stat Clause: No Baton Passer may have a way to boost its stats
|clearpoke
|poke|p1|Jirachi|item
|poke|p1|Conkeldurr, M|item
|poke|p1|Scizor, M|item
|poke|p1|Politoed, F|item
|poke|p1|Keldeo|item
|poke|p1|Donphan, F|item
|poke|p2|Tyranitar, F|item
|poke|p2|Alakazam, F|item
|poke|p2|Latios, M|item
|poke|p2|Ferrothorn, F|item
|poke|p2|Keldeo|item
|poke|p2|Landorus-Therian, M|item
|teampreview
|inactive|Battle timer is ON: inactive players will automatically lose when time's up. (requested by happy_hitbox)
|inactive|Hematemesis has 120 seconds left.
|
|t:|1718649785
|start
|switch|p1a: Keldeo|Keldeo|100/100
|switch|p2a: Ferrothorn|Ferrothorn, F|100/100
|turn|1
|
|t:|1718649812
|switch|p1a: Scizor|Scizor, M|100/100
|move|p2a: Ferrothorn|Power Whip|p1a: Scizor
|-resisted|p1a: Scizor
|-damage|p1a: Scizor|88/100
|
|upkeep
|turn|2
|
|t:|1718649819
|switch|p2a: Landorus|Landorus-Therian, M|100/100
|-ability|p2a: Landorus|Intimidate|boost
|-unboost|p1a: Scizor|atk|1
|move|p1a: Scizor|U-turn|p2a: Landorus
|-resisted|p2a: Landorus
|-damage|p2a: Landorus|89/100
|
|t:|1718649822
|switch|p1a: Keldeo|Keldeo|100/100|[from] U-turn
|
|-heal|p2a: Landorus|95/100|[from] item: Leftovers
|upkeep
|turn|3
|
|t:|1718649837
|switch|p2a: Latios|Latios, M|100/100
|move|p1a: Keldeo|Secret Sword|p2a: Latios
|-resisted|p2a: Latios
|-damage|p2a: Latios|69/100
|
|upkeep
|turn|4
|
|t:|1718649845
|switch|p1a: Jirachi|Jirachi|100/100
|move|p2a: Latios|Draco Meteor|p1a: Jirachi
|-resisted|p1a: Jirachi
|-damage|p1a: Jirachi|76/100
|-unboost|p2a: Latios|spa|2
|
|-heal|p1a: Jirachi|82/100|[from] item: Leftovers
|upkeep
|turn|5
|
|t:|1718649851
|switch|p2a: Tyranitar|Tyranitar, F|100/100
|-weather|Sandstorm|[from] ability: Sand Stream|[of] p2a: Tyranitar
|move|p1a: Jirachi|U-turn|p2a: Tyranitar
|-supereffective|p2a: Tyranitar
|-damage|p2a: Tyranitar|73/100
|
|t:|1718649859
|switch|p1a: Scizor|Scizor, M|88/100|[from] U-turn
|
|-weather|Sandstorm|[upkeep]
|upkeep
|turn|6
|
|t:|1718649861
|move|p1a: Scizor|U-turn|p2a: Tyranitar
|-supereffective|p2a: Tyranitar
|-damage|p2a: Tyranitar|20/100
|
|t:|1718649864
|switch|p1a: Politoed|Politoed, F|100/100|[from] U-turn
|-weather|RainDance|[from] ability: Drizzle|[of] p1a: Politoed
|move|p2a: Tyranitar|Flamethrower|p1a: Politoed
|-resisted|p1a: Politoed
|-damage|p1a: Politoed|96/100
|
|-weather|RainDance|[upkeep]
|upkeep
|turn|7
|
|t:|1718649874
|switch|p1a: Conkeldurr|Conkeldurr, M, shiny|100/100
|switch|p2a: Ferrothorn|Ferrothorn, F|100/100
|
|-weather|RainDance|[upkeep]
|-status|p1a: Conkeldurr|brn|[from] item: Flame Orb
|upkeep
|turn|8
|
|t:|1718649878
|move|p1a: Conkeldurr|Ice Punch|p2a: Ferrothorn
|-damage|p2a: Ferrothorn|70/100
|-damage|p1a: Conkeldurr|88/100 brn|[from] ability: Iron Barbs|[of] p2a: Ferrothorn
|move|p2a: Ferrothorn|Spikes|p1a: Conkeldurr
|-sidestart|p1: happy_hitbox|Spikes
|
|-weather|RainDance|[upkeep]
|-damage|p1a: Conkeldurr|76/100 brn|[from] brn
|upkeep
|turn|9
|
|t:|1718649883
|switch|p2a: Landorus|Landorus-Therian, M|95/100
|-ability|p2a: Landorus|Intimidate|boost
|-unboost|p1a: Conkeldurr|atk|1
|move|p1a: Conkeldurr|Ice Punch|p2a: Landorus
|-supereffective|p2a: Landorus
|-damage|p2a: Landorus|0 fnt
|faint|p2a: Landorus
|
|-weather|RainDance|[upkeep]
|-damage|p1a: Conkeldurr|63/100 brn|[from] brn
|upkeep
|
|t:|1718649889
|switch|p2a: Alakazam|Alakazam, F|100/100
|turn|10
|
|t:|1718649896
|switch|p1a: Jirachi|Jirachi|82/100
|-damage|p1a: Jirachi|70/100|[from] Spikes
|move|p2a: Alakazam|Shadow Ball|p1a: Jirachi
|-damage|p1a: Jirachi|46/100
|-unboost|p1a: Jirachi|spd|1
|
|-weather|RainDance|[upkeep]
|-heal|p1a: Jirachi|52/100|[from] item: Leftovers
|upkeep
|turn|11
|
|t:|1718649901
|move|p2a: Alakazam|Shadow Ball|p1a: Jirachi
|-damage|p1a: Jirachi|18/100
|move|p1a: Jirachi|Thunder|p2a: Alakazam
|-damage|p2a: Alakazam|65/100
|-status|p2a: Alakazam|par
|
|-weather|RainDance|[upkeep]
|-heal|p1a: Jirachi|24/100|[from] item: Leftovers
|upkeep
|turn|12
|
|t:|1718649908
|move|p1a: Jirachi|Wish|p1a: Jirachi
|move|p2a: Alakazam|Shadow Ball|p1a: Jirachi
|-damage|p1a: Jirachi|0 fnt
|faint|p1a: Jirachi
|
|-weather|RainDance|[upkeep]
|upkeep
|
|t:|1718649914
|switch|p1a: Conkeldurr|Conkeldurr, M, shiny|63/100 brn
|-damage|p1a: Conkeldurr|51/100 brn|[from] Spikes
|turn|13
|
|t:|1718649921
|move|p1a: Conkeldurr|Ice Punch|p2a: Alakazam
|-damage|p2a: Alakazam|0 fnt
|faint|p2a: Alakazam
|
|-weather|RainDance|[upkeep]
|-heal|p1a: Conkeldurr|100/100 brn|[from] move: Wish|[wisher] Jirachi
|-damage|p1a: Conkeldurr|88/100 brn|[from] brn
|upkeep
|
|t:|1718649936
|switch|p2a: Latios|Latios, M|69/100
|turn|14
|
|t:|1718649941
|switch|p1a: Politoed|Politoed, F|96/100
|-damage|p1a: Politoed|83/100|[from] Spikes
|move|p2a: Latios|Psyshock|p1a: Politoed
|-damage|p1a: Politoed|32/100
|
|-weather|RainDance|[upkeep]
|upkeep
|turn|15
|j| Iceyguynigh
|
|t:|1718649947
|move|p2a: Latios|Psyshock|p1a: Politoed
|-crit|p1a: Politoed
|-damage|p1a: Politoed|0 fnt
|faint|p1a: Politoed
|
|-weather|RainDance|[upkeep]
|upkeep
|
|t:|1718649949
|switch|p1a: Scizor|Scizor, M|88/100
|-damage|p1a: Scizor|76/100|[from] Spikes
|turn|16
|
|t:|1718649953
|-activate|p2a: Latios|move: Pursuit
|move|p1a: Scizor|Pursuit|p2a: Latios|[from]Pursuit
|-supereffective|p2a: Latios
|-damage|p2a: Latios|0 fnt
|faint|p2a: Latios
|-hint|A Pokemon can't switch between when it runs out of HP and when it faints
|
|-weather|RainDance|[upkeep]
|upkeep
|
|t:|1718649969
|switch|p2a: Tyranitar|Tyranitar, F|20/100
|-weather|Sandstorm|[from] ability: Sand Stream|[of] p2a: Tyranitar
|turn|17
|
|t:|1718649980
|switch|p1a: Donphan|Donphan, F|100/100
|-damage|p1a: Donphan|88/100|[from] Spikes
|move|p2a: Tyranitar|Thunder Wave|p1a: Donphan
|-immune|p1a: Donphan
|
|-weather|Sandstorm|[upkeep]
|-heal|p1a: Donphan|94/100|[from] item: Leftovers
|upkeep
|turn|18
|
|t:|1718649983
|move|p2a: Tyranitar|Crunch|p1a: Donphan
|-damage|p1a: Donphan|71/100
|-unboost|p1a: Donphan|def|1
|move|p1a: Donphan|Rapid Spin|p2a: Tyranitar
|-resisted|p2a: Tyranitar
|-damage|p2a: Tyranitar|17/100
|-sideend|p1: happy_hitbox|Spikes|[from] move: Rapid Spin|[of] p1a: Donphan
|
|-weather|Sandstorm|[upkeep]
|-heal|p1a: Donphan|77/100|[from] item: Leftovers
|upkeep
|turn|19
|
|t:|1718649988
|move|p2a: Tyranitar|Crunch|p1a: Donphan
|-damage|p1a: Donphan|45/100
|move|p1a: Donphan|Stealth Rock|p2a: Tyranitar
|-sidestart|p2: Hematemesis|move: Stealth Rock
|
|-weather|Sandstorm|[upkeep]
|-heal|p1a: Donphan|51/100|[from] item: Leftovers
|upkeep
|turn|20
|
|t:|1718649991
|move|p2a: Tyranitar|Crunch|p1a: Donphan
|-damage|p1a: Donphan|19/100
|move|p1a: Donphan|Earthquake|p2a: Tyranitar
|-supereffective|p2a: Tyranitar
|-damage|p2a: Tyranitar|0 fnt
|faint|p2a: Tyranitar
|
|-weather|Sandstorm|[upkeep]
|-heal|p1a: Donphan|25/100|[from] item: Leftovers
|upkeep
|
|t:|1718649994
|switch|p2a: Keldeo|Keldeo|100/100
|-damage|p2a: Keldeo|94/100|[from] Stealth Rock
|turn|21
|
|t:|1718649996
|move|p1a: Donphan|Ice Shard|p2a: Keldeo
|-resisted|p2a: Keldeo
|-damage|p2a: Keldeo|88/100
|move|p2a: Keldeo|Secret Sword|p1a: Donphan
|-damage|p1a: Donphan|0 fnt
|faint|p1a: Donphan
|
|-weather|Sandstorm|[upkeep]
|-damage|p2a: Keldeo|82/100|[from] Sandstorm
|-heal|p2a: Keldeo|88/100|[from] item: Leftovers
|upkeep
|
|t:|1718650000
|switch|p1a: Keldeo|Keldeo|100/100
|turn|22
|
|t:|1718650002
|move|p2a: Keldeo|Protect|p2a: Keldeo
|-singleturn|p2a: Keldeo|Protect
|move|p1a: Keldeo|Secret Sword|p2a: Keldeo
|-activate|p2a: Keldeo|move: Protect
|
|-weather|Sandstorm|[upkeep]
|-damage|p1a: Keldeo|94/100|[from] Sandstorm
|-damage|p2a: Keldeo|82/100|[from] Sandstorm
|-heal|p2a: Keldeo|88/100|[from] item: Leftovers
|-heal|p1a: Keldeo|100/100|[from] item: Leftovers
|upkeep
|turn|23
|
|t:|1718650004
|move|p1a: Keldeo|Secret Sword|p2a: Keldeo
|-damage|p2a: Keldeo|35/100
|move|p2a: Keldeo|Secret Sword|p1a: Keldeo
|-damage|p1a: Keldeo|53/100
|
|-weather|Sandstorm|[upkeep]
|-damage|p2a: Keldeo|28/100|[from] Sandstorm
|-damage|p1a: Keldeo|47/100|[from] Sandstorm
|-heal|p2a: Keldeo|35/100|[from] item: Leftovers
|-heal|p1a: Keldeo|53/100|[from] item: Leftovers
|upkeep
|turn|24
|
|t:|1718650009
|move|p1a: Keldeo|Secret Sword|p2a: Keldeo
|-damage|p2a: Keldeo|0 fnt
|faint|p2a: Keldeo
|
|-weather|Sandstorm|[upkeep]
|-damage|p1a: Keldeo|47/100|[from] Sandstorm
|-heal|p1a: Keldeo|53/100|[from] item: Leftovers
|upkeep
|
|t:|1718650010
|switch|p2a: Ferrothorn|Ferrothorn, F|70/100
|-damage|p2a: Ferrothorn|64/100|[from] Stealth Rock
|turn|25
|
|t:|1718650012
|move|p1a: Keldeo|Secret Sword|p2a: Ferrothorn
|-supereffective|p2a: Ferrothorn
|-damage|p2a: Ferrothorn|0 fnt
|faint|p2a: Ferrothorn
|
|win|happy_hitbox
|raw|happy_hitbox's rating: 1453 &rarr; <strong>1466</strong><br />(+13 for winning)
|raw|Hematemesis's rating: 1320 &rarr; <strong>1307</strong><br />(-13 for losing)
|c|☆Hematemesis|ggs
|c|☆happy_hitbox|Gg
