|j|tyfcruio2
|j|The Kyle
|player|p1|tyfcruio2|153
|teamsize|p1|6
|player|p2|The Kyle|18
|teamsize|p2|6
|gametype|singles
|gen|5
|tier|[Gen 5] OU
|rated|
|seed|62050,7919,49663,4494
|rule|Sleep Clause Mod: Limit one foe put to sleep
|rule|Species Clause: Limit one of each Pokémon
|rule|OHKO Clause: OHKO moves are banned
|rule|Moody Clause: Moody is banned
|rule|Evasion Moves Clause: Evasion moves are banned
|rule|Endless Battle Clause: Forcing endless battles is banned
|rule|HP Percentage Mod: HP is shown in percentages
|rule|Evasion Abilities Clause: Evasion abilities are banned
|rule|Baton Pass Clause: Limit one Baton Passer, can't pass Spe and other stats simultaneously
|rule|Swagger Clause: Swagger is banned
|clearpoke
|poke|p1|Heatran, M|item
|poke|p1|Jellicent, F|item
|poke|p1|Ferrothorn, F|item
|poke|p1|Gliscor, F|item
|poke|p1|Dragonite, F|item
|poke|p1|Magnezone|item
|poke|p2|Starmie|item
|poke|p2|Gyarados, F|item
|poke|p2|Latios, M|item
|poke|p2|Garchomp, M|item
|poke|p2|Ferrothorn, M|item
|poke|p2|Politoed, M|item
|teampreview
|choice|team 2, team 1, team 3, team 4, team 5, team 6|team 6, team 2, team 3, team 4, team 5, team 1
|
|start
|switch|p1a: Jellicent|Jellicent, F, shiny|403/403
|switch|p2a: Politoed|Politoed, M|383/383
|-weather|RainDance|[from] ability: Drizzle|[of] p2a: Politoed
|turn|1
|choice|move willowisp|move toxic
|
|move|p2a: Politoed|Toxic|p1a: Jellicent
|-status|p1a: Jellicent|tox
|move|p1a: Jellicent|Will-O-Wisp|p2a: Politoed
|-status|p2a: Politoed|brn
|
|-weather|RainDance|[upkeep]
|-damage|p2a: Politoed|336/383 brn|[from] brn
|-damage|p1a: Jellicent|378/403 tox|[from] psn
|upkeep
|turn|2
|choice|move scald|switch 5
|
|switch|p2a: Ferrothorn|Ferrothorn, M|351/351
|move|p1a: Jellicent|Scald|p2a: Ferrothorn
|-resisted|p2a: Ferrothorn
|-damage|p2a: Ferrothorn|311/351
|
|-weather|RainDance|[upkeep]
|-heal|p1a: Jellicent|403/403 tox|[from] item: Leftovers
|-heal|p2a: Ferrothorn|332/351|[from] item: Leftovers
|-damage|p1a: Jellicent|353/403 tox|[from] psn
|upkeep
|turn|3
|choice|move taunt|move stealthrock
|
|move|p1a: Jellicent|Taunt|p2a: Ferrothorn
|-start|p2a: Ferrothorn|move: Taunt
|cant|p2a: Ferrothorn|move: Taunt|Stealth Rock
|
|-weather|RainDance|[upkeep]
|-heal|p1a: Jellicent|378/403 tox|[from] item: Leftovers
|-heal|p2a: Ferrothorn|351/351|[from] item: Leftovers
|-damage|p1a: Jellicent|303/403 tox|[from] psn
|upkeep
|turn|4
|choice|switch 6|switch 3
|
|switch|p1a: Magnezone|Magnezone|281/281
|switch|p2a: Latios|Latios, M|301/301
|
|-weather|RainDance|[upkeep]
|upkeep
|turn|5
|choice|move voltswitch|move surf
|
|move|p1a: Magnezone|Volt Switch|p2a: Latios
|-resisted|p2a: Latios
|-damage|p2a: Latios|247/301
|choice|switch 3|
|
|switch|p1a: Ferrothorn|Ferrothorn, F, shiny|352/352
|move|p2a: Latios|Surf|p1a: Ferrothorn
|-resisted|p1a: Ferrothorn
|-crit|p1a: Ferrothorn
|-damage|p1a: Ferrothorn|163/352
|
|-weather|RainDance|[upkeep]
|-heal|p1a: Ferrothorn|185/352|[from] item: Leftovers
|upkeep
|turn|6
|choice|move leechseed|switch 4
|
|switch|p2a: Garchomp|Garchomp, M|357/357
|move|p1a: Ferrothorn|Leech Seed|p2a: Garchomp
|-start|p2a: Garchomp|move: Leech Seed
|
|-weather|RainDance|[upkeep]
|-heal|p1a: Ferrothorn|207/352|[from] item: Leftovers
|-damage|p2a: Garchomp|313/357|[from] Leech Seed|[of] p1a: Ferrothorn
|-heal|p1a: Ferrothorn|251/352|[silent]
|upkeep
|turn|7
|choice|move spikes|move swordsdance
|
|move|p2a: Garchomp|Swords Dance|p2a: Garchomp
|-boost|p2a: Garchomp|atk|2
|move|p1a: Ferrothorn|Spikes|p2a: Garchomp
|-sidestart|p2: The Kyle|Spikes
|
|-weather|RainDance|[upkeep]
|-heal|p2a: Garchomp|335/357|[from] item: Leftovers
|-heal|p1a: Ferrothorn|273/352|[from] item: Leftovers
|-damage|p2a: Garchomp|291/357|[from] Leech Seed|[of] p1a: Ferrothorn
|-heal|p1a: Ferrothorn|317/352|[silent]
|upkeep
|turn|8
|choice|move gyroball|move earthquake
|
|move|p2a: Garchomp|Earthquake|p1a: Ferrothorn
|-damage|p1a: Ferrothorn|77/352
|move|p1a: Ferrothorn|Gyro Ball|p2a: Garchomp
|-damage|p2a: Garchomp|126/357
|-damage|p1a: Ferrothorn|33/352|[from] ability: Rough Skin|[of] p2a: Garchomp
|
|-weather|RainDance|[upkeep]
|-heal|p2a: Garchomp|148/357|[from] item: Leftovers
|-heal|p1a: Ferrothorn|55/352|[from] item: Leftovers
|-damage|p2a: Garchomp|104/357|[from] Leech Seed|[of] p1a: Ferrothorn
|-heal|p1a: Ferrothorn|99/352|[silent]
|upkeep
|turn|9
|choice|switch 4|move outrage
|
|switch|p1a: Gliscor|Gliscor, F, shiny|352/352
|move|p2a: Garchomp|Outrage|p1a: Gliscor
|-crit|p1a: Gliscor
|-damage|p1a: Gliscor|0 fnt
|faint|p1a: Gliscor
|
|-weather|RainDance|[upkeep]
|-heal|p2a: Garchomp|126/357|[from] item: Leftovers
|upkeep
|j|One-TeD
|c|☆tyfcruio2|lucky
|choice|switch 2|
|
|switch|p1a: Heatran|Heatran, M|385/385
|turn|10
|choice|move stealthrock|move outrage
|
|move|p2a: Garchomp|Outrage|p1a: Heatran|[from]lockedmove
|-resisted|p1a: Heatran
|-damage|p1a: Heatran|181/385
|-start|p2a: Garchomp|confusion|[fatigue]
|move|p1a: Heatran|Stealth Rock|p2a: Garchomp
|-sidestart|p2: The Kyle|move: Stealth Rock
|
|-weather|RainDance|[upkeep]
|-heal|p2a: Garchomp|148/357|[from] item: Leftovers
|-heal|p1a: Heatran|205/385|[from] item: Leftovers
|-damage|p2a: Garchomp|104/357|[from] Leech Seed|[of] p1a: Heatran
|-heal|p1a: Heatran|249/385|[silent]
|upkeep
|turn|11
|choice|move protect|switch 6
|
|switch|p2a: Starmie|Starmie|261/261
|-damage|p2a: Starmie|229/261|[from] Spikes
|-damage|p2a: Starmie|197/261|[from] Stealth Rock
|move|p1a: Heatran|Protect|p1a: Heatran
|-fail|p1a: Heatran
|
|-weather|RainDance|[upkeep]
|-heal|p2a: Starmie|213/261|[from] item: Leftovers
|-heal|p1a: Heatran|273/385|[from] item: Leftovers
|upkeep
|turn|12
|choice|switch 4|move rapidspin
|
|switch|p1a: Ferrothorn|Ferrothorn, F, shiny|99/352
|move|p2a: Starmie|Rapid Spin|p1a: Ferrothorn
|-resisted|p1a: Ferrothorn
|-damage|p1a: Ferrothorn|95/352
|-damage|p2a: Starmie|181/261|[from] ability: Iron Barbs|[of] p1a: Ferrothorn
|-sideend|p2: The Kyle|Spikes|[from] move: Rapid Spin|[of] p2a: Starmie
|-sideend|p2: The Kyle|Stealth Rock|[from] move: Rapid Spin|[of] p2a: Starmie
|
|-weather|RainDance|[upkeep]
|-heal|p2a: Starmie|197/261|[from] item: Leftovers
|-heal|p1a: Ferrothorn|117/352|[from] item: Leftovers
|upkeep
|turn|13
|choice|move leechseed|switch 6
|
|switch|p2a: Garchomp|Garchomp, M|104/357
|move|p1a: Ferrothorn|Leech Seed|p2a: Garchomp|[miss]
|-miss|p1a: Ferrothorn|p2a: Garchomp
|
|-weather|RainDance|[upkeep]
|-heal|p2a: Garchomp|126/357|[from] item: Leftovers
|-heal|p1a: Ferrothorn|139/352|[from] item: Leftovers
|upkeep
|turn|14
|c|☆tyfcruio2|VERY lucky
|choice|switch 6|move swordsdance
|
|switch|p1a: Jellicent|Jellicent, F, shiny|303/403 tox
|move|p2a: Garchomp|Swords Dance|p2a: Garchomp
|-boost|p2a: Garchomp|atk|2
|
|-weather|RainDance|[upkeep]
|-heal|p2a: Garchomp|148/357|[from] item: Leftovers
|-heal|p1a: Jellicent|328/403 tox|[from] item: Leftovers
|-damage|p1a: Jellicent|303/403 tox|[from] psn
|upkeep
|turn|15
|c|☆The Kyle|._.
|choice|move willowisp|move earthquake
|
|move|p2a: Garchomp|Earthquake|p1a: Jellicent
|-damage|p1a: Jellicent|0 fnt
|faint|p1a: Jellicent
|
|-weather|RainDance|[upkeep]
|-heal|p2a: Garchomp|170/357|[from] item: Leftovers
|upkeep
|c|☆tyfcruio2|that's just ugly
|choice|switch 3|
|
|switch|p1a: Magnezone|Magnezone|281/281
|turn|16
|choice|move flashcannon|switch 3
|
|switch|p2a: Ferrothorn|Ferrothorn, M|351/351
|move|p1a: Magnezone|Flash Cannon|p2a: Ferrothorn
|-resisted|p2a: Ferrothorn
|-damage|p2a: Ferrothorn|300/351
|
|-weather|RainDance|[upkeep]
|-heal|p2a: Ferrothorn|321/351|[from] item: Leftovers
|upkeep
|turn|17
|choice|switch 6|move stealthrock
|
|switch|p1a: Ferrothorn|Ferrothorn, F, shiny|139/352
|move|p2a: Ferrothorn|Stealth Rock|p1a: Ferrothorn
|-sidestart|p1: tyfcruio2|move: Stealth Rock
|
|-weather|RainDance|[upkeep]
|-heal|p1a: Ferrothorn|161/352|[from] item: Leftovers
|-heal|p2a: Ferrothorn|342/351|[from] item: Leftovers
|upkeep
|turn|18
|choice|move spikes|switch 3
|
|switch|p2a: Garchomp|Garchomp, M|170/357
|move|p1a: Ferrothorn|Spikes|p2a: Garchomp
|-sidestart|p2: The Kyle|Spikes
|
|-weather|RainDance|[upkeep]
|-heal|p2a: Garchomp|192/357|[from] item: Leftovers
|-heal|p1a: Ferrothorn|183/352|[from] item: Leftovers
|upkeep
|turn|19
|choice|move leechseed|move swordsdance
|
|move|p2a: Garchomp|Swords Dance|p2a: Garchomp
|-boost|p2a: Garchomp|atk|2
|move|p1a: Ferrothorn|Leech Seed|p2a: Garchomp
|-start|p2a: Garchomp|move: Leech Seed
|
|-weather|RainDance|[upkeep]
|-heal|p2a: Garchomp|214/357|[from] item: Leftovers
|-heal|p1a: Ferrothorn|205/352|[from] item: Leftovers
|-damage|p2a: Garchomp|170/357|[from] Leech Seed|[of] p1a: Ferrothorn
|-heal|p1a: Ferrothorn|249/352|[silent]
|upkeep
|turn|20
|j|game is game4
|choice|move gyroball|move earthquake
|
|move|p2a: Garchomp|Earthquake|p1a: Ferrothorn
|-damage|p1a: Ferrothorn|5/352
|move|p1a: Ferrothorn|Gyro Ball|p2a: Garchomp
|-damage|p2a: Garchomp|0 fnt
|-damage|p1a: Ferrothorn|0 fnt|[from] ability: Rough Skin|[of] p2a: Garchomp
|faint|p1a: Ferrothorn
|faint|p2a: Garchomp
|
|-weather|RainDance|[upkeep]
|upkeep
|choice|switch 4|switch 5
|
|switch|p2a: Politoed|Politoed, M|336/383 brn
|switch|p1a: Heatran|Heatran, M|273/385
|-damage|p1a: Heatran|225/385|[from] Stealth Rock
|-damage|p2a: Politoed|289/383 brn|[from] Spikes
|turn|21
|choice|move protect|move scald
|
|move|p1a: Heatran|Protect|p1a: Heatran
|-singleturn|p1a: Heatran|Protect
|move|p2a: Politoed|Scald|p1a: Heatran
|-activate|p1a: Heatran|move: Protect
|
|-weather|RainDance|[upkeep]
|-heal|p1a: Heatran|249/385|[from] item: Leftovers
|-heal|p2a: Politoed|312/383 brn|[from] item: Leftovers
|-damage|p2a: Politoed|265/383 brn|[from] brn
|upkeep
|turn|22
|choice|move stealthrock|move scald
|
|move|p1a: Heatran|Stealth Rock|p2a: Politoed
|-sidestart|p2: The Kyle|move: Stealth Rock
|move|p2a: Politoed|Scald|p1a: Heatran
|-supereffective|p1a: Heatran
|-damage|p1a: Heatran|69/385
|
|-weather|RainDance|[upkeep]
|-heal|p1a: Heatran|93/385|[from] item: Leftovers
|-heal|p2a: Politoed|288/383 brn|[from] item: Leftovers
|-damage|p2a: Politoed|241/383 brn|[from] brn
|upkeep
|turn|23
|choice|move protect|move scald
|
|move|p1a: Heatran|Protect|p1a: Heatran
|-singleturn|p1a: Heatran|Protect
|move|p2a: Politoed|Scald|p1a: Heatran
|-activate|p1a: Heatran|move: Protect
|
|-weather|RainDance|[upkeep]
|-heal|p1a: Heatran|117/385|[from] item: Leftovers
|-heal|p2a: Politoed|264/383 brn|[from] item: Leftovers
|-damage|p2a: Politoed|217/383 brn|[from] brn
|upkeep
|turn|24
|choice|move lavaplume|move scald
|
|move|p1a: Heatran|Lava Plume|p2a: Politoed
|-resisted|p2a: Politoed
|-damage|p2a: Politoed|190/383 brn
|move|p2a: Politoed|Scald|p1a: Heatran
|-supereffective|p1a: Heatran
|-damage|p1a: Heatran|0 fnt
|faint|p1a: Heatran
|
|-weather|RainDance|[upkeep]
|-heal|p2a: Politoed|213/383 brn|[from] item: Leftovers
|-damage|p2a: Politoed|166/383 brn|[from] brn
|upkeep
|choice|switch 5|
|
|switch|p1a: Dragonite|Dragonite, F|386/386
|-damage|p1a: Dragonite|290/386|[from] Stealth Rock
|turn|25
|choice|move substitute|move perishsong
|
|move|p1a: Dragonite|Substitute|p1a: Dragonite
|-start|p1a: Dragonite|Substitute
|-damage|p1a: Dragonite|194/386
|move|p2a: Politoed|Perish Song|p2a: Politoed
|-start|p1a: Dragonite|perish3|[silent]
|-start|p2a: Politoed|perish3|[silent]
|-fieldactivate|move: Perish Song
|
|-weather|RainDance|[upkeep]
|-heal|p1a: Dragonite|218/386|[from] item: Leftovers
|-heal|p2a: Politoed|189/383 brn|[from] item: Leftovers
|-damage|p2a: Politoed|142/383 brn|[from] brn
|-start|p1a: Dragonite|perish3
|-start|p2a: Politoed|perish3
|upkeep
|turn|26
|choice|move roost|move protect
|
|move|p2a: Politoed|Protect|p2a: Politoed
|-singleturn|p2a: Politoed|Protect
|move|p1a: Dragonite|Roost|p1a: Dragonite
|-heal|p1a: Dragonite|386/386
|
|-weather|RainDance|[upkeep]
|-heal|p2a: Politoed|165/383 brn|[from] item: Leftovers
|-damage|p2a: Politoed|118/383 brn|[from] brn
|-start|p1a: Dragonite|perish2
|-start|p2a: Politoed|perish2
|upkeep
|turn|27
|l|One-TeD
|choice|move dragonclaw|switch 2
|
|switch|p2a: Gyarados|Gyarados, F|347/347
|-damage|p2a: Gyarados|261/347|[from] Stealth Rock
|move|p1a: Dragonite|Dragon Claw|p2a: Gyarados
|-damage|p2a: Gyarados|108/347
|
|-weather|RainDance|[upkeep]
|-start|p1a: Dragonite|perish1
|upkeep
|turn|28
|choice|switch 6|move dragondance
|
|switch|p1a: Magnezone|Magnezone|281/281
|-damage|p1a: Magnezone|264/281|[from] Stealth Rock
|move|p2a: Gyarados|Dragon Dance|p2a: Gyarados
|-boost|p2a: Gyarados|atk|1
|-boost|p2a: Gyarados|spe|1
|
|-weather|RainDance|[upkeep]
|upkeep
|turn|29
|choice|move thunderbolt|move earthquake
|
|move|p2a: Gyarados|Earthquake|p1a: Magnezone
|-supereffective|p1a: Magnezone
|-damage|p1a: Magnezone|0 fnt
|-damage|p2a: Gyarados|74/347|[from] item: Life Orb
|faint|p1a: Magnezone
|-ability|p2a: Gyarados|Moxie|boost
|-boost|p2a: Gyarados|atk|1
|
|-weather|RainDance|[upkeep]
|upkeep
|choice|switch 6|
|
|switch|p1a: Dragonite|Dragonite, F|386/386
|-damage|p1a: Dragonite|290/386|[from] Stealth Rock
|turn|30
|choice|move dragondance|move waterfall
|
|move|p2a: Gyarados|Waterfall|p1a: Dragonite
|-resisted|p1a: Dragonite
|-damage|p1a: Dragonite|16/386
|-damage|p2a: Gyarados|40/347|[from] item: Life Orb
|move|p1a: Dragonite|Dragon Dance|p1a: Dragonite
|-boost|p1a: Dragonite|atk|1
|-boost|p1a: Dragonite|spe|1
|
|-weather|RainDance|[upkeep]
|-heal|p1a: Dragonite|40/386|[from] item: Leftovers
|upkeep
|turn|31
|choice|move dragonclaw|move waterfall
|
|move|p2a: Gyarados|Waterfall|p1a: Dragonite
|-resisted|p1a: Dragonite
|-damage|p1a: Dragonite|0 fnt
|-damage|p2a: Gyarados|6/347|[from] item: Life Orb
|faint|p1a: Dragonite
|-ability|p2a: Gyarados|Moxie|boost
|-boost|p2a: Gyarados|atk|1
|
|win|The Kyle
|l|tyfcruio2
|raw|tyfcruio2's rating: 1354 &rarr; <strong>1339</strong><br />(-15 for losing)
|raw|The Kyle's rating: 1441 &rarr; <strong>1456</strong><br />(+15 for winning)
|l|The Kyle