|badge|p1|bronze|gen9ubers|100-1
|uhtml|medal-msg|<div class="broadcast-blue">Curious what those medals under the avatar are? PS now has Ladder Seasons! For more information, check out the <a href="https://www.smogon.com/forums/threads/3740067/">thread on Smogon.</a></div>
|j|☆wssi
|j|☆the great gazump
|t:|1716136239
|gametype|singles
|player|p1|wssi|102|1366
|player|p2|the great gazump|170|1535
|teamsize|p1|6
|teamsize|p2|6
|gen|5
|tier|[Gen 5] OU
|rated|
|rule|Species Clause: Limit one of each Pokémon
|rule|OHKO Clause: OHKO moves are banned
|rule|Moody Clause: Moody is banned
|rule|Evasion Items Clause: Evasion items are banned
|rule|Evasion Moves Clause: Evasion moves are banned
|rule|Endless Battle Clause: Forcing endless battles is banned
|rule|HP Percentage Mod: HP is shown in percentages
|rule|Evasion Abilities Clause: Evasion abilities are banned
|rule|Sleep Moves Clause: Sleep-inducing moves are banned
|rule|Swagger Clause: Swagger is banned
|rule|Baton Pass Stat Clause: No Baton Passer may have a way to boost its stats
|clearpoke
|poke|p1|Terrakion|item
|poke|p1|Scizor, M|item
|poke|p1|Starmie|item
|poke|p1|Volcarona, M|item
|poke|p1|Heatran, F|item
|poke|p1|Dragonite, M|item
|poke|p2|Skarmory, F|item
|poke|p2|Jellicent, F|item
|poke|p2|Garchomp, M|item
|poke|p2|Abomasnow, M|item
|poke|p2|Latios, M|item
|poke|p2|Reuniclus, M|item
|teampreview
|inactive|Battle timer is ON: inactive players will automatically lose when time's up. (requested by wssi)
|j| Just Joseph
|
|t:|1716136272
|start
|switch|p1a: Terrakion|Terrakion|100/100
|switch|p2a: Skarmory|Skarmory, F|100/100
|turn|1
|
|t:|1716136284
|move|p1a: Terrakion|Taunt|p2a: Skarmory
|-start|p2a: Skarmory|move: Taunt
|move|p2a: Skarmory|Brave Bird|p1a: Terrakion
|-damage|p1a: Terrakion|46/100
|-damage|p2a: Skarmory|79/100|[from] Recoil
|
|upkeep
|turn|2
|
|t:|1716136307
|switch|p2a: Abomasnow|Abomasnow, M|100/100
|-weather|Hail|[from] ability: Snow Warning|[of] p2a: Abomasnow
|move|p1a: Terrakion|Stealth Rock|p2a: Abomasnow
|-sidestart|p2: the great gazump|move: Stealth Rock
|
|-weather|Hail|[upkeep]
|-damage|p1a: Terrakion|40/100|[from] Hail
|upkeep
|turn|3
|
|t:|1716136311
|switch|p2a: Skarmory|Skarmory, F|79/100
|-damage|p2a: Skarmory|67/100|[from] Stealth Rock
|move|p1a: Terrakion|Close Combat|p2a: Skarmory
|-damage|p2a: Skarmory|10/100
|-unboost|p1a: Terrakion|def|1
|-unboost|p1a: Terrakion|spd|1
|
|-weather|Hail|[upkeep]
|-damage|p1a: Terrakion|34/100|[from] Hail
|-damage|p2a: Skarmory|4/100|[from] Hail
|upkeep
|turn|4
|-enditem|p2a: Skarmory|Custap Berry|[eat]
|-activate|p2a: Skarmory|item: Custap Berry|[consumed]
|
|t:|1716136314
|move|p2a: Skarmory|Stealth Rock|p1a: Terrakion
|-sidestart|p1: wssi|move: Stealth Rock
|move|p1a: Terrakion|Close Combat|p2a: Skarmory
|-damage|p2a: Skarmory|0 fnt
|-unboost|p1a: Terrakion|def|1
|-unboost|p1a: Terrakion|spd|1
|faint|p2a: Skarmory
|
|-weather|Hail|[upkeep]
|-damage|p1a: Terrakion|28/100|[from] Hail
|upkeep
|inactive|the great gazump has 120 seconds left.
|
|t:|1716136353
|switch|p2a: Latios|Latios, M|100/100
|-damage|p2a: Latios|88/100|[from] Stealth Rock
|turn|5
|
|t:|1716136358
|move|p2a: Latios|Surf|p1a: Terrakion
|-supereffective|p1a: Terrakion
|-damage|p1a: Terrakion|0 fnt
|faint|p1a: Terrakion
|
|-weather|Hail|[upkeep]
|-damage|p2a: Latios|82/100|[from] Hail
|upkeep
|
|t:|1716136362
|switch|p1a: Starmie|Starmie|100/100
|-damage|p1a: Starmie|88/100|[from] Stealth Rock
|-item|p1a: Starmie|Air Balloon
|turn|6
|
|t:|1716136364
|switch|p2a: Jellicent|Jellicent, F|100/100
|-damage|p2a: Jellicent|88/100|[from] Stealth Rock
|-item|p2a: Jellicent|Air Balloon
|move|p1a: Starmie|Rapid Spin|p2a: Jellicent
|-immune|p2a: Jellicent
|
|-weather|Hail|[upkeep]
|-damage|p1a: Starmie|82/100|[from] Hail
|-damage|p2a: Jellicent|82/100|[from] Hail
|upkeep
|turn|7
|
|t:|1716136369
|move|p1a: Starmie|Thunderbolt|p2a: Jellicent
|-supereffective|p2a: Jellicent
|-damage|p2a: Jellicent|37/100
|-enditem|p2a: Jellicent|Air Balloon
|move|p2a: Jellicent|Shadow Ball|p1a: Starmie
|-supereffective|p1a: Starmie
|-damage|p1a: Starmie|10/100
|-unboost|p1a: Starmie|spd|1
|-enditem|p1a: Starmie|Air Balloon
|
|-weather|Hail|[upkeep]
|-damage|p1a: Starmie|4/100|[from] Hail
|-damage|p2a: Jellicent|31/100|[from] Hail
|upkeep
|turn|8
|
|t:|1716136375
|move|p1a: Starmie|Thunderbolt|p2a: Jellicent
|-supereffective|p2a: Jellicent
|-damage|p2a: Jellicent|0 fnt
|faint|p2a: Jellicent
|
|-weather|Hail|[upkeep]
|-damage|p1a: Starmie|0 fnt|[from] Hail
|faint|p1a: Starmie
|upkeep
|
|t:|1716136397
|switch|p1a: Heatran|Heatran, F|100/100
|switch|p2a: Latios|Latios, M|82/100
|-damage|p2a: Latios|70/100|[from] Stealth Rock
|-damage|p1a: Heatran|88/100|[from] Stealth Rock
|-item|p1a: Heatran|Air Balloon
|turn|9
|
|t:|1716136400
|move|p2a: Latios|Surf|p1a: Heatran
|-supereffective|p1a: Heatran
|-damage|p1a: Heatran|23/100
|-enditem|p1a: Heatran|Air Balloon
|move|p1a: Heatran|Dragon Pulse|p2a: Latios
|-supereffective|p2a: Latios
|-crit|p2a: Latios
|-damage|p2a: Latios|0 fnt
|faint|p2a: Latios
|
|-weather|Hail|[upkeep]
|-damage|p1a: Heatran|17/100|[from] Hail
|upkeep
|
|t:|1716136404
|switch|p2a: Garchomp|Garchomp, M|100/100
|-damage|p2a: Garchomp|94/100|[from] Stealth Rock
|turn|10
|
|t:|1716136408
|move|p2a: Garchomp|Earthquake|p1a: Heatran
|-supereffective|p1a: Heatran
|-damage|p1a: Heatran|0 fnt
|faint|p1a: Heatran
|
|-weather|Hail|[upkeep]
|-damage|p2a: Garchomp|88/100|[from] Hail
|upkeep
|
|t:|1716136417
|switch|p1a: Scizor|Scizor, M|100/100
|-damage|p1a: Scizor|88/100|[from] Stealth Rock
|turn|11
|
|t:|1716136420
|move|p2a: Garchomp|Fire Fang|p1a: Scizor
|-supereffective|p1a: Scizor
|-damage|p1a: Scizor|0 fnt
|faint|p1a: Scizor
|
|-weather|Hail|[upkeep]
|-damage|p2a: Garchomp|82/100|[from] Hail
|upkeep
|
|t:|1716136429
|switch|p1a: Volcarona|Volcarona, M|100/100
|-damage|p1a: Volcarona|51/100|[from] Stealth Rock
|turn|12
|
|t:|1716136433
|move|p2a: Garchomp|Earthquake|p1a: Volcarona
|-damage|p1a: Volcarona|0 fnt
|faint|p1a: Volcarona
|
|-weather|Hail|[upkeep]
|-damage|p2a: Garchomp|76/100|[from] Hail
|upkeep
|
|t:|1716136435
|switch|p1a: Dragonite|Dragonite, M|100/100
|-damage|p1a: Dragonite|76/100|[from] Stealth Rock
|turn|13
|
|t:|1716136438
|move|p2a: Garchomp|Outrage|p1a: Dragonite
|-supereffective|p1a: Dragonite
|-damage|p1a: Dragonite|0 fnt
|faint|p1a: Dragonite
|
|win|the great gazump
|raw|wssi's rating: 1366 &rarr; <strong>1355</strong><br />(-11 for losing)
|raw|the great gazump's rating: 1535 &rarr; <strong>1546</strong><br />(+11 for winning)
|l|☆wssi
|player|p1|
