|j|Pleasure
|j|Cienega
|player|p1|Pleasure|126
|player|p2|Cienega|273
|gametype|singles
|gen|5
|tier|[Gen 5] OU
|rated
|seed|
|rule|Evasion Abilities Clause: Evasion abilities are banned
|rule|Baton Pass Clause: Limit one Baton Passer, can't pass Spe and other stats simultaneously
|clearpoke
|poke|p1|Tyranitar, M|item
|poke|p1|Skarmory, M|item
|poke|p1|Garchomp, M|item
|poke|p1|Jellicent, F|item
|poke|p1|Reuniclus, M|item
|poke|p1|Terrakion|item
|poke|p2|Skarmory, M|item
|poke|p2|Breloom, F|item
|poke|p2|Gengar, F|item
|poke|p2|Heatran, F|item
|poke|p2|Dragonite, M|item
|poke|p2|Mew|item
|rule|Sleep Clause Mod: Limit one foe put to sleep
|rule|Species Clause: Limit one of each Pokémon
|rule|OHKO Clause: OHKO moves are banned
|rule|Moody Clause: Moody is banned
|rule|Evasion Moves Clause: Evasion moves are banned
|rule|Endless Battle Clause: Forcing endless battles is banned
|rule|HP Percentage Mod: HP is shown in percentages
|teampreview
|choice||
|
|start
|switch|p1a: Terrakion|Terrakion|100/100
|switch|p2a: Skarmory|Skarmory, M|100/100
|turn|1
|choice||
|
|move|p1a: Terrakion|Stone Edge|p2a: Skarmory
|-damage|p2a: Skarmory|27/100
|move|p2a: Skarmory|Stealth Rock|p1a: Terrakion
|-sidestart|p1: Pleasure|move: Stealth Rock
|
|turn|2
|choice||
|
|move|p1a: Terrakion|Stone Edge|p2a: Skarmory
|-damage|p2a: Skarmory|0 fnt
|faint|p2a: Skarmory
|
|choice||
|
|switch|p2a: Breloom|Breloom, F|100/100
|turn|3
|choice||
|
|switch|p1a: Garchomp|Garchomp, M|100/100
|-damage|p1a: Garchomp|94/100|[from] Stealth Rock
|move|p2a: Breloom|Spore|p1a: Garchomp
|-status|p1a: Garchomp|slp
|
|turn|4
|choice||
|
|switch|p1a: Reuniclus|Reuniclus, M|100/100
|switch|p2a: Heatran|Heatran, F|100/100
|-item|p2a: Heatran|Air Balloon
|
|turn|5
|choice||
|
|switch|p2a: Gengar|Gengar, F|100/100
|switch|p1a: Terrakion|Terrakion|100/100
|-damage|p1a: Terrakion|94/100|[from] Stealth Rock
|
|turn|6
|choice||
|
|switch|p1a: Reuniclus|Reuniclus, M|100/100
|move|p2a: Gengar|Focus Blast|p1a: Reuniclus|[miss]
|-miss|p2a: Gengar|p1a: Reuniclus
|
|turn|7
|choice||
|
|switch|p2a: Heatran|Heatran, F|100/100
|-item|p2a: Heatran|Air Balloon
|move|p1a: Reuniclus|Psyshock|p2a: Heatran
|-resisted|p2a: Heatran
|-damage|p2a: Heatran|83/100
|-enditem|p2a: Heatran|Air Balloon
|
|turn|8
|choice||
|
|move|p2a: Heatran|Magma Storm|p1a: Reuniclus
|-damage|p1a: Reuniclus|44/100
|-activate|p1a: Reuniclus|move: Magma Storm|[of] p2a: Heatran
|move|p1a: Reuniclus|Calm Mind|p1a: Reuniclus
|-boost|p1a: Reuniclus|spa|1
|-boost|p1a: Reuniclus|spd|1
|
|-heal|p1a: Reuniclus|50/100|[from] item: Leftovers
|turn|9
|choice||
|
|move|p2a: Heatran|Magma Storm|p1a: Reuniclus|[miss]
|-miss|p2a: Heatran|p1a: Reuniclus
|move|p1a: Reuniclus|Recover|p1a: Reuniclus
|-heal|p1a: Reuniclus|99/100
|
|-heal|p1a: Reuniclus|100/100|[from] item: Leftovers
|turn|10
|choice||
|
|switch|p2a: Breloom|Breloom, F|100/100
|move|p1a: Reuniclus|Focus Blast|p2a: Breloom
|-damage|p2a: Breloom|5/100
|
|turn|11
|choice||
|
|move|p2a: Breloom|Bullet Seed|p1a: Reuniclus
|-damage|p1a: Reuniclus|87/100
|-damage|p1a: Reuniclus|73/100
|-hitcount|p1a: Reuniclus|2
|move|p1a: Reuniclus|Psyshock|p2a: Breloom
|-supereffective|p2a: Breloom
|-crit|p2a: Breloom
|-damage|p2a: Breloom|0 fnt
|faint|p2a: Breloom
|
|-heal|p1a: Reuniclus|79/100|[from] item: Leftovers
|choice||
|
|switch|p2a: Gengar|Gengar, F|100/100
|turn|12
|choice||
|
|move|p2a: Gengar|Trick|p1a: Reuniclus
|-activate|p2a: Gengar|move: Trick|[of] p1a: Reuniclus
|-item|p1a: Reuniclus|Choice Scarf|[from] move: Trick
|-item|p2a: Gengar|Leftovers|[from] move: Trick
|move|p1a: Reuniclus|Psyshock|p2a: Gengar
|-supereffective|p2a: Gengar
|-damage|p2a: Gengar|0 fnt
|faint|p2a: Gengar
|
|choice||
|
|switch|p2a: Heatran|Heatran, F|83/100
|turn|13
|choice||
|
|move|p2a: Heatran|Earth Power|p1a: Reuniclus
|-damage|p1a: Reuniclus|60/100
|move|p1a: Reuniclus|Psyshock|p2a: Heatran
|-resisted|p2a: Heatran
|-damage|p2a: Heatran|58/100
|
|turn|14
|choice||
|
|move|p2a: Heatran|Earth Power|p1a: Reuniclus
|-damage|p1a: Reuniclus|40/100
|move|p1a: Reuniclus|Psyshock|p2a: Heatran
|-resisted|p2a: Heatran
|-damage|p2a: Heatran|34/100
|
|turn|15
|choice||
|
|move|p2a: Heatran|Magma Storm|p1a: Reuniclus
|-crit|p1a: Reuniclus
|-damage|p1a: Reuniclus|0 fnt
|faint|p1a: Reuniclus
|
|choice||
|
|switch|p1a: Tyranitar|Tyranitar, M|100/100
|-damage|p1a: Tyranitar|88/100|[from] Stealth Rock
|-weather|Sandstorm|[from] ability: Sand Stream|[of] p1a: Tyranitar
|turn|16
|choice||
|
|move|p1a: Tyranitar|Superpower|p2a: Heatran
|-supereffective|p2a: Heatran
|-damage|p2a: Heatran|0 fnt
|-unboost|p1a: Tyranitar|atk|1
|-unboost|p1a: Tyranitar|def|1
|faint|p2a: Heatran
|
|-weather|Sandstorm|[upkeep]
|choice||
|
|switch|p2a: Mew|Mew|100/100
|turn|17
|choice||
|
|switch|p1a: Jellicent|Jellicent, F|100/100
|-damage|p1a: Jellicent|88/100|[from] Stealth Rock
|move|p2a: Mew|Thunder|p1a: Jellicent
|-supereffective|p1a: Jellicent
|-damage|p1a: Jellicent|26/100
|
|-weather|Sandstorm|[upkeep]
|-damage|p2a: Mew|94/100|[from] sandstorm
|-damage|p1a: Jellicent|19/100|[from] sandstorm
|-heal|p1a: Jellicent|26/100|[from] item: Leftovers
|turn|18
|choice||
|
|move|p2a: Mew|Thunder|p1a: Jellicent
|-supereffective|p1a: Jellicent
|-damage|p1a: Jellicent|0 fnt
|faint|p1a: Jellicent
|
|-weather|Sandstorm|[upkeep]
|-damage|p2a: Mew|88/100|[from] sandstorm
|choice||
|
|switch|p1a: Tyranitar|Tyranitar, M|88/100
|-damage|p1a: Tyranitar|76/100|[from] Stealth Rock
|turn|19
|choice||
|
|move|p1a: Tyranitar|Crunch|p2a: Mew
|-supereffective|p2a: Mew
|-damage|p2a: Mew|0 fnt
|faint|p2a: Mew
|
|-weather|Sandstorm|[upkeep]
|choice||
|
|switch|p2a: Dragonite|Dragonite, M|100/100
|turn|20
|choice||
|
|move|p1a: Tyranitar|Crunch|p2a: Dragonite
|-damage|p2a: Dragonite|76/100
|move|p2a: Dragonite|Dragon Dance|p2a: Dragonite
|-boost|p2a: Dragonite|atk|1
|-boost|p2a: Dragonite|spe|1
|
|-weather|Sandstorm|[upkeep]
|-damage|p2a: Dragonite|70/100|[from] sandstorm
|turn|21
|choice||
|
|move|p2a: Dragonite|Outrage|p1a: Tyranitar
|-damage|p1a: Tyranitar|0 fnt
|faint|p1a: Tyranitar
|
|-weather|Sandstorm|[upkeep]
|-damage|p2a: Dragonite|64/100|[from] sandstorm
|choice||
|
|switch|p1a: Skarmory|Skarmory, M|100/100
|-damage|p1a: Skarmory|88/100|[from] Stealth Rock
|turn|22
|choice||
|
|move|p2a: Dragonite|Outrage|p1a: Skarmory|[from]lockedmove
|-resisted|p1a: Skarmory
|-damage|p1a: Skarmory|48/100
|move|p1a: Skarmory|Brave Bird|p2a: Dragonite
|-damage|p2a: Dragonite|26/100
|-damage|p1a: Skarmory|36/100|[from] recoil|[of] p2a: Dragonite
|
|-weather|Sandstorm|[upkeep]
|-damage|p2a: Dragonite|20/100|[from] sandstorm
|-heal|p1a: Skarmory|42/100|[from] item: Leftovers
|turn|23
|choice||
|
|move|p2a: Dragonite|Outrage|p1a: Skarmory|[from]lockedmove
|-resisted|p1a: Skarmory
|-damage|p1a: Skarmory|0 fnt
|-start|p2a: Dragonite|confusion|[fatigue]
|faint|p1a: Skarmory
|-enditem|p2a: Dragonite|Lum Berry|[eat]
|-end|p2a: Dragonite|confusion
|
|-weather|Sandstorm|[upkeep]
|-damage|p2a: Dragonite|14/100|[from] sandstorm
|choice||
|
|switch|p1a: Terrakion|Terrakion|94/100
|-damage|p1a: Terrakion|88/100|[from] Stealth Rock
|turn|24
|choice||
|
|switch|p1a: Garchomp|Garchomp, M|94/100 slp
|-damage|p1a: Garchomp|88/100 slp|[from] Stealth Rock
|move|p2a: Dragonite|Earthquake|p1a: Garchomp
|-damage|p1a: Garchomp|43/100 slp
|
|-weather|Sandstorm|[upkeep]
|-damage|p2a: Dragonite|8/100|[from] sandstorm
|turn|25
|choice||
|
|move|p2a: Dragonite|Earthquake|p1a: Garchomp
|-damage|p1a: Garchomp|0 fnt
|faint|p1a: Garchomp
|
|-weather|Sandstorm|[upkeep]
|-damage|p2a: Dragonite|1/100|[from] sandstorm
|choice||
|
|switch|p1a: Terrakion|Terrakion|88/100
|-damage|p1a: Terrakion|82/100|[from] Stealth Rock
|turn|26
|choice||
|
|move|p1a: Terrakion|Quick Attack|p2a: Dragonite
|-damage|p2a: Dragonite|0 fnt
|faint|p2a: Dragonite
|
|win|Pleasure
|player|p1
|player|p2
|raw|Pleasure's rating: 1310 &rarr; <strong>1332</strong><br />(+22 for winning)
|raw|Cienega's rating: 1337 &rarr; <strong>1315</strong><br />(-22 for losing)
|l|Pleasure