|j|☆aeger4321
|j|☆ReallyFunTeams
|t:|1730559169
|gametype|singles
|player|p1|aeger4321|dawn-gen4pt|1313
|player|p2|ReallyFunTeams|fisherman-gen4|1514
|teamsize|p1|6
|teamsize|p2|6
|gen|5
|tier|[Gen 5] OU
|rated|
|rule|Species Clause: Limit one of each Pokémon
|rule|OHKO Clause: OHKO moves are banned
|rule|Moody Clause: Moody is banned
|rule|Evasion Items Clause: Evasion items are banned
|rule|Evasion Moves Clause: Evasion moves are banned
|rule|Endless Battle Clause: Forcing endless battles is banned
|rule|HP Percentage Mod: HP is shown in percentages
|rule|Evasion Abilities Clause: Evasion abilities are banned
|rule|Sleep Moves Clause: Sleep-inducing moves are banned
|rule|Swagger Clause: Swagger is banned
|rule|Baton Pass Stat Clause: No Baton Passer may have a way to boost its stats
|clearpoke
|poke|p1|Tyranitar, M|item
|poke|p1|Gliscor, F|item
|poke|p1|Rotom-Wash|item
|poke|p1|Latios, M|item
|poke|p1|Excadrill, F|item
|poke|p1|Scizor, F|item
|poke|p2|Ninetales, F|item
|poke|p2|Chansey, F|item
|poke|p2|Cresselia, F|item
|poke|p2|Donphan, F|item
|poke|p2|Heatran, M|item
|poke|p2|Landorus-Therian, M|item
|teampreview
|inactive|Battle timer is ON: inactive players will automatically lose when time's up. (requested by ReallyFunTeams)
|
|t:|1730559187
|start
|switch|p1a: Tyranitar|Tyranitar, M|100/100
|switch|p2a: Landorus|Landorus-Therian, M|100/100
|-ability|p2a: Landorus|Intimidate|boost
|-unboost|p1a: Tyranitar|atk|1
|-weather|Sandstorm|[from] ability: Sand Stream|[of] p1a: Tyranitar
|turn|1
|
|t:|1730559192
|switch|p1a: Gay|Gliscor, F, shiny|100/100
|move|p2a: Landorus|U-turn|p1a: Gay
|-resisted|p1a: Gay
|-damage|p1a: Gay|93/100
|
|t:|1730559204
|switch|p2a: Chansey|Chansey, F|100/100|[from] U-turn
|
|-weather|Sandstorm|[upkeep]
|-damage|p2a: Chansey|94/100|[from] Sandstorm
|-status|p1a: Gay|tox|[from] item: Toxic Orb
|upkeep
|turn|2
|
|t:|1730559210
|move|p1a: Gay|Earthquake|p2a: Chansey
|-damage|p2a: Chansey|72/100
|move|p2a: Chansey|Stealth Rock|p1a: Gay
|-sidestart|p1: aeger4321|move: Stealth Rock
|
|-weather|Sandstorm|[upkeep]
|-damage|p2a: Chansey|66/100|[from] Sandstorm
|-heal|p1a: Gay|100/100 tox|[from] ability: Poison Heal
|upkeep
|turn|3
|
|t:|1730559215
|move|p1a: Gay|Substitute|p1a: Gay
|-start|p1a: Gay|Substitute
|-damage|p1a: Gay|76/100 tox
|move|p2a: Chansey|Soft-Boiled|p2a: Chansey
|-heal|p2a: Chansey|100/100
|
|-weather|Sandstorm|[upkeep]
|-damage|p2a: Chansey|94/100|[from] Sandstorm
|-heal|p1a: Gay|88/100 tox|[from] ability: Poison Heal
|upkeep
|turn|4
|
|t:|1730559219
|switch|p2a: Cresselia|Cresselia, F|100/100
|move|p1a: Gay|Toxic|p2a: Cresselia
|-status|p2a: Cresselia|tox
|
|-weather|Sandstorm|[upkeep]
|-damage|p2a: Cresselia|94/100 tox|[from] Sandstorm
|-heal|p2a: Cresselia|100/100 tox|[from] item: Leftovers
|-heal|p1a: Gay|100/100 tox|[from] ability: Poison Heal
|-damage|p2a: Cresselia|94/100 tox|[from] psn
|upkeep
|turn|5
|
|t:|1730559223
|move|p1a: Gay|Protect|p1a: Gay
|-singleturn|p1a: Gay|Protect
|move|p2a: Cresselia|Calm Mind|p2a: Cresselia
|-boost|p2a: Cresselia|spa|1
|-boost|p2a: Cresselia|spd|1
|
|-weather|Sandstorm|[upkeep]
|-damage|p2a: Cresselia|88/100 tox|[from] Sandstorm
|-heal|p2a: Cresselia|94/100 tox|[from] item: Leftovers
|-damage|p2a: Cresselia|82/100 tox|[from] psn
|upkeep
|turn|6
|
|t:|1730559228
|move|p1a: Gay|Earthquake|p2a: Cresselia
|-immune|p2a: Cresselia|[from] ability: Levitate
|move|p2a: Cresselia|Ice Beam|p1a: Gay
|-supereffective|p1a: Gay
|-end|p1a: Gay|Substitute
|
|-weather|Sandstorm|[upkeep]
|-damage|p2a: Cresselia|76/100 tox|[from] Sandstorm
|-heal|p2a: Cresselia|82/100 tox|[from] item: Leftovers
|-damage|p2a: Cresselia|64/100 tox|[from] psn
|upkeep
|turn|7
|
|t:|1730559235
|switch|p2a: Chansey|Chansey, F|94/100
|move|p1a: Gay|Protect||[still]
|-fail|p1a: Gay
|
|-weather|Sandstorm|[upkeep]
|-damage|p2a: Chansey|88/100|[from] Sandstorm
|upkeep
|turn|8
|
|t:|1730559241
|move|p1a: Gay|Substitute|p1a: Gay
|-start|p1a: Gay|Substitute
|-damage|p1a: Gay|76/100 tox
|move|p2a: Chansey|Heal Bell|p2a: Chansey
|-activate|p2a: Chansey|move: Heal Bell
|-curestatus|p2: Cresselia|tox|[msg]
|
|-weather|Sandstorm|[upkeep]
|-damage|p2a: Chansey|82/100|[from] Sandstorm
|-heal|p1a: Gay|88/100 tox|[from] ability: Poison Heal
|upkeep
|turn|9
|
|t:|1730559247
|move|p1a: Gay|Toxic|p2a: Chansey
|-status|p2a: Chansey|tox
|move|p2a: Chansey|Seismic Toss|p1a: Gay
|-end|p1a: Gay|Substitute
|
|-weather|Sandstorm|[upkeep]
|-damage|p2a: Chansey|76/100 tox|[from] Sandstorm
|-heal|p1a: Gay|100/100 tox|[from] ability: Poison Heal
|-damage|p2a: Chansey|70/100 tox|[from] psn
|upkeep
|turn|10
|
|t:|1730559253
|-curestatus|p2a: Chansey|tox|[from] ability: Natural Cure
|switch|p2a: Landorus|Landorus-Therian, M|100/100
|-ability|p2a: Landorus|Intimidate|boost
|-unboost|p1a: Gay|atk|1
|move|p1a: Gay|Substitute|p1a: Gay
|-start|p1a: Gay|Substitute
|-damage|p1a: Gay|76/100 tox
|
|-weather|Sandstorm|[upkeep]
|-heal|p1a: Gay|88/100 tox|[from] ability: Poison Heal
|upkeep
|turn|11
|
|t:|1730559256
|move|p2a: Landorus|U-turn|p1a: Gay
|-resisted|p1a: Gay
|-activate|p1a: Gay|Substitute|[damage]
|
|t:|1730559259
|switch|p2a: Chansey|Chansey, F|70/100|[from] U-turn
|move|p1a: Gay|Toxic|p2a: Chansey
|-status|p2a: Chansey|tox
|
|-weather|Sandstorm|[upkeep]
|-damage|p2a: Chansey|64/100 tox|[from] Sandstorm
|-heal|p1a: Gay|100/100 tox|[from] ability: Poison Heal
|-damage|p2a: Chansey|58/100 tox|[from] psn
|upkeep
|turn|12
|
|t:|1730559264
|move|p1a: Gay|Protect|p1a: Gay
|-singleturn|p1a: Gay|Protect
|move|p2a: Chansey|Soft-Boiled|p2a: Chansey
|-heal|p2a: Chansey|100/100 tox
|
|-weather|Sandstorm|[upkeep]
|-damage|p2a: Chansey|94/100 tox|[from] Sandstorm
|-damage|p2a: Chansey|82/100 tox|[from] psn
|upkeep
|turn|13
|
|t:|1730559268
|-curestatus|p2a: Chansey|tox|[from] ability: Natural Cure
|switch|p2a: Landorus|Landorus-Therian, M|100/100
|-ability|p2a: Landorus|Intimidate|boost
|-immune|p1a: Gay
|move|p1a: Gay|Earthquake|p2a: Landorus
|-immune|p2a: Landorus
|
|-weather|Sandstorm|[upkeep]
|upkeep
|turn|14
|
|t:|1730559273
|move|p2a: Landorus|U-turn|p1a: Gay
|-resisted|p1a: Gay
|-activate|p1a: Gay|Substitute|[damage]
|
|t:|1730559276
|switch|p2a: Chansey|Chansey, F|82/100|[from] U-turn
|move|p1a: Gay|Substitute|p1a: Gay
|-fail|p1a: Gay|move: Substitute
|
|-weather|Sandstorm|[upkeep]
|-damage|p2a: Chansey|76/100|[from] Sandstorm
|upkeep
|turn|15
|
|t:|1730559290
|move|p1a: Gay|Earthquake|p2a: Chansey
|-damage|p2a: Chansey|62/100
|move|p2a: Chansey|Stealth Rock||[still]
|-fail|p2a: Chansey
|
|-weather|Sandstorm|[upkeep]
|-damage|p2a: Chansey|56/100|[from] Sandstorm
|upkeep
|turn|16
|
|t:|1730559314
|switch|p1a: Excadrill|Excadrill, F|100/100
|-damage|p1a: Excadrill|97/100|[from] Stealth Rock
|-item|p1a: Excadrill|Air Balloon
|move|p2a: Chansey|Soft-Boiled|p2a: Chansey
|-heal|p2a: Chansey|100/100
|
|-weather|Sandstorm|[upkeep]
|-damage|p2a: Chansey|94/100|[from] Sandstorm
|upkeep
|turn|17
|
|t:|1730559318
|switch|p2a: Landorus|Landorus-Therian, M|100/100
|-ability|p2a: Landorus|Intimidate|boost
|-unboost|p1a: Excadrill|atk|1
|move|p1a: Excadrill|Rapid Spin|p2a: Landorus
|-damage|p2a: Landorus|95/100
|-sideend|p1: aeger4321|Stealth Rock|[from] move: Rapid Spin|[of] p1a: Excadrill
|
|-weather|Sandstorm|[upkeep]
|upkeep
|turn|18
|
|t:|1730559326
|switch|p1a: Gay|Gliscor, F, shiny|100/100 tox
|move|p2a: Landorus|U-turn|p1a: Gay
|-resisted|p1a: Gay
|-damage|p1a: Gay|92/100 tox
|
|t:|1730559333
|switch|p2a: Chansey|Chansey, F|94/100|[from] U-turn
|
|-weather|Sandstorm|[upkeep]
|-damage|p2a: Chansey|88/100|[from] Sandstorm
|-heal|p1a: Gay|100/100 tox|[from] ability: Poison Heal
|upkeep
|turn|19
|
|t:|1730559341
|move|p1a: Gay|Toxic|p2a: Chansey
|-status|p2a: Chansey|tox
|move|p2a: Chansey|Stealth Rock|p1a: Gay
|-sidestart|p1: aeger4321|move: Stealth Rock
|
|-weather|Sandstorm|[upkeep]
|-damage|p2a: Chansey|82/100 tox|[from] Sandstorm
|-damage|p2a: Chansey|76/100 tox|[from] psn
|upkeep
|turn|20
|
|t:|1730559349
|switch|p1a: Excadrill|Excadrill, F|97/100
|-damage|p1a: Excadrill|94/100|[from] Stealth Rock
|-item|p1a: Excadrill|Air Balloon
|-curestatus|p2a: Chansey|tox|[from] ability: Natural Cure
|switch|p2a: Cresselia|Cresselia, F|64/100
|
|-weather|Sandstorm|[upkeep]
|-damage|p2a: Cresselia|58/100|[from] Sandstorm
|-heal|p2a: Cresselia|64/100|[from] item: Leftovers
|upkeep
|turn|21
|
|t:|1730559360
|move|p1a: Excadrill|Stealth Rock|p2a: Cresselia
|-sidestart|p2: ReallyFunTeams|move: Stealth Rock
|move|p2a: Cresselia|Calm Mind|p2a: Cresselia
|-boost|p2a: Cresselia|spa|1
|-boost|p2a: Cresselia|spd|1
|
|-weather|Sandstorm|[upkeep]
|-damage|p2a: Cresselia|58/100|[from] Sandstorm
|-heal|p2a: Cresselia|64/100|[from] item: Leftovers
|upkeep
|turn|22
|
|t:|1730559365
|move|p1a: Excadrill|Iron Head|p2a: Cresselia
|-damage|p2a: Cresselia|38/100
|cant|p2a: Cresselia|flinch
|
|-weather|Sandstorm|[upkeep]
|-damage|p2a: Cresselia|32/100|[from] Sandstorm
|-heal|p2a: Cresselia|38/100|[from] item: Leftovers
|upkeep
|turn|23
|
|t:|1730559369
|move|p1a: Excadrill|Iron Head|p2a: Cresselia
|-damage|p2a: Cresselia|12/100
|cant|p2a: Cresselia|flinch
|
|-weather|Sandstorm|[upkeep]
|-damage|p2a: Cresselia|6/100|[from] Sandstorm
|-heal|p2a: Cresselia|12/100|[from] item: Leftovers
|upkeep
|turn|24
|
|t:|1730559374
|switch|p2a: Landorus|Landorus-Therian, M|95/100
|-damage|p2a: Landorus|82/100|[from] Stealth Rock
|-ability|p2a: Landorus|Intimidate|boost
|-unboost|p1a: Excadrill|atk|1
|move|p1a: Excadrill|Iron Head|p2a: Landorus
|-damage|p2a: Landorus|39/100
|
|-weather|Sandstorm|[upkeep]
|upkeep
|turn|25
|
|t:|1730559379
|move|p2a: Landorus|U-turn|p1a: Excadrill
|-resisted|p1a: Excadrill
|-damage|p1a: Excadrill|75/100
|-enditem|p1a: Excadrill|Air Balloon
|
|t:|1730559387
|switch|p2a: Ninetales|Ninetales, F|100/100|[from] U-turn
|-damage|p2a: Ninetales|76/100|[from] Stealth Rock
|-weather|SunnyDay|[from] ability: Drought|[of] p2a: Ninetales
|move|p1a: Excadrill|Iron Head|p2a: Ninetales
|-resisted|p2a: Ninetales
|-damage|p2a: Ninetales|58/100
|
|-weather|SunnyDay|[upkeep]
|-heal|p2a: Ninetales|64/100|[from] item: Leftovers
|upkeep
|turn|26
|
|t:|1730559399
|switch|p1a: Tyranitar|Tyranitar, M|100/100
|-damage|p1a: Tyranitar|88/100|[from] Stealth Rock
|-weather|Sandstorm|[from] ability: Sand Stream|[of] p1a: Tyranitar
|move|p2a: Ninetales|Toxic|p1a: Tyranitar
|-status|p1a: Tyranitar|tox
|
|-weather|Sandstorm|[upkeep]
|-damage|p2a: Ninetales|58/100|[from] Sandstorm
|-heal|p2a: Ninetales|64/100|[from] item: Leftovers
|-damage|p1a: Tyranitar|82/100 tox|[from] psn
|upkeep
|turn|27
|
|t:|1730559406
|move|p2a: Ninetales|Protect|p2a: Ninetales
|-singleturn|p2a: Ninetales|Protect
|move|p1a: Tyranitar|Stone Edge|p2a: Ninetales
|-activate|p2a: Ninetales|move: Protect
|
|-weather|Sandstorm|[upkeep]
|-damage|p2a: Ninetales|58/100|[from] Sandstorm
|-heal|p2a: Ninetales|64/100|[from] item: Leftovers
|-damage|p1a: Tyranitar|70/100 tox|[from] psn
|upkeep
|turn|28
|
|t:|1730559416
|switch|p2a: Donphan|Donphan, F|100/100
|-damage|p2a: Donphan|94/100|[from] Stealth Rock
|move|p1a: Tyranitar|Stone Edge|p2a: Donphan
|-resisted|p2a: Donphan
|-damage|p2a: Donphan|79/100
|
|-weather|Sandstorm|[upkeep]
|-heal|p2a: Donphan|85/100|[from] item: Leftovers
|-damage|p1a: Tyranitar|51/100 tox|[from] psn
|upkeep
|turn|29
|
|t:|1730559423
|switch|p1a: Gay|Gliscor, F, shiny|100/100 tox
|-damage|p1a: Gay|88/100 tox|[from] Stealth Rock
|move|p2a: Donphan|Rapid Spin|p1a: Gay
|-damage|p1a: Gay|84/100 tox
|-sideend|p2: ReallyFunTeams|Stealth Rock|[from] move: Rapid Spin|[of] p2a: Donphan
|
|-weather|Sandstorm|[upkeep]
|-heal|p2a: Donphan|91/100|[from] item: Leftovers
|-heal|p1a: Gay|97/100 tox|[from] ability: Poison Heal
|upkeep
|turn|30
|
|t:|1730559430
|switch|p2a: Chansey|Chansey, F|76/100
|move|p1a: Gay|Protect||[still]
|-fail|p1a: Gay
|
|-weather|Sandstorm|[upkeep]
|-damage|p2a: Chansey|70/100|[from] Sandstorm
|-heal|p1a: Gay|100/100 tox|[from] ability: Poison Heal
|upkeep
|turn|31
|
|t:|1730559438
|move|p1a: Gay|Earthquake|p2a: Chansey
|-damage|p2a: Chansey|48/100
|move|p2a: Chansey|Soft-Boiled|p2a: Chansey
|-heal|p2a: Chansey|98/100
|
|-weather|Sandstorm|[upkeep]
|-damage|p2a: Chansey|92/100|[from] Sandstorm
|upkeep
|turn|32
|
|t:|1730559454
|switch|p1a: Scizor|Scizor, F|100/100
|-damage|p1a: Scizor|88/100|[from] Stealth Rock
|move|p2a: Chansey|Stealth Rock||[still]
|-fail|p2a: Chansey
|
|-weather|Sandstorm|[upkeep]
|-damage|p2a: Chansey|86/100|[from] Sandstorm
|upkeep
|turn|33
|
|t:|1730559460
|switch|p2a: Ninetales|Ninetales, F|64/100
|-weather|SunnyDay|[from] ability: Drought|[of] p2a: Ninetales
|move|p1a: Scizor|Superpower|p2a: Ninetales
|-damage|p2a: Ninetales|0 fnt
|-unboost|p1a: Scizor|atk|1
|-unboost|p1a: Scizor|def|1
|faint|p2a: Ninetales
|-damage|p1a: Scizor|78/100|[from] item: Life Orb
|
|-weather|SunnyDay|[upkeep]
|upkeep
|
|t:|1730559473
|switch|p2a: Cresselia|Cresselia, F|12/100
|turn|34
|
|t:|1730559476
|switch|p1a: Tyranitar|Tyranitar, M|51/100 tox
|-damage|p1a: Tyranitar|39/100 tox|[from] Stealth Rock
|-weather|Sandstorm|[from] ability: Sand Stream|[of] p1a: Tyranitar
|move|p2a: Cresselia|Moonlight|p2a: Cresselia
|-heal|p2a: Cresselia|37/100
|
|-weather|Sandstorm|[upkeep]
|-damage|p2a: Cresselia|31/100|[from] Sandstorm
|-heal|p2a: Cresselia|37/100|[from] item: Leftovers
|-damage|p1a: Tyranitar|33/100 tox|[from] psn
|upkeep
|turn|35
|
|t:|1730559485
|move|p1a: Tyranitar|Crunch|p2a: Cresselia
|-supereffective|p2a: Cresselia
|-damage|p2a: Cresselia|0 fnt
|faint|p2a: Cresselia
|
|-weather|Sandstorm|[upkeep]
|-damage|p1a: Tyranitar|20/100 tox|[from] psn
|upkeep
|
|t:|1730559490
|switch|p2a: Heatran|Heatran, M|100/100
|turn|36
|
|t:|1730559492
|move|p1a: Tyranitar|Crunch|p2a: Heatran
|-resisted|p2a: Heatran
|-damage|p2a: Heatran|82/100
|-unboost|p2a: Heatran|def|1
|move|p2a: Heatran|Substitute|p2a: Heatran
|-start|p2a: Heatran|Substitute
|-damage|p2a: Heatran|57/100
|
|-weather|Sandstorm|[upkeep]
|-heal|p2a: Heatran|64/100|[from] item: Leftovers
|-damage|p1a: Tyranitar|2/100 tox|[from] psn
|upkeep
|turn|37
|
|t:|1730559502
|move|p2a: Heatran|Protect|p2a: Heatran
|-singleturn|p2a: Heatran|Protect
|move|p1a: Tyranitar|Crunch|p2a: Heatran
|-activate|p2a: Heatran|move: Protect
|
|-weather|Sandstorm|[upkeep]
|-heal|p2a: Heatran|70/100|[from] item: Leftovers
|-damage|p1a: Tyranitar|0 fnt|[from] psn
|faint|p1a: Tyranitar
|upkeep
|
|t:|1730559512
|switch|p1a: Gay|Gliscor, F, shiny|100/100 tox
|-damage|p1a: Gay|88/100 tox|[from] Stealth Rock
|turn|38
|
|t:|1730559515
|move|p1a: Gay|Earthquake|p2a: Heatran
|-supereffective|p2a: Heatran
|-end|p2a: Heatran|Substitute
|move|p2a: Heatran|Magma Storm|p1a: Gay
|-damage|p1a: Gay|27/100 tox
|-activate|p1a: Gay|move: Magma Storm|[of] p2a: Heatran
|
|-weather|Sandstorm|[upkeep]
|-heal|p2a: Heatran|76/100|[from] item: Leftovers
|-heal|p1a: Gay|39/100 tox|[from] ability: Poison Heal
|-damage|p1a: Gay|33/100 tox|[from] move: Magma Storm|[partiallytrapped]
|upkeep
|turn|39
|
|t:|1730559536
|switch|p2a: Chansey|Chansey, F|86/100
|move|p1a: Gay|Earthquake|p2a: Chansey
|-crit|p2a: Chansey
|-damage|p2a: Chansey|40/100
|
|-weather|Sandstorm|[upkeep]
|-damage|p2a: Chansey|34/100|[from] Sandstorm
|-heal|p1a: Gay|45/100 tox|[from] ability: Poison Heal
|upkeep
|turn|40
|
|t:|1730559541
|move|p1a: Gay|Earthquake|p2a: Chansey
|-damage|p2a: Chansey|12/100
|move|p2a: Chansey|Soft-Boiled|p2a: Chansey
|-heal|p2a: Chansey|63/100
|
|-weather|Sandstorm|[upkeep]
|-damage|p2a: Chansey|56/100|[from] Sandstorm
|-heal|p1a: Gay|58/100 tox|[from] ability: Poison Heal
|upkeep
|turn|41
|
|t:|1730559552
|switch|p1a: Scizor|Scizor, F|78/100
|-damage|p1a: Scizor|66/100|[from] Stealth Rock
|move|p2a: Chansey|Soft-Boiled|p2a: Chansey
|-heal|p2a: Chansey|100/100
|
|-weather|Sandstorm|[upkeep]
|-damage|p2a: Chansey|94/100|[from] Sandstorm
|upkeep
|turn|42
|
|t:|1730559556
|switch|p2a: Landorus|Landorus-Therian, M|39/100
|-ability|p2a: Landorus|Intimidate|boost
|-unboost|p1a: Scizor|atk|1
|move|p1a: Scizor|Superpower|p2a: Landorus
|-resisted|p2a: Landorus
|-damage|p2a: Landorus|17/100
|-unboost|p1a: Scizor|atk|1
|-unboost|p1a: Scizor|def|1
|-damage|p1a: Scizor|56/100|[from] item: Life Orb
|
|-weather|Sandstorm|[upkeep]
|upkeep
|turn|43
|
|t:|1730559566
|move|p2a: Landorus|U-turn|p1a: Scizor
|-resisted|p1a: Scizor
|-damage|p1a: Scizor|31/100
|-activate|p2a: Landorus|move: Pursuit
|move|p1a: Scizor|Pursuit|p2a: Landorus|[from]Pursuit
|-damage|p2a: Landorus|0 fnt
|faint|p2a: Landorus
|-damage|p1a: Scizor|21/100|[from] item: Life Orb
|
|-weather|Sandstorm|[upkeep]
|upkeep
|
|t:|1730559576
|switch|p2a: Heatran|Heatran, M|76/100
|turn|44
|
|t:|1730559581
|switch|p1a: Rotom|Rotom-Wash|100/100
|-damage|p1a: Rotom|88/100|[from] Stealth Rock
|move|p2a: Heatran|Substitute|p2a: Heatran
|-start|p2a: Heatran|Substitute
|-damage|p2a: Heatran|51/100
|
|-weather|Sandstorm|[upkeep]
|-damage|p1a: Rotom|82/100|[from] Sandstorm
|-heal|p1a: Rotom|88/100|[from] item: Leftovers
|-heal|p2a: Heatran|57/100|[from] item: Leftovers
|upkeep
|turn|45
|
|t:|1730559586
|move|p2a: Heatran|Protect|p2a: Heatran
|-singleturn|p2a: Heatran|Protect
|move|p1a: Rotom|Light Screen|p1a: Rotom
|-sidestart|p1: aeger4321|move: Light Screen
|
|-weather|Sandstorm|[upkeep]
|-damage|p1a: Rotom|82/100|[from] Sandstorm
|-heal|p1a: Rotom|88/100|[from] item: Leftovers
|-heal|p2a: Heatran|64/100|[from] item: Leftovers
|upkeep
|turn|46
|
|t:|1730559595
|move|p1a: Rotom|Hydro Pump|p2a: Heatran
|-supereffective|p2a: Heatran
|-end|p2a: Heatran|Substitute
|move|p2a: Heatran|Magma Storm|p1a: Rotom
|-resisted|p1a: Rotom
|-damage|p1a: Rotom|78/100
|-activate|p1a: Rotom|move: Magma Storm|[of] p2a: Heatran
|
|-weather|Sandstorm|[upkeep]
|-damage|p1a: Rotom|72/100|[from] Sandstorm
|-heal|p1a: Rotom|78/100|[from] item: Leftovers
|-heal|p2a: Heatran|70/100|[from] item: Leftovers
|-damage|p1a: Rotom|72/100|[from] move: Magma Storm|[partiallytrapped]
|upkeep
|turn|47
|
|t:|1730559602
|move|p2a: Heatran|Protect|p2a: Heatran
|-singleturn|p2a: Heatran|Protect
|move|p1a: Rotom|Hydro Pump|p2a: Heatran
|-activate|p2a: Heatran|move: Protect
|
|-weather|Sandstorm|[upkeep]
|-damage|p1a: Rotom|66/100|[from] Sandstorm
|-heal|p1a: Rotom|72/100|[from] item: Leftovers
|-heal|p2a: Heatran|76/100|[from] item: Leftovers
|-damage|p1a: Rotom|66/100|[from] move: Magma Storm|[partiallytrapped]
|upkeep
|turn|48
|
|t:|1730559613
|switch|p2a: Chansey|Chansey, F|94/100
|move|p1a: Rotom|Hydro Pump|p2a: Chansey
|-damage|p2a: Chansey|81/100
|
|-weather|Sandstorm|[upkeep]
|-damage|p1a: Rotom|59/100|[from] Sandstorm
|-damage|p2a: Chansey|75/100|[from] Sandstorm
|-heal|p1a: Rotom|66/100|[from] item: Leftovers
|upkeep
|turn|49
|
|t:|1730559619
|switch|p1a: Excadrill|Excadrill, F|75/100
|-damage|p1a: Excadrill|72/100|[from] Stealth Rock
|move|p2a: Chansey|Seismic Toss|p1a: Excadrill
|-damage|p1a: Excadrill|45/100
|
|-weather|Sandstorm|[upkeep]
|-damage|p2a: Chansey|69/100|[from] Sandstorm
|-sideend|p1: aeger4321|move: Light Screen
|upkeep
|turn|50
|
|t:|1730559629
|switch|p2a: Donphan|Donphan, F|91/100
|move|p1a: Excadrill|Rapid Spin|p2a: Donphan
|-damage|p2a: Donphan|87/100
|-sideend|p1: aeger4321|Stealth Rock|[from] move: Rapid Spin|[of] p1a: Excadrill
|
|-weather|Sandstorm|[upkeep]
|-heal|p2a: Donphan|93/100|[from] item: Leftovers
|upkeep
|turn|51
|
|t:|1730559638
|switch|p1a: Gay|Gliscor, F, shiny|58/100 tox
|move|p2a: Donphan|Toxic|p1a: Gay
|-fail|p1a: Gay|tox
|
|-weather|Sandstorm|[upkeep]
|-heal|p2a: Donphan|99/100|[from] item: Leftovers
|-heal|p1a: Gay|70/100 tox|[from] ability: Poison Heal
|upkeep
|turn|52
|
|t:|1730559645
|move|p2a: Donphan|Protect|p2a: Donphan
|-singleturn|p2a: Donphan|Protect
|move|p1a: Gay|Toxic|p2a: Donphan
|-activate|p2a: Donphan|move: Protect
|
|-weather|Sandstorm|[upkeep]
|-heal|p2a: Donphan|100/100|[from] item: Leftovers
|-heal|p1a: Gay|83/100 tox|[from] ability: Poison Heal
|upkeep
|turn|53
|
|t:|1730559654
|switch|p2a: Chansey|Chansey, F|69/100
|move|p1a: Gay|Substitute|p1a: Gay
|-start|p1a: Gay|Substitute
|-damage|p1a: Gay|58/100 tox
|
|-weather|Sandstorm|[upkeep]
|-damage|p2a: Chansey|63/100|[from] Sandstorm
|-heal|p1a: Gay|70/100 tox|[from] ability: Poison Heal
|upkeep
|turn|54
|
|t:|1730559662
|move|p1a: Gay|Earthquake|p2a: Chansey
|-damage|p2a: Chansey|41/100
|move|p2a: Chansey|Stealth Rock|p1a: Gay
|-sidestart|p1: aeger4321|move: Stealth Rock
|
|-weather|Sandstorm|[upkeep]
|-damage|p2a: Chansey|35/100|[from] Sandstorm
|-heal|p1a: Gay|83/100 tox|[from] ability: Poison Heal
|upkeep
|turn|55
|
|t:|1730559666
|switch|p1a: Excadrill|Excadrill, F|45/100
|-damage|p1a: Excadrill|41/100|[from] Stealth Rock
|move|p2a: Chansey|Soft-Boiled|p2a: Chansey
|-heal|p2a: Chansey|85/100
|
|-weather|Sandstorm|[upkeep]
|-damage|p2a: Chansey|79/100|[from] Sandstorm
|upkeep
|turn|56
|
|t:|1730559672
|move|p1a: Excadrill|Rapid Spin|p2a: Chansey
|-damage|p2a: Chansey|74/100
|-sideend|p1: aeger4321|Stealth Rock|[from] move: Rapid Spin|[of] p1a: Excadrill
|move|p2a: Chansey|Seismic Toss|p1a: Excadrill
|-damage|p1a: Excadrill|14/100
|
|-weather|Sandstorm|[upkeep]
|-damage|p2a: Chansey|68/100|[from] Sandstorm
|upkeep
|turn|57
|
|t:|1730559676
|switch|p2a: Donphan|Donphan, F|100/100
|move|p1a: Excadrill|Iron Head|p2a: Donphan
|-damage|p2a: Donphan|70/100
|
|-weather|Sandstorm|[upkeep]
|-heal|p2a: Donphan|76/100|[from] item: Leftovers
|upkeep
|turn|58
|
|t:|1730559695
|move|p2a: Donphan|Protect|p2a: Donphan
|-singleturn|p2a: Donphan|Protect
|move|p1a: Excadrill|Earthquake|p2a: Donphan
|-activate|p2a: Donphan|move: Protect
|
|-weather|Sandstorm|[upkeep]
|-heal|p2a: Donphan|82/100|[from] item: Leftovers
|upkeep
|turn|59
|
|t:|1730559700
|move|p1a: Excadrill|Earthquake|p2a: Donphan
|-damage|p2a: Donphan|43/100
|move|p2a: Donphan|Earthquake|p1a: Excadrill
|-supereffective|p1a: Excadrill
|-damage|p1a: Excadrill|0 fnt
|faint|p1a: Excadrill
|
|-weather|Sandstorm|[upkeep]
|-heal|p2a: Donphan|49/100|[from] item: Leftovers
|upkeep
|
|t:|1730559711
|switch|p1a: Gay|Gliscor, F, shiny|83/100 tox
|turn|60
|
|t:|1730559716
|switch|p1a: Scizor|Scizor, F|21/100
|move|p2a: Donphan|Protect||[still]
|-fail|p2a: Donphan
|
|-weather|Sandstorm|[upkeep]
|-heal|p2a: Donphan|56/100|[from] item: Leftovers
|upkeep
|turn|61
|
|t:|1730559724
|switch|p1a: Latios|Latios, M|100/100
|move|p2a: Donphan|Earthquake|p1a: Latios
|-immune|p1a: Latios|[from] ability: Levitate
|
|-weather|Sandstorm|[upkeep]
|-damage|p1a: Latios|95/100|[from] Sandstorm
|-heal|p2a: Donphan|62/100|[from] item: Leftovers
|upkeep
|turn|62
|
|t:|1730559728
|move|p2a: Donphan|Protect|p2a: Donphan
|-singleturn|p2a: Donphan|Protect
|move|p1a: Latios|Draco Meteor|p2a: Donphan
|-activate|p2a: Donphan|move: Protect
|
|-weather|Sandstorm|[upkeep]
|-damage|p1a: Latios|89/100|[from] Sandstorm
|-heal|p2a: Donphan|68/100|[from] item: Leftovers
|upkeep
|turn|63
|
|t:|1730559737
|switch|p2a: Heatran|Heatran, M|76/100
|move|p1a: Latios|Draco Meteor|p2a: Heatran
|-resisted|p2a: Heatran
|-damage|p2a: Heatran|44/100
|-unboost|p1a: Latios|spa|2
|
|-weather|Sandstorm|[upkeep]
|-damage|p1a: Latios|83/100|[from] Sandstorm
|-heal|p2a: Heatran|50/100|[from] item: Leftovers
|upkeep
|turn|64
|
|t:|1730559744
|switch|p1a: Rotom|Rotom-Wash|66/100
|move|p2a: Heatran|Substitute|p2a: Heatran
|-start|p2a: Heatran|Substitute
|-damage|p2a: Heatran|26/100
|
|-weather|Sandstorm|[upkeep]
|-damage|p1a: Rotom|59/100|[from] Sandstorm
|-heal|p1a: Rotom|66/100|[from] item: Leftovers
|-heal|p2a: Heatran|32/100|[from] item: Leftovers
|upkeep
|turn|65
|
|t:|1730559749
|move|p1a: Rotom|Light Screen|p1a: Rotom
|-sidestart|p1: aeger4321|move: Light Screen
|move|p2a: Heatran|Magma Storm|p1a: Rotom
|-resisted|p1a: Rotom
|-damage|p1a: Rotom|56/100
|-activate|p1a: Rotom|move: Magma Storm|[of] p2a: Heatran
|
|-weather|Sandstorm|[upkeep]
|-damage|p1a: Rotom|50/100|[from] Sandstorm
|-heal|p1a: Rotom|56/100|[from] item: Leftovers
|-heal|p2a: Heatran|38/100|[from] item: Leftovers
|-damage|p1a: Rotom|50/100|[from] move: Magma Storm|[partiallytrapped]
|upkeep
|turn|66
|
|t:|1730559761
|move|p2a: Heatran|Protect|p2a: Heatran
|-singleturn|p2a: Heatran|Protect
|move|p1a: Rotom|Hydro Pump|p2a: Heatran
|-activate|p2a: Heatran|move: Protect
|
|-weather|Sandstorm|[upkeep]
|-damage|p1a: Rotom|44/100|[from] Sandstorm
|-heal|p1a: Rotom|50/100|[from] item: Leftovers
|-heal|p2a: Heatran|44/100|[from] item: Leftovers
|-damage|p1a: Rotom|44/100|[from] move: Magma Storm|[partiallytrapped]
|upkeep
|turn|67
|
|t:|1730559788
|move|p1a: Rotom|Hydro Pump|p2a: Heatran
|-supereffective|p2a: Heatran
|-end|p2a: Heatran|Substitute
|move|p2a: Heatran|Substitute|p2a: Heatran
|-start|p2a: Heatran|Substitute
|-damage|p2a: Heatran|19/100
|
|-weather|Sandstorm|[upkeep]
|-damage|p1a: Rotom|38/100|[from] Sandstorm
|-heal|p1a: Rotom|44/100|[from] item: Leftovers
|-heal|p2a: Heatran|26/100|[from] item: Leftovers
|-damage|p1a: Rotom|38/100|[from] move: Magma Storm|[partiallytrapped]
|upkeep
|turn|68
|
|t:|1730559799
|move|p2a: Heatran|Protect|p2a: Heatran
|-singleturn|p2a: Heatran|Protect
|move|p1a: Rotom|Hydro Pump|p2a: Heatran
|-activate|p2a: Heatran|move: Protect
|
|-weather|Sandstorm|[upkeep]
|-damage|p1a: Rotom|31/100|[from] Sandstorm
|-heal|p1a: Rotom|38/100|[from] item: Leftovers
|-heal|p2a: Heatran|32/100|[from] item: Leftovers
|-damage|p1a: Rotom|31/100|[from] move: Magma Storm|[partiallytrapped]
|upkeep
|turn|69
|
|t:|1730559808
|move|p1a: Rotom|Hydro Pump|p2a: Heatran
|-supereffective|p2a: Heatran
|-end|p2a: Heatran|Substitute
|move|p2a: Heatran|Substitute|p2a: Heatran
|-start|p2a: Heatran|Substitute
|-damage|p2a: Heatran|7/100
|
|-weather|Sandstorm|[upkeep]
|-damage|p1a: Rotom|25/100|[from] Sandstorm
|-heal|p1a: Rotom|31/100|[from] item: Leftovers
|-heal|p2a: Heatran|13/100|[from] item: Leftovers
|-end|p1a: Rotom|Magma Storm|[partiallytrapped]
|-sideend|p1: aeger4321|move: Light Screen
|upkeep
|turn|70
|
|t:|1730559814
|move|p2a: Heatran|Protect|p2a: Heatran
|-singleturn|p2a: Heatran|Protect
|move|p1a: Rotom|Light Screen|p1a: Rotom
|-sidestart|p1: aeger4321|move: Light Screen
|
|-weather|Sandstorm|[upkeep]
|-damage|p1a: Rotom|25/100|[from] Sandstorm
|-heal|p1a: Rotom|31/100|[from] item: Leftovers
|-heal|p2a: Heatran|19/100|[from] item: Leftovers
|upkeep
|turn|71
|
|t:|1730559819
|move|p1a: Rotom|Hydro Pump|p2a: Heatran
|-supereffective|p2a: Heatran
|-end|p2a: Heatran|Substitute
|move|p2a: Heatran|Magma Storm|p1a: Rotom
|-resisted|p1a: Rotom
|-damage|p1a: Rotom|22/100
|-activate|p1a: Rotom|move: Magma Storm|[of] p2a: Heatran
|
|-weather|Sandstorm|[upkeep]
|-damage|p1a: Rotom|16/100|[from] Sandstorm
|-heal|p1a: Rotom|22/100|[from] item: Leftovers
|-heal|p2a: Heatran|26/100|[from] item: Leftovers
|-damage|p1a: Rotom|16/100|[from] move: Magma Storm|[partiallytrapped]
|upkeep
|turn|72
|
|t:|1730559831
|switch|p2a: Chansey|Chansey, F|68/100
|move|p1a: Rotom|Thunderbolt|p2a: Chansey
|-damage|p2a: Chansey|59/100
|
|-weather|Sandstorm|[upkeep]
|-damage|p1a: Rotom|10/100|[from] Sandstorm
|-damage|p2a: Chansey|53/100|[from] Sandstorm
|-heal|p1a: Rotom|16/100|[from] item: Leftovers
|upkeep
|turn|73
|
|t:|1730559842
|switch|p1a: Scizor|Scizor, F|21/100
|move|p2a: Chansey|Seismic Toss|p1a: Scizor
|-damage|p1a: Scizor|0 fnt
|faint|p1a: Scizor
|
|-weather|Sandstorm|[upkeep]
|-damage|p2a: Chansey|46/100|[from] Sandstorm
|upkeep
|
|t:|1730559847
|switch|p1a: Latios|Latios, M|83/100
|turn|74
|
|t:|1730559857
|switch|p2a: Heatran|Heatran, M|26/100
|move|p1a: Latios|Draco Meteor|p2a: Heatran
|-resisted|p2a: Heatran
|-damage|p2a: Heatran|0 fnt
|-unboost|p1a: Latios|spa|2
|faint|p2a: Heatran
|
|-weather|Sandstorm|[upkeep]
|-damage|p1a: Latios|77/100|[from] Sandstorm
|-sideend|p1: aeger4321|move: Light Screen
|upkeep
|
|t:|1730559862
|switch|p2a: Chansey|Chansey, F|46/100
|turn|75
|
|t:|1730559867
|switch|p1a: Rotom|Rotom-Wash|16/100
|move|p2a: Chansey|Soft-Boiled|p2a: Chansey
|-heal|p2a: Chansey|97/100
|
|-weather|Sandstorm|[upkeep]
|-damage|p1a: Rotom|10/100|[from] Sandstorm
|-damage|p2a: Chansey|90/100|[from] Sandstorm
|-heal|p1a: Rotom|16/100|[from] item: Leftovers
|upkeep
|turn|76
|
|t:|1730559879
|move|p1a: Rotom|Light Screen|p1a: Rotom
|-sidestart|p1: aeger4321|move: Light Screen
|move|p2a: Chansey|Stealth Rock|p1a: Rotom
|-sidestart|p1: aeger4321|move: Stealth Rock
|
|-weather|Sandstorm|[upkeep]
|-damage|p1a: Rotom|10/100|[from] Sandstorm
|-damage|p2a: Chansey|84/100|[from] Sandstorm
|-heal|p1a: Rotom|16/100|[from] item: Leftovers
|upkeep
|turn|77
|
|t:|1730559884
|move|p1a: Rotom|Thunder Wave|p2a: Chansey
|-status|p2a: Chansey|par
|move|p2a: Chansey|Seismic Toss|p1a: Rotom
|-damage|p1a: Rotom|0 fnt
|faint|p1a: Rotom
|
|-weather|Sandstorm|[upkeep]
|-damage|p2a: Chansey|78/100 par|[from] Sandstorm
|upkeep
|
|t:|1730559890
|switch|p1a: Gay|Gliscor, F, shiny|83/100 tox
|-damage|p1a: Gay|70/100 tox|[from] Stealth Rock
|turn|78
|
|t:|1730559895
|-curestatus|p2a: Chansey|par|[from] ability: Natural Cure
|switch|p2a: Donphan|Donphan, F|68/100
|move|p1a: Gay|Earthquake|p2a: Donphan
|-damage|p2a: Donphan|49/100
|
|-weather|Sandstorm|[upkeep]
|-heal|p2a: Donphan|56/100|[from] item: Leftovers
|-heal|p1a: Gay|83/100 tox|[from] ability: Poison Heal
|upkeep
|turn|79
|
|t:|1730559902
|move|p2a: Donphan|Protect|p2a: Donphan
|-singleturn|p2a: Donphan|Protect
|move|p1a: Gay|Toxic|p2a: Donphan
|-activate|p2a: Donphan|move: Protect
|
|-weather|Sandstorm|[upkeep]
|-heal|p2a: Donphan|62/100|[from] item: Leftovers
|-heal|p1a: Gay|95/100 tox|[from] ability: Poison Heal
|upkeep
|turn|80
|
|t:|1730559918
|switch|p2a: Chansey|Chansey, F|78/100
|move|p1a: Gay|Toxic|p2a: Chansey
|-status|p2a: Chansey|tox
|
|-weather|Sandstorm|[upkeep]
|-damage|p2a: Chansey|72/100 tox|[from] Sandstorm
|-heal|p1a: Gay|100/100 tox|[from] ability: Poison Heal
|-damage|p2a: Chansey|66/100 tox|[from] psn
|-sideend|p1: aeger4321|move: Light Screen
|upkeep
|turn|81
|
|t:|1730559922
|-curestatus|p2a: Chansey|tox|[from] ability: Natural Cure
|switch|p2a: Donphan|Donphan, F|62/100
|move|p1a: Gay|Substitute|p1a: Gay
|-start|p1a: Gay|Substitute
|-damage|p1a: Gay|76/100 tox
|
|-weather|Sandstorm|[upkeep]
|-heal|p2a: Donphan|68/100|[from] item: Leftovers
|-heal|p1a: Gay|88/100 tox|[from] ability: Poison Heal
|upkeep
|turn|82
|
|t:|1730559928
|move|p2a: Donphan|Protect|p2a: Donphan
|-singleturn|p2a: Donphan|Protect
|move|p1a: Gay|Toxic|p2a: Donphan
|-activate|p2a: Donphan|move: Protect
|
|-weather|Sandstorm|[upkeep]
|-heal|p2a: Donphan|74/100|[from] item: Leftovers
|-heal|p1a: Gay|100/100 tox|[from] ability: Poison Heal
|upkeep
|turn|83
|
|t:|1730559938
|move|p1a: Gay|Earthquake|p2a: Donphan
|-damage|p2a: Donphan|55/100
|move|p2a: Donphan|Rapid Spin|p1a: Gay
|-activate|p1a: Gay|Substitute|[damage]
|
|-weather|Sandstorm|[upkeep]
|-heal|p2a: Donphan|62/100|[from] item: Leftovers
|upkeep
|turn|84
|c|☆aeger4321|awful
|
|t:|1730559952
|move|p2a: Donphan|Protect|p2a: Donphan
|-singleturn|p2a: Donphan|Protect
|move|p1a: Gay|Toxic|p2a: Donphan
|-activate|p2a: Donphan|move: Protect
|
|-weather|Sandstorm|[upkeep]
|-heal|p2a: Donphan|68/100|[from] item: Leftovers
|upkeep
|turn|85
|
|t:|1730559964
|move|p2a: Donphan|Protect||[still]
|-fail|p2a: Donphan
|move|p1a: Gay|Toxic|p2a: Donphan
|-status|p2a: Donphan|tox
|
|-weather|Sandstorm|[upkeep]
|-heal|p2a: Donphan|74/100 tox|[from] item: Leftovers
|-damage|p2a: Donphan|68/100 tox|[from] psn
|upkeep
|turn|86
|
|t:|1730559970
|switch|p2a: Chansey|Chansey, F|66/100
|move|p1a: Gay|Protect||[still]
|-fail|p1a: Gay
|
|-weather|Sandstorm|[upkeep]
|-damage|p2a: Chansey|60/100|[from] Sandstorm
|upkeep
|turn|87
|
|t:|1730559976
|switch|p1a: Latios|Latios, M|77/100
|-damage|p1a: Latios|64/100|[from] Stealth Rock
|move|p2a: Chansey|Heal Bell|p2a: Chansey
|-activate|p2a: Chansey|move: Heal Bell
|-curestatus|p2: Donphan|tox|[msg]
|
|-weather|Sandstorm|[upkeep]
|-damage|p1a: Latios|58/100|[from] Sandstorm
|-damage|p2a: Chansey|54/100|[from] Sandstorm
|upkeep
|turn|88
|
|t:|1730559986
|move|p1a: Latios|Draco Meteor|p2a: Chansey|[miss]
|-miss|p1a: Latios|p2a: Chansey
|move|p2a: Chansey|Soft-Boiled|p2a: Chansey
|-heal|p2a: Chansey|100/100
|
|-weather|Sandstorm|[upkeep]
|-damage|p1a: Latios|52/100|[from] Sandstorm
|-damage|p2a: Chansey|94/100|[from] Sandstorm
|upkeep
|turn|89
|
|t:|1730559999
|move|p1a: Latios|Draco Meteor|p2a: Chansey
|-damage|p2a: Chansey|63/100
|-unboost|p1a: Latios|spa|2
|move|p2a: Chansey|Seismic Toss|p1a: Latios
|-damage|p1a: Latios|19/100
|
|-weather|Sandstorm|[upkeep]
|-damage|p1a: Latios|13/100|[from] Sandstorm
|-damage|p2a: Chansey|57/100|[from] Sandstorm
|upkeep
|turn|90
|
|t:|1730560005
|switch|p1a: Gay|Gliscor, F, shiny|100/100 tox
|-damage|p1a: Gay|88/100 tox|[from] Stealth Rock
|move|p2a: Chansey|Soft-Boiled|p2a: Chansey
|-heal|p2a: Chansey|100/100
|
|-weather|Sandstorm|[upkeep]
|-damage|p2a: Chansey|94/100|[from] Sandstorm
|-heal|p1a: Gay|100/100 tox|[from] ability: Poison Heal
|upkeep
|turn|91
|
|t:|1730560011
|move|p1a: Gay|Earthquake|p2a: Chansey
|-damage|p2a: Chansey|75/100
|move|p2a: Chansey|Seismic Toss|p1a: Gay
|-damage|p1a: Gay|72/100 tox
|
|-weather|Sandstorm|[upkeep]
|-damage|p2a: Chansey|69/100|[from] Sandstorm
|-heal|p1a: Gay|85/100 tox|[from] ability: Poison Heal
|upkeep
|turn|92
|
|t:|1730560018
|move|p1a: Gay|Toxic|p2a: Chansey
|-status|p2a: Chansey|tox
|move|p2a: Chansey|Soft-Boiled|p2a: Chansey
|-heal|p2a: Chansey|100/100 tox
|
|-weather|Sandstorm|[upkeep]
|-damage|p2a: Chansey|94/100 tox|[from] Sandstorm
|-heal|p1a: Gay|97/100 tox|[from] ability: Poison Heal
|-damage|p2a: Chansey|88/100 tox|[from] psn
|upkeep
|turn|93
|
|t:|1730560025
|-curestatus|p2a: Chansey|tox|[from] ability: Natural Cure
|switch|p2a: Donphan|Donphan, F|68/100
|move|p1a: Gay|Substitute|p1a: Gay
|-start|p1a: Gay|Substitute
|-damage|p1a: Gay|72/100 tox
|
|-weather|Sandstorm|[upkeep]
|-heal|p2a: Donphan|74/100|[from] item: Leftovers
|-heal|p1a: Gay|85/100 tox|[from] ability: Poison Heal
|upkeep
|turn|94
|
|t:|1730560041
|move|p1a: Gay|Toxic|p2a: Donphan
|-status|p2a: Donphan|tox
|move|p2a: Donphan|Rapid Spin|p1a: Gay
|-activate|p1a: Gay|Substitute|[damage]
|
|-weather|Sandstorm|[upkeep]
|-heal|p2a: Donphan|80/100 tox|[from] item: Leftovers
|-heal|p1a: Gay|97/100 tox|[from] ability: Poison Heal
|-damage|p2a: Donphan|74/100 tox|[from] psn
|upkeep
|turn|95
|
|t:|1730560048
|switch|p2a: Chansey|Chansey, F|88/100
|move|p1a: Gay|Earthquake|p2a: Chansey
|-damage|p2a: Chansey|67/100
|
|-weather|Sandstorm|[upkeep]
|-damage|p2a: Chansey|61/100|[from] Sandstorm
|-heal|p1a: Gay|100/100 tox|[from] ability: Poison Heal
|upkeep
|turn|96
|
|t:|1730560056
|move|p1a: Gay|Substitute|p1a: Gay
|-fail|p1a: Gay|move: Substitute
|move|p2a: Chansey|Heal Bell|p2a: Chansey
|-activate|p2a: Chansey|move: Heal Bell
|-curestatus|p2: Donphan|tox|[msg]
|
|-weather|Sandstorm|[upkeep]
|-damage|p2a: Chansey|55/100|[from] Sandstorm
|upkeep
|turn|97
|
|t:|1730560059
|move|p1a: Gay|Protect|p1a: Gay
|-singleturn|p1a: Gay|Protect
|move|p2a: Chansey|Soft-Boiled|p2a: Chansey
|-heal|p2a: Chansey|100/100
|
|-weather|Sandstorm|[upkeep]
|-damage|p2a: Chansey|94/100|[from] Sandstorm
|upkeep
|turn|98
|
|t:|1730560064
|move|p1a: Gay|Protect|p1a: Gay
|-singleturn|p1a: Gay|Protect
|move|p2a: Chansey|Seismic Toss|p1a: Gay
|-activate|p1a: Gay|move: Protect
|
|-weather|Sandstorm|[upkeep]
|-damage|p2a: Chansey|88/100|[from] Sandstorm
|upkeep
|turn|99
|
|t:|1730560069
|move|p1a: Gay|Toxic|p2a: Chansey
|-status|p2a: Chansey|tox
|move|p2a: Chansey|Seismic Toss|p1a: Gay
|-end|p1a: Gay|Substitute
|
|-weather|Sandstorm|[upkeep]
|-damage|p2a: Chansey|82/100 tox|[from] Sandstorm
|-damage|p2a: Chansey|76/100 tox|[from] psn
|upkeep
|turn|100
|
|t:|1730560072
|switch|p1a: Latios|Latios, M|13/100
|-damage|p1a: Latios|1/100|[from] Stealth Rock
|-curestatus|p2a: Chansey|tox|[from] ability: Natural Cure
|switch|p2a: Donphan|Donphan, F|74/100
|
|-weather|Sandstorm|[upkeep]
|-damage|p1a: Latios|0 fnt|[from] Sandstorm
|faint|p1a: Latios
|-heal|p2a: Donphan|80/100|[from] item: Leftovers
|upkeep
|
|t:|1730560074
|switch|p1a: Gay|Gliscor, F, shiny|100/100 tox
|-damage|p1a: Gay|88/100 tox|[from] Stealth Rock
|turn|101
|
|t:|1730560079
|move|p2a: Donphan|Protect|p2a: Donphan
|-singleturn|p2a: Donphan|Protect
|move|p1a: Gay|Toxic|p2a: Donphan
|-activate|p2a: Donphan|move: Protect
|
|-weather|Sandstorm|[upkeep]
|-heal|p2a: Donphan|87/100|[from] item: Leftovers
|-heal|p1a: Gay|100/100 tox|[from] ability: Poison Heal
|upkeep
|turn|102
|
|t:|1730560086
|switch|p2a: Chansey|Chansey, F|76/100
|move|p1a: Gay|Earthquake|p2a: Chansey
|-damage|p2a: Chansey|55/100
|
|-weather|Sandstorm|[upkeep]
|-damage|p2a: Chansey|49/100|[from] Sandstorm
|upkeep
|turn|103
|
|t:|1730560090
|move|p1a: Gay|Toxic|p2a: Chansey
|-status|p2a: Chansey|tox
|move|p2a: Chansey|Soft-Boiled|p2a: Chansey
|-heal|p2a: Chansey|99/100 tox
|
|-weather|Sandstorm|[upkeep]
|-damage|p2a: Chansey|93/100 tox|[from] Sandstorm
|-damage|p2a: Chansey|86/100 tox|[from] psn
|upkeep
|turn|104
|
|t:|1730560097
|-curestatus|p2a: Chansey|tox|[from] ability: Natural Cure
|switch|p2a: Donphan|Donphan, F|87/100
|move|p1a: Gay|Substitute|p1a: Gay
|-start|p1a: Gay|Substitute
|-damage|p1a: Gay|76/100 tox
|
|-weather|Sandstorm|[upkeep]
|-heal|p2a: Donphan|93/100|[from] item: Leftovers
|-heal|p1a: Gay|88/100 tox|[from] ability: Poison Heal
|upkeep
|turn|105
|
|t:|1730560104
|move|p2a: Donphan|Protect|p2a: Donphan
|-singleturn|p2a: Donphan|Protect
|move|p1a: Gay|Toxic|p2a: Donphan
|-activate|p2a: Donphan|move: Protect
|
|-weather|Sandstorm|[upkeep]
|-heal|p2a: Donphan|99/100|[from] item: Leftovers
|-heal|p1a: Gay|100/100 tox|[from] ability: Poison Heal
|upkeep
|turn|106
|
|t:|1730560111
|move|p1a: Gay|Protect|p1a: Gay
|-singleturn|p1a: Gay|Protect
|move|p2a: Donphan|Rapid Spin|p1a: Gay
|-activate|p1a: Gay|move: Protect
|
|-weather|Sandstorm|[upkeep]
|-heal|p2a: Donphan|100/100|[from] item: Leftovers
|upkeep
|turn|107
|
|t:|1730560115
|move|p1a: Gay|Substitute|p1a: Gay
|-fail|p1a: Gay|move: Substitute
|move|p2a: Donphan|Rapid Spin|p1a: Gay
|-activate|p1a: Gay|Substitute|[damage]
|
|-weather|Sandstorm|[upkeep]
|upkeep
|turn|108
|
|t:|1730560116
|move|p1a: Gay|Protect|p1a: Gay
|-singleturn|p1a: Gay|Protect
|move|p2a: Donphan|Rapid Spin|p1a: Gay
|-activate|p1a: Gay|move: Protect
|
|-weather|Sandstorm|[upkeep]
|upkeep
|turn|109
|
|t:|1730560120
|move|p1a: Gay|Substitute|p1a: Gay
|-fail|p1a: Gay|move: Substitute
|move|p2a: Donphan|Rapid Spin|p1a: Gay
|-activate|p1a: Gay|Substitute|[damage]
|
|-weather|Sandstorm|[upkeep]
|upkeep
|turn|110
|
|t:|1730560123
|move|p1a: Gay|Protect|p1a: Gay
|-singleturn|p1a: Gay|Protect
|move|p2a: Donphan|Rapid Spin|p1a: Gay
|-activate|p1a: Gay|move: Protect
|
|-weather|Sandstorm|[upkeep]
|upkeep
|turn|111
|
|t:|1730560125
|move|p1a: Gay|Substitute|p1a: Gay
|-fail|p1a: Gay|move: Substitute
|move|p2a: Donphan|Rapid Spin|p1a: Gay
|-activate|p1a: Gay|Substitute|[damage]
|
|-weather|Sandstorm|[upkeep]
|upkeep
|turn|112
|
|t:|1730560130
|move|p1a: Gay|Substitute|p1a: Gay
|-fail|p1a: Gay|move: Substitute
|move|p2a: Donphan|Rapid Spin|p1a: Gay
|-activate|p1a: Gay|Substitute|[damage]
|
|-weather|Sandstorm|[upkeep]
|upkeep
|turn|113
|
|t:|1730560132
|move|p1a: Gay|Protect|p1a: Gay
|-singleturn|p1a: Gay|Protect
|move|p2a: Donphan|Rapid Spin|p1a: Gay
|-activate|p1a: Gay|move: Protect
|
|-weather|Sandstorm|[upkeep]
|upkeep
|turn|114
|
|t:|1730560134
|move|p1a: Gay|Substitute|p1a: Gay
|-fail|p1a: Gay|move: Substitute
|move|p2a: Donphan|Rapid Spin|p1a: Gay
|-activate|p1a: Gay|Substitute|[damage]
|
|-weather|Sandstorm|[upkeep]
|upkeep
|turn|115
|
|t:|1730560137
|move|p1a: Gay|Protect|p1a: Gay
|-singleturn|p1a: Gay|Protect
|move|p2a: Donphan|Rapid Spin|p1a: Gay
|-activate|p1a: Gay|move: Protect
|
|-weather|Sandstorm|[upkeep]
|upkeep
|turn|116
|
|t:|1730560142
|move|p1a: Gay|Protect||[still]
|-fail|p1a: Gay
|move|p2a: Donphan|Rapid Spin|p1a: Gay
|-activate|p1a: Gay|Substitute|[damage]
|
|-weather|Sandstorm|[upkeep]
|upkeep
|turn|117
|
|t:|1730560144
|move|p1a: Gay|Earthquake|p2a: Donphan
|-damage|p2a: Donphan|81/100
|move|p2a: Donphan|Rapid Spin|p1a: Gay
|-end|p1a: Gay|Substitute
|
|-weather|Sandstorm|[upkeep]
|-heal|p2a: Donphan|88/100|[from] item: Leftovers
|upkeep
|turn|118
|
|t:|1730560150
|move|p2a: Donphan|Protect|p2a: Donphan
|-singleturn|p2a: Donphan|Protect
|move|p1a: Gay|Substitute|p1a: Gay
|-start|p1a: Gay|Substitute
|-damage|p1a: Gay|76/100 tox
|
|-weather|Sandstorm|[upkeep]
|-heal|p2a: Donphan|94/100|[from] item: Leftovers
|-heal|p1a: Gay|88/100 tox|[from] ability: Poison Heal
|upkeep
|turn|119
|
|t:|1730560153
|move|p1a: Gay|Protect|p1a: Gay
|-singleturn|p1a: Gay|Protect
|move|p2a: Donphan|Rapid Spin|p1a: Gay
|-activate|p1a: Gay|move: Protect
|
|-weather|Sandstorm|[upkeep]
|-heal|p2a: Donphan|99/100|[from] item: Leftovers
|-heal|p1a: Gay|100/100 tox|[from] ability: Poison Heal
|upkeep
|turn|120
|
|t:|1730560157
|move|p1a: Gay|Protect||[still]
|-fail|p1a: Gay
|move|p2a: Donphan|Rapid Spin|p1a: Gay
|-activate|p1a: Gay|Substitute|[damage]
|
|-weather|Sandstorm|[upkeep]
|-heal|p2a: Donphan|100/100|[from] item: Leftovers
|upkeep
|turn|121
|
|t:|1730560159
|move|p1a: Gay|Protect|p1a: Gay
|-singleturn|p1a: Gay|Protect
|move|p2a: Donphan|Rapid Spin|p1a: Gay
|-activate|p1a: Gay|move: Protect
|
|-weather|Sandstorm|[upkeep]
|upkeep
|turn|122
|
|t:|1730560162
|move|p1a: Gay|Substitute|p1a: Gay
|-fail|p1a: Gay|move: Substitute
|move|p2a: Donphan|Rapid Spin|p1a: Gay
|-activate|p1a: Gay|Substitute|[damage]
|
|-weather|Sandstorm|[upkeep]
|upkeep
|turn|123
|
|t:|1730560164
|move|p1a: Gay|Earthquake|p2a: Donphan
|-damage|p2a: Donphan|81/100
|move|p2a: Donphan|Rapid Spin|p1a: Gay
|-activate|p1a: Gay|Substitute|[damage]
|
|-weather|Sandstorm|[upkeep]
|-heal|p2a: Donphan|87/100|[from] item: Leftovers
|upkeep
|turn|124
|
|t:|1730560168
|-activate|p1a: Gay|move: Struggle
|move|p1a: Gay|Struggle|p2a: Donphan
|-damage|p2a: Donphan|81/100
|-damage|p1a: Gay|75/100 tox|[from] recoil
|move|p2a: Donphan|Rapid Spin|p1a: Gay
|-activate|p1a: Gay|Substitute|[damage]
|
|-weather|Sandstorm|[upkeep]
|-heal|p2a: Donphan|87/100|[from] item: Leftovers
|-heal|p1a: Gay|88/100 tox|[from] ability: Poison Heal
|upkeep
|turn|125
|
|t:|1730560175
|-activate|p1a: Gay|move: Struggle
|move|p1a: Gay|Struggle|p2a: Donphan
|-damage|p2a: Donphan|81/100
|-damage|p1a: Gay|63/100 tox|[from] recoil
|move|p2a: Donphan|Rapid Spin|p1a: Gay
|-activate|p1a: Gay|Substitute|[damage]
|
|-weather|Sandstorm|[upkeep]
|-heal|p2a: Donphan|87/100|[from] item: Leftovers
|-heal|p1a: Gay|75/100 tox|[from] ability: Poison Heal
|upkeep
|turn|126
|
|t:|1730560178
|-activate|p1a: Gay|move: Struggle
|move|p1a: Gay|Struggle|p2a: Donphan
|-damage|p2a: Donphan|81/100
|-damage|p1a: Gay|50/100 tox|[from] recoil
|move|p2a: Donphan|Rapid Spin|p1a: Gay
|-activate|p1a: Gay|Substitute|[damage]
|
|-weather|Sandstorm|[upkeep]
|-heal|p2a: Donphan|87/100|[from] item: Leftovers
|-heal|p1a: Gay|62/100 tox|[from] ability: Poison Heal
|upkeep
|turn|127
|
|t:|1730560181
|-activate|p1a: Gay|move: Struggle
|move|p1a: Gay|Struggle|p2a: Donphan
|-damage|p2a: Donphan|81/100
|-damage|p1a: Gay|37/100 tox|[from] recoil
|move|p2a: Donphan|Rapid Spin|p1a: Gay
|-end|p1a: Gay|Substitute
|
|-weather|Sandstorm|[upkeep]
|-heal|p2a: Donphan|87/100|[from] item: Leftovers
|-heal|p1a: Gay|50/100 tox|[from] ability: Poison Heal
|upkeep
|turn|128
|
|t:|1730560185
|-activate|p1a: Gay|move: Struggle
|move|p1a: Gay|Struggle|p2a: Donphan
|-damage|p2a: Donphan|81/100
|-damage|p1a: Gay|25/100 tox|[from] recoil
|move|p2a: Donphan|Rapid Spin|p1a: Gay
|-damage|p1a: Gay|21/100 tox
|
|-weather|Sandstorm|[upkeep]
|-heal|p2a: Donphan|87/100|[from] item: Leftovers
|-heal|p1a: Gay|34/100 tox|[from] ability: Poison Heal
|upkeep
|turn|129
|
|t:|1730560189
|-activate|p1a: Gay|move: Struggle
|move|p1a: Gay|Struggle|p2a: Donphan
|-damage|p2a: Donphan|81/100
|-damage|p1a: Gay|8/100 tox|[from] recoil
|move|p2a: Donphan|Rapid Spin|p1a: Gay
|-crit|p1a: Gay
|-damage|p1a: Gay|2/100 tox
|
|-weather|Sandstorm|[upkeep]
|-heal|p2a: Donphan|87/100|[from] item: Leftovers
|-heal|p1a: Gay|14/100 tox|[from] ability: Poison Heal
|upkeep
|turn|130
|
|t:|1730560191
|-activate|p1a: Gay|move: Struggle
|move|p1a: Gay|Struggle|p2a: Donphan
|-damage|p2a: Donphan|81/100
|-damage|p1a: Gay|0 fnt|[from] recoil
|faint|p1a: Gay
|
|win|ReallyFunTeams
|raw|aeger4321's rating: 1313 &rarr; <strong>1303</strong><br />(-10 for losing)
|raw|ReallyFunTeams's rating: 1514 &rarr; <strong>1524</strong><br />(+10 for winning)
|c|☆aeger4321|i hate you
|l|☆aeger4321
|player|p1|
|c|☆ReallyFunTeams|:(
