|j|☆porrompompom
|j|☆grampspiggy
|player|p1|porrompompom|170|1604
|player|p2|grampspiggy|170|1437
|teamsize|p1|6
|teamsize|p2|6
|gametype|singles
|gen|5
|tier|[Gen 5] OU
|rated|
|clearpoke
|poke|p1|Hippowdon, F|item
|poke|p1|Forretress, F|item
|poke|p1|Chansey, F|item
|poke|p1|Jellicent, M|item
|poke|p1|Quagsire, M|item
|poke|p1|Xatu, F|item
|poke|p2|Abomasnow, M|item
|poke|p2|Volcarona, F|item
|poke|p2|Empoleon, M|item
|poke|p2|Mamoswine, M|item
|poke|p2|Starmie|item
|poke|p2|Kyurem|item
|rule|Species Clause: Limit one of each Pokémon
|rule|OHKO Clause: OHKO moves are banned
|rule|Moody Clause: Moody is banned
|rule|Evasion Moves Clause: Evasion moves are banned
|rule|Endless Battle Clause: Forcing endless battles is banned
|rule|HP Percentage Mod: HP is shown in percentages
|rule|Evasion Abilities Clause: Evasion abilities are banned
|rule|Baton Pass Clause: Limit one Baton Passer, can't pass Spe and other stats simultaneously
|rule|Sleep Clause: Sleep-inducing moves are banned
|rule|Swagger Clause: Swagger is banned
|teampreview
|
|start
|switch|p1a: Hippowdon|Hippowdon, F|100/100
|switch|p2a: Big Ed|Empoleon, M|100/100
|-weather|Sandstorm|[from] ability: Sand Stream|[of] p1a: Hippowdon
|turn|1
|
|switch|p1a: Jellicent|Jellicent, M|100/100
|move|p2a: Big Ed|Stealth Rock|p1a: Jellicent
|-sidestart|p1: porrompompom|move: Stealth Rock
|
|-weather|Sandstorm|[upkeep]
|-damage|p1a: Jellicent|94/100|[from] Sandstorm
|-heal|p1a: Jellicent|100/100|[from] item: Leftovers
|upkeep
|turn|2
|
|move|p1a: Jellicent|Will-O-Wisp|p2a: Big Ed|[miss]
|-miss|p1a: Jellicent|p2a: Big Ed
|move|p2a: Big Ed|Roar|p1a: Jellicent
|drag|p1a: Chansey|Chansey, F|100/100
|-damage|p1a: Chansey|88/100|[from] Stealth Rock
|
|-weather|Sandstorm|[upkeep]
|-damage|p1a: Chansey|82/100|[from] Sandstorm
|upkeep
|turn|3
|
|move|p1a: Chansey|Soft-Boiled|p1a: Chansey
|-heal|p1a: Chansey|100/100
|move|p2a: Big Ed|Roar|p1a: Chansey
|drag|p1a: Jellicent|Jellicent, M|100/100
|-damage|p1a: Jellicent|88/100|[from] Stealth Rock
|
|-weather|Sandstorm|[upkeep]
|-damage|p1a: Jellicent|82/100|[from] Sandstorm
|-heal|p1a: Jellicent|88/100|[from] item: Leftovers
|upkeep
|turn|4
|
|switch|p2a: Alyssa|Volcarona, F|100/100
|move|p1a: Jellicent|Will-O-Wisp|p2a: Alyssa
|-immune|p2a: Alyssa
|
|-weather|Sandstorm|[upkeep]
|-damage|p2a: Alyssa|94/100|[from] Sandstorm
|-damage|p1a: Jellicent|82/100|[from] Sandstorm
|-heal|p1a: Jellicent|88/100|[from] item: Leftovers
|upkeep
|turn|5
|
|switch|p1a: Chansey|Chansey, F|100/100
|-damage|p1a: Chansey|88/100|[from] Stealth Rock
|move|p2a: Alyssa|Quiver Dance|p2a: Alyssa
|-boost|p2a: Alyssa|spa|1
|-boost|p2a: Alyssa|spd|1
|-boost|p2a: Alyssa|spe|1
|
|-weather|Sandstorm|[upkeep]
|-damage|p2a: Alyssa|88/100|[from] Sandstorm
|-damage|p1a: Chansey|82/100|[from] Sandstorm
|upkeep
|turn|6
|
|move|p2a: Alyssa|Quiver Dance|p2a: Alyssa
|-boost|p2a: Alyssa|spa|1
|-boost|p2a: Alyssa|spd|1
|-boost|p2a: Alyssa|spe|1
|move|p1a: Chansey|Toxic|p2a: Alyssa
|-status|p2a: Alyssa|tox
|-enditem|p2a: Alyssa|Lum Berry|[eat]
|-curestatus|p2a: Alyssa|tox|[msg]
|
|-weather|Sandstorm|[upkeep]
|-damage|p2a: Alyssa|82/100|[from] Sandstorm
|-damage|p1a: Chansey|76/100|[from] Sandstorm
|upkeep
|turn|7
|
|move|p2a: Alyssa|Quiver Dance|p2a: Alyssa
|-boost|p2a: Alyssa|spa|1
|-boost|p2a: Alyssa|spd|1
|-boost|p2a: Alyssa|spe|1
|move|p1a: Chansey|Soft-Boiled|p1a: Chansey
|-heal|p1a: Chansey|100/100
|
|-weather|Sandstorm|[upkeep]
|-damage|p2a: Alyssa|76/100|[from] Sandstorm
|-damage|p1a: Chansey|94/100|[from] Sandstorm
|upkeep
|turn|8
|
|move|p2a: Alyssa|Bug Buzz|p1a: Chansey
|-damage|p1a: Chansey|60/100
|move|p1a: Chansey|Toxic|p2a: Alyssa|[miss]
|-miss|p1a: Chansey|p2a: Alyssa
|
|-weather|Sandstorm|[upkeep]
|-damage|p2a: Alyssa|70/100|[from] Sandstorm
|-damage|p1a: Chansey|54/100|[from] Sandstorm
|upkeep
|turn|9
|
|move|p2a: Alyssa|Fire Blast|p1a: Chansey
|-damage|p1a: Chansey|6/100
|move|p1a: Chansey|Soft-Boiled|p1a: Chansey
|-heal|p1a: Chansey|56/100
|
|-weather|Sandstorm|[upkeep]
|-damage|p2a: Alyssa|64/100|[from] Sandstorm
|-damage|p1a: Chansey|50/100|[from] Sandstorm
|upkeep
|turn|10
|
|move|p2a: Alyssa|Quiver Dance|p2a: Alyssa
|-boost|p2a: Alyssa|spa|1
|-boost|p2a: Alyssa|spd|1
|-boost|p2a: Alyssa|spe|1
|move|p1a: Chansey|Soft-Boiled|p1a: Chansey
|-heal|p1a: Chansey|99/100
|
|-weather|Sandstorm|[upkeep]
|-damage|p2a: Alyssa|58/100|[from] Sandstorm
|-damage|p1a: Chansey|94/100|[from] Sandstorm
|upkeep
|turn|11
|
|move|p2a: Alyssa|Fire Blast|p1a: Chansey
|-crit|p1a: Chansey
|-damage|p1a: Chansey|0 fnt
|faint|p1a: Chansey
|
|-weather|Sandstorm|[upkeep]
|-damage|p2a: Alyssa|52/100|[from] Sandstorm
|upkeep
|c|☆porrompompom|"g"g, or something like that
|c|☆grampspiggy|needed that sorry
|
|switch|p1a: Quagsire|Quagsire, M|100/100
|-damage|p1a: Quagsire|94/100|[from] Stealth Rock
|turn|12
|
|move|p2a: Alyssa|Giga Drain|p1a: Quagsire
|-supereffective|p1a: Quagsire
|-damage|p1a: Quagsire|0 fnt
|-heal|p2a: Alyssa|100/100|[from] drain|[of] p1a: Quagsire
|faint|p1a: Quagsire
|
|-weather|Sandstorm|[upkeep]
|-damage|p2a: Alyssa|94/100|[from] Sandstorm
|upkeep
|
|switch|p1a: Forretress|Forretress, F|100/100
|-damage|p1a: Forretress|88/100|[from] Stealth Rock
|turn|13
|
|move|p2a: Alyssa|Fire Blast|p1a: Forretress
|-supereffective|p1a: Forretress
|-damage|p1a: Forretress|0 fnt
|faint|p1a: Forretress
|
|-weather|Sandstorm|[upkeep]
|-damage|p2a: Alyssa|88/100|[from] Sandstorm
|upkeep
|
|switch|p1a: Jellicent|Jellicent, M|88/100
|-damage|p1a: Jellicent|76/100|[from] Stealth Rock
|turn|14
|
|move|p2a: Alyssa|Giga Drain|p1a: Jellicent
|-supereffective|p1a: Jellicent
|-damage|p1a: Jellicent|0 fnt
|-heal|p2a: Alyssa|100/100|[from] drain|[of] p1a: Jellicent
|faint|p1a: Jellicent
|
|-weather|Sandstorm|[upkeep]
|-damage|p2a: Alyssa|94/100|[from] Sandstorm
|upkeep
|
|switch|p1a: Hippowdon|Hippowdon, F|100/100
|-damage|p1a: Hippowdon|94/100|[from] Stealth Rock
|turn|15
|-message|porrompompom forfeited.
|
|win|grampspiggy
|l|☆porrompompom
|raw|porrompompom's rating: 1605 &rarr; <strong>1576</strong><br />(-29 for losing)
|raw|grampspiggy's rating: 1437 &rarr; <strong>1466</strong><br />(+29 for winning)
|j|☆porrompompom
|player|p1|porrompompom|170
