|j|☆chomp29
|j|☆JesusKun69
|t:|1736515083
|gametype|singles
|player|p1|chomp29|lucas|1543
|player|p2|JesusKun69|evelyn|1361
|teamsize|p1|6
|teamsize|p2|6
|gen|5
|tier|[Gen 5] OU
|rated|
|rule|Species Clause: Limit one of each Pokémon
|rule|OHKO Clause: OHKO moves are banned
|rule|Moody Clause: Moody is banned
|rule|Evasion Items Clause: Evasion items are banned
|rule|Evasion Moves Clause: Evasion moves are banned
|rule|Endless Battle Clause: Forcing endless battles is banned
|rule|HP Percentage Mod: HP is shown in percentages
|rule|Evasion Abilities Clause: Evasion abilities are banned
|rule|Sleep Moves Clause: Sleep-inducing moves are banned
|rule|Swagger Clause: Swagger is banned
|rule|Baton Pass Stat Clause: No Baton Passer may have a way to boost its stats
|clearpoke
|poke|p1|Alakazam, M|item
|poke|p1|Latias, F|item
|poke|p1|Rotom|item
|poke|p1|Garchomp, F|item
|poke|p1|Ferrothorn, F|item
|poke|p1|Reuniclus, F|item
|poke|p2|Shedinja|item
|poke|p2|Xatu, F|item
|poke|p2|Politoed, F|item
|poke|p2|Starmie|item
|poke|p2|Garchomp, M|item
|poke|p2|Landorus-Therian, M|item
|teampreview
|inactive|Battle timer is ON: inactive players will automatically lose when time's up. (requested by chomp29)
|inactive|chomp29 has 120 seconds left.
|
|t:|1736515118
|start
|switch|p1a: Rotom|Rotom|100/100
|switch|p2a: Politoed|Politoed, F|100/100
|-weather|RainDance|[from] ability: Drizzle|[of] p2a: Politoed
|turn|1
|
|t:|1736515133
|move|p2a: Politoed|Hydro Pump|p1a: Rotom
|-damage|p1a: Rotom|0 fnt
|faint|p1a: Rotom
|
|-weather|RainDance|[upkeep]
|upkeep
|inactive|chomp29 has 120 seconds left.
|
|t:|1736515169
|switch|p1a: Ferrothorn|Ferrothorn, F|100/100
|turn|2
|
|t:|1736515173
|switch|p2a: Xatu|Xatu, F|100/100
|switch|p1a: Garchomp|Garchomp, F|100/100
|
|-weather|RainDance|[upkeep]
|upkeep
|turn|3
|
|t:|1736515180
|move|p1a: Garchomp|Outrage|p2a: Xatu
|-damage|p2a: Xatu|37/100
|-damage|p1a: Garchomp|84/100|[from] item: Rocky Helmet|[of] p2a: Xatu
|move|p2a: Xatu|Reflect|p2a: Xatu
|-sidestart|p2: JesusKun69|Reflect
|
|-weather|RainDance|[upkeep]
|upkeep
|turn|4
|
|t:|1736515184
|move|p1a: Garchomp|Outrage|p2a: Xatu|[from]lockedmove
|-damage|p2a: Xatu|3/100
|-damage|p1a: Garchomp|67/100|[from] item: Rocky Helmet|[of] p2a: Xatu
|-start|p1a: Garchomp|confusion|[fatigue]
|move|p2a: Xatu|Roost|p2a: Xatu
|-heal|p2a: Xatu|53/100
|-singleturn|p2a: Xatu|move: Roost
|
|-weather|RainDance|[upkeep]
|upkeep
|turn|5
|
|t:|1736515191
|switch|p1a: Latias|Latias, F|100/100
|move|p2a: Xatu|U-turn|p1a: Latias
|-supereffective|p1a: Latias
|-damage|p1a: Latias|72/100
|
|t:|1736515204
|switch|p2a: Politoed|Politoed, F|100/100|[from] U-turn
|
|-weather|RainDance|[upkeep]
|upkeep
|turn|6
|
|t:|1736515209
|move|p1a: Latias|Calm Mind|p1a: Latias
|-boost|p1a: Latias|spa|1
|-boost|p1a: Latias|spd|1
|move|p2a: Politoed|Ice Beam|p1a: Latias
|-supereffective|p1a: Latias
|-damage|p1a: Latias|29/100
|
|-weather|RainDance|[upkeep]
|upkeep
|turn|7
|
|t:|1736515217
|switch|p2a: Garchomp|Garchomp, M|100/100
|move|p1a: Latias|Recover|p1a: Latias
|-heal|p1a: Latias|79/100
|
|-weather|RainDance|[upkeep]
|-sideend|p2: JesusKun69|Reflect
|upkeep
|turn|8
|
|t:|1736515222
|switch|p1a: Ferrothorn|Ferrothorn, F|100/100
|move|p2a: Garchomp|Outrage|p1a: Ferrothorn
|-resisted|p1a: Ferrothorn
|-damage|p1a: Ferrothorn|77/100
|-damage|p2a: Garchomp|88/100|[from] ability: Iron Barbs|[of] p1a: Ferrothorn
|
|-weather|RainDance|[upkeep]
|-heal|p1a: Ferrothorn|84/100|[from] item: Leftovers
|upkeep
|turn|9
|
|t:|1736515224
|move|p2a: Garchomp|Outrage|p1a: Ferrothorn|[from]lockedmove
|-resisted|p1a: Ferrothorn
|-damage|p1a: Ferrothorn|62/100
|-damage|p2a: Garchomp|76/100|[from] ability: Iron Barbs|[of] p1a: Ferrothorn
|move|p1a: Ferrothorn|Stealth Rock|p2a: Garchomp
|-sidestart|p2: JesusKun69|move: Stealth Rock
|
|-weather|RainDance|[upkeep]
|-heal|p1a: Ferrothorn|68/100|[from] item: Leftovers
|upkeep
|turn|10
|
|t:|1736515234
|move|p2a: Garchomp|Outrage|p1a: Ferrothorn|[from]lockedmove
|-resisted|p1a: Ferrothorn
|-damage|p1a: Ferrothorn|47/100
|-damage|p2a: Garchomp|64/100|[from] ability: Iron Barbs|[of] p1a: Ferrothorn
|-start|p2a: Garchomp|confusion|[fatigue]
|move|p1a: Ferrothorn|Spikes|p2a: Garchomp
|-sidestart|p2: JesusKun69|Spikes
|
|-weather|RainDance|[upkeep]
|-heal|p1a: Ferrothorn|54/100|[from] item: Leftovers
|upkeep
|turn|11
|
|t:|1736515245
|switch|p2a: Xatu|Xatu, F|53/100
|-damage|p2a: Xatu|28/100|[from] Stealth Rock
|switch|p1a: Alakazam|Alakazam, M|100/100
|
|-weather|RainDance|[upkeep]
|upkeep
|turn|12
|
|t:|1736515254
|move|p1a: Alakazam|Hidden Power|p2a: Xatu
|-supereffective|p2a: Xatu
|-damage|p2a: Xatu|0 fnt
|faint|p2a: Xatu
|
|-weather|RainDance|[upkeep]
|upkeep
|
|t:|1736515258
|switch|p2a: Garchomp|Garchomp, M|64/100
|-damage|p2a: Garchomp|57/100|[from] Stealth Rock
|-damage|p2a: Garchomp|45/100|[from] Spikes
|turn|13
|inactive|chomp29 has 120 seconds left.
|
|t:|1736515294
|switch|p1a: Ferrothorn|Ferrothorn, F|54/100
|move|p2a: Garchomp|Earthquake|p1a: Ferrothorn
|-damage|p1a: Ferrothorn|19/100
|
|-weather|RainDance|[upkeep]
|-heal|p1a: Ferrothorn|25/100|[from] item: Leftovers
|upkeep
|turn|14
|inactive|chomp29 has 120 seconds left.
|
|t:|1736515301
|move|p2a: Garchomp|Earthquake|p1a: Ferrothorn
|-damage|p1a: Ferrothorn|0 fnt
|faint|p1a: Ferrothorn
|
|-weather|RainDance|[upkeep]
|upkeep
|inactive|chomp29 has 120 seconds left.
|
|t:|1736515308
|switch|p1a: Alakazam|Alakazam, M|100/100
|turn|15
|
|t:|1736515321
|switch|p2a: Politoed|Politoed, F|100/100
|-damage|p2a: Politoed|88/100|[from] Stealth Rock
|-damage|p2a: Politoed|76/100|[from] Spikes
|move|p1a: Alakazam|Psychic|p2a: Politoed
|-damage|p2a: Politoed|22/100
|
|-weather|RainDance|[upkeep]
|upkeep
|turn|16
|
|t:|1736515327
|move|p1a: Alakazam|Psychic|p2a: Politoed
|-damage|p2a: Politoed|0 fnt
|faint|p2a: Politoed
|
|-weather|RainDance|[upkeep]
|upkeep
|
|t:|1736515329
|switch|p2a: Garchomp|Garchomp, M|45/100
|-damage|p2a: Garchomp|39/100|[from] Stealth Rock
|-damage|p2a: Garchomp|27/100|[from] Spikes
|turn|17
|
|t:|1736515342
|switch|p1a: Reuniclus|Reuniclus, F|100/100
|move|p2a: Garchomp|Dual Chop|p1a: Reuniclus
|-damage|p1a: Reuniclus|86/100
|-damage|p1a: Reuniclus|71/100
|-hitcount|p1a: Reuniclus|2
|
|-weather|RainDance|[upkeep]
|-heal|p1a: Reuniclus|77/100|[from] item: Leftovers
|upkeep
|turn|18
|
|t:|1736515372
|switch|p2a: Starmie|Starmie|100/100
|-damage|p2a: Starmie|88/100|[from] Stealth Rock
|-damage|p2a: Starmie|76/100|[from] Spikes
|move|p1a: Reuniclus|Psychic|p2a: Starmie
|-resisted|p2a: Starmie
|-damage|p2a: Starmie|47/100
|
|-weather|RainDance|[upkeep]
|-heal|p1a: Reuniclus|84/100|[from] item: Leftovers
|upkeep
|turn|19
|inactive|chomp29 has 120 seconds left.
|
|t:|1736515387
|switch|p1a: Garchomp|Garchomp, F|67/100
|move|p2a: Starmie|Rapid Spin|p1a: Garchomp
|-damage|p1a: Garchomp|62/100
|-damage|p2a: Starmie|35/100|[from] ability: Rough Skin|[of] p1a: Garchomp
|-sideend|p2: JesusKun69|Spikes|[from] move: Rapid Spin|[of] p2a: Starmie
|-sideend|p2: JesusKun69|Stealth Rock|[from] move: Rapid Spin|[of] p2a: Starmie
|-damage|p2a: Starmie|25/100|[from] item: Life Orb
|
|-weather|RainDance|[upkeep]
|upkeep
|turn|20
|
|t:|1736515395
|move|p1a: Garchomp|Stealth Rock|p2a: Starmie
|-sidestart|p2: JesusKun69|move: Stealth Rock
|move|p2a: Starmie|Ice Beam|p1a: Garchomp
|-supereffective|p1a: Garchomp
|-damage|p1a: Garchomp|0 fnt
|faint|p1a: Garchomp
|-damage|p2a: Starmie|15/100|[from] item: Life Orb
|
|-weather|RainDance|[upkeep]
|upkeep
|
|t:|1736515399
|switch|p1a: Alakazam|Alakazam, M|100/100
|turn|21
|
|t:|1736515410
|switch|p2a: Landorus|Landorus-Therian, M|100/100
|-damage|p2a: Landorus|88/100|[from] Stealth Rock
|-ability|p2a: Landorus|Intimidate|boost
|-unboost|p1a: Alakazam|atk|1
|move|p1a: Alakazam|Psychic|p2a: Landorus
|-damage|p2a: Landorus|27/100
|
|-weather|RainDance|[upkeep]
|-heal|p2a: Landorus|34/100|[from] item: Leftovers
|upkeep
|turn|22
|
|t:|1736515418
|move|p1a: Alakazam|Psychic|p2a: Landorus
|-crit|p2a: Landorus
|-damage|p2a: Landorus|0 fnt
|faint|p2a: Landorus
|
|-weather|RainDance|[upkeep]
|upkeep
|inactive|JesusKun69 has 120 seconds left.
|
|t:|1736515453
|switch|p2a: Garchomp|Garchomp, M|27/100
|-damage|p2a: Garchomp|20/100|[from] Stealth Rock
|turn|23
|inactive|chomp29 has 120 seconds left.
|
|t:|1736515506
|switch|p2a: Starmie|Starmie|15/100
|-damage|p2a: Starmie|3/100|[from] Stealth Rock
|switch|p1a: Reuniclus|Reuniclus, F|84/100
|
|-weather|RainDance|[upkeep]
|-heal|p1a: Reuniclus|90/100|[from] item: Leftovers
|upkeep
|turn|24
|
|t:|1736515512
|move|p2a: Starmie|Rapid Spin|p1a: Reuniclus
|-damage|p1a: Reuniclus|87/100
|-sideend|p2: JesusKun69|Stealth Rock|[from] move: Rapid Spin|[of] p2a: Starmie
|-damage|p2a: Starmie|0 fnt|[from] item: Life Orb
|faint|p2a: Starmie
|move|p1a: Reuniclus|Calm Mind|p1a: Reuniclus
|-boost|p1a: Reuniclus|spa|1
|-boost|p1a: Reuniclus|spd|1
|
|-weather|RainDance|[upkeep]
|-heal|p1a: Reuniclus|93/100|[from] item: Leftovers
|upkeep
|
|t:|1736515518
|switch|p2a: Shedinja|Shedinja|100/100
|turn|25
|
|t:|1736515524
|move|p2a: Shedinja|Shadow Claw|p1a: Reuniclus
|-supereffective|p1a: Reuniclus
|-damage|p1a: Reuniclus|48/100
|move|p1a: Reuniclus|Calm Mind|p1a: Reuniclus
|-boost|p1a: Reuniclus|spa|1
|-boost|p1a: Reuniclus|spd|1
|
|-weather|RainDance|[upkeep]
|-heal|p1a: Reuniclus|54/100|[from] item: Leftovers
|upkeep
|turn|26
|
|t:|1736515529
|move|p2a: Shedinja|Shadow Claw|p1a: Reuniclus
|-supereffective|p1a: Reuniclus
|-damage|p1a: Reuniclus|6/100
|move|p1a: Reuniclus|Recover|p1a: Reuniclus
|-heal|p1a: Reuniclus|56/100
|
|-weather|RainDance|[upkeep]
|-heal|p1a: Reuniclus|62/100|[from] item: Leftovers
|upkeep
|turn|27
|
|t:|1736515533
|move|p2a: Shedinja|Shadow Claw|p1a: Reuniclus
|-supereffective|p1a: Reuniclus
|-damage|p1a: Reuniclus|18/100
|move|p1a: Reuniclus|Recover|p1a: Reuniclus
|-heal|p1a: Reuniclus|68/100
|
|-weather|RainDance|[upkeep]
|-heal|p1a: Reuniclus|74/100|[from] item: Leftovers
|upkeep
|turn|28
|
|t:|1736515537
|move|p2a: Shedinja|Shadow Claw|p1a: Reuniclus
|-supereffective|p1a: Reuniclus
|-damage|p1a: Reuniclus|33/100
|move|p1a: Reuniclus|Recover|p1a: Reuniclus
|-heal|p1a: Reuniclus|83/100
|
|-weather|RainDance|[upkeep]
|-heal|p1a: Reuniclus|89/100|[from] item: Leftovers
|upkeep
|turn|29
|
|t:|1736515541
|move|p2a: Shedinja|Shadow Claw|p1a: Reuniclus
|-supereffective|p1a: Reuniclus
|-crit|p1a: Reuniclus
|-damage|p1a: Reuniclus|7/100
|move|p1a: Reuniclus|Recover|p1a: Reuniclus
|-heal|p1a: Reuniclus|57/100
|
|-weather|RainDance|[upkeep]
|-heal|p1a: Reuniclus|63/100|[from] item: Leftovers
|upkeep
|turn|30
|
|t:|1736515546
|move|p2a: Shedinja|Shadow Claw|p1a: Reuniclus
|-supereffective|p1a: Reuniclus
|-damage|p1a: Reuniclus|14/100
|move|p1a: Reuniclus|Recover|p1a: Reuniclus
|-heal|p1a: Reuniclus|64/100
|
|-weather|RainDance|[upkeep]
|-heal|p1a: Reuniclus|70/100|[from] item: Leftovers
|upkeep
|turn|31
|
|t:|1736515556
|move|p2a: Shedinja|Shadow Claw|p1a: Reuniclus
|-supereffective|p1a: Reuniclus
|-damage|p1a: Reuniclus|26/100
|move|p1a: Reuniclus|Recover|p1a: Reuniclus
|-heal|p1a: Reuniclus|76/100
|
|-weather|RainDance|[upkeep]
|-heal|p1a: Reuniclus|83/100|[from] item: Leftovers
|upkeep
|turn|32
|
|t:|1736515560
|move|p2a: Shedinja|Protect|p2a: Shedinja
|-singleturn|p2a: Shedinja|Protect
|move|p1a: Reuniclus|Psychic|p2a: Shedinja
|-activate|p2a: Shedinja|move: Protect
|
|-weather|RainDance|[upkeep]
|-heal|p1a: Reuniclus|89/100|[from] item: Leftovers
|upkeep
|turn|33
|
|t:|1736515584
|move|p2a: Shedinja|Shadow Claw|p1a: Reuniclus
|-supereffective|p1a: Reuniclus
|-crit|p1a: Reuniclus
|-damage|p1a: Reuniclus|0 fnt
|faint|p1a: Reuniclus
|
|-weather|RainDance|[upkeep]
|upkeep
|-message|chomp29 forfeited.
|
|win|JesusKun69
|raw|chomp29's rating: 1543 &rarr; <strong>1513</strong><br />(-30 for losing)
|raw|JesusKun69's rating: 1361 &rarr; <strong>1391</strong><br />(+30 for winning)
|l|☆chomp29
|player|p1|
