|j|☆ghosted by brizz
|j|☆testbwou
|t:|1708092018
|gametype|singles
|player|p1|ghosted by brizz|mina-lgpe|1564
|player|p2|testbwou|170|1337
|teamsize|p1|6
|teamsize|p2|6
|gen|5
|tier|[Gen 5] OU
|rated|
|rule|Species Clause: Limit one of each Pokémon
|rule|OHKO Clause: OHKO moves are banned
|rule|Moody Clause: Moody is banned
|rule|Evasion Items Clause: Evasion items are banned
|rule|Evasion Moves Clause: Evasion moves are banned
|rule|Endless Battle Clause: Forcing endless battles is banned
|rule|HP Percentage Mod: HP is shown in percentages
|rule|Evasion Abilities Clause: Evasion abilities are banned
|rule|Sleep Moves Clause: Sleep-inducing moves are banned
|rule|Swagger Clause: Swagger is banned
|rule|Baton Pass Stat Clause: No Baton Passer may have a way to boost its stats
|clearpoke
|poke|p1|Jirachi|item
|poke|p1|Latios, M|item
|poke|p1|Thundurus-Therian, M|item
|poke|p1|Starmie|item
|poke|p1|Mamoswine, F|item
|poke|p1|Magnezone|item
|poke|p2|Riolu, M|item
|poke|p2|Forretress, M|item
|poke|p2|Shedinja|item
|poke|p2|Politoed, F|item
|poke|p2|Gengar, F|item
|poke|p2|Starmie|item
|teampreview
|inactive|Battle timer is ON: inactive players will automatically lose when time's up. (requested by ghosted by brizz)
|
|t:|1708092034
|start
|switch|p1a: Mamoswine|Mamoswine, F|100/100
|switch|p2a: Forretress|Forretress, M|100/100
|turn|1
|
|t:|1708092039
|move|p1a: Mamoswine|Earthquake|p2a: Forretress
|-damage|p2a: Forretress|53/100
|move|p2a: Forretress|Stealth Rock|p1a: Mamoswine
|-sidestart|p1: ghosted by brizz|move: Stealth Rock
|
|upkeep
|turn|2
|
|t:|1708092041
|move|p1a: Mamoswine|Stealth Rock|p2a: Forretress
|-sidestart|p2: testbwou|move: Stealth Rock
|move|p2a: Forretress|Spikes|p1a: Mamoswine
|-sidestart|p1: ghosted by brizz|Spikes
|
|upkeep
|turn|3
|
|t:|1708092043
|move|p1a: Mamoswine|Earthquake|p2a: Forretress
|-damage|p2a: Forretress|2/100
|move|p2a: Forretress|Rapid Spin|p1a: Mamoswine
|-damage|p1a: Mamoswine|96/100
|-sideend|p2: testbwou|Stealth Rock|[from] move: Rapid Spin|[of] p2a: Forretress
|
|upkeep
|turn|4
|-enditem|p2a: Forretress|Custap Berry|[eat]
|-activate|p2a: Forretress|item: Custap Berry|[consumed]
|
|t:|1708092046
|move|p2a: Forretress|Spikes|p1a: Mamoswine
|-sidestart|p1: ghosted by brizz|Spikes
|move|p1a: Mamoswine|Stealth Rock|p2a: Forretress
|-sidestart|p2: testbwou|move: Stealth Rock
|
|upkeep
|turn|5
|j| SKT T1 Motherfaker
|
|t:|1708092055
|move|p1a: Mamoswine|Earthquake|p2a: Forretress
|-damage|p2a: Forretress|0 fnt
|faint|p2a: Forretress
|
|upkeep
|
|t:|1708092058
|switch|p2a: Starmie|Starmie|100/100
|-damage|p2a: Starmie|88/100|[from] Stealth Rock
|turn|6
|
|t:|1708092065
|move|p2a: Starmie|Rapid Spin|p1a: Mamoswine
|-damage|p1a: Mamoswine|92/100
|-sideend|p2: testbwou|Stealth Rock|[from] move: Rapid Spin|[of] p2a: Starmie
|-damage|p2a: Starmie|78/100|[from] item: Life Orb
|move|p1a: Mamoswine|Earthquake|p2a: Starmie
|-damage|p2a: Starmie|0 fnt
|faint|p2a: Starmie
|
|upkeep
|
|t:|1708092068
|switch|p2a: Riolu|Riolu, M|100/100
|turn|7
|
|t:|1708092074
|move|p1a: Mamoswine|Earthquake|p2a: Riolu
|-enditem|p2a: Riolu|Focus Sash
|-damage|p2a: Riolu|1/100
|move|p2a: Riolu|Roar|p1a: Mamoswine
|drag|p1a: Magnezone|Magnezone|100/100
|-damage|p1a: Magnezone|94/100|[from] Stealth Rock
|-damage|p1a: Magnezone|78/100|[from] Spikes
|
|upkeep
|turn|8
|
|t:|1708092079
|move|p2a: Riolu|Copycat|p2a: Riolu
|move|p2a: Riolu|Roar|p1a: Magnezone|[from]move: Copycat
|drag|p1a: Latios|Latios, M|100/100
|-damage|p1a: Latios|88/100|[from] Stealth Rock
|
|upkeep
|turn|9
|
|t:|1708092082
|move|p2a: Riolu|Copycat|p2a: Riolu
|move|p2a: Riolu|Roar|p1a: Latios|[from]move: Copycat
|drag|p1a: Jirachi|Jirachi|100/100
|-damage|p1a: Jirachi|94/100|[from] Stealth Rock
|-damage|p1a: Jirachi|78/100|[from] Spikes
|
|upkeep
|turn|10
|
|t:|1708092086
|move|p2a: Riolu|Copycat|p2a: Riolu
|move|p2a: Riolu|Roar|p1a: Jirachi|[from]move: Copycat
|drag|p1a: Thundurus|Thundurus-Therian, M|100/100
|-damage|p1a: Thundurus|76/100|[from] Stealth Rock
|
|-heal|p1a: Thundurus|82/100|[from] item: Leftovers
|upkeep
|turn|11
|
|t:|1708092088
|move|p2a: Riolu|Copycat|p2a: Riolu
|move|p2a: Riolu|Roar|p1a: Thundurus|[from]move: Copycat
|drag|p1a: Jirachi|Jirachi|78/100
|-damage|p1a: Jirachi|72/100|[from] Stealth Rock
|-damage|p1a: Jirachi|55/100|[from] Spikes
|
|upkeep
|turn|12
|
|t:|1708092090
|move|p2a: Riolu|Copycat|p2a: Riolu
|move|p2a: Riolu|Roar|p1a: Jirachi|[from]move: Copycat
|drag|p1a: Latios|Latios, M|88/100
|-damage|p1a: Latios|76/100|[from] Stealth Rock
|
|upkeep
|turn|13
|
|t:|1708092092
|move|p2a: Riolu|Copycat|p2a: Riolu
|move|p2a: Riolu|Roar|p1a: Latios|[from]move: Copycat
|drag|p1a: Mamoswine|Mamoswine, F|92/100
|-damage|p1a: Mamoswine|80/100|[from] Stealth Rock
|-damage|p1a: Mamoswine|63/100|[from] Spikes
|
|upkeep
|turn|14
|
|t:|1708092094
|move|p1a: Mamoswine|Ice Shard|p2a: Riolu
|-damage|p2a: Riolu|0 fnt
|faint|p2a: Riolu
|
|upkeep
|
|t:|1708092096
|switch|p2a: Politoed|Politoed, F|100/100
|-weather|RainDance|[from] ability: Drizzle|[of] p2a: Politoed
|turn|15
|
|t:|1708092099
|move|p2a: Politoed|Surf|p1a: Mamoswine
|-supereffective|p1a: Mamoswine
|-damage|p1a: Mamoswine|0 fnt
|faint|p1a: Mamoswine
|
|-weather|RainDance|[upkeep]
|upkeep
|
|t:|1708092112
|switch|p1a: Starmie|Starmie|100/100
|-damage|p1a: Starmie|88/100|[from] Stealth Rock
|-item|p1a: Starmie|Air Balloon
|turn|16
|
|t:|1708092116
|switch|p2a: Shedinja|Shedinja|100/100
|switch|p1a: Magnezone|Magnezone|78/100
|-damage|p1a: Magnezone|72/100|[from] Stealth Rock
|-damage|p1a: Magnezone|56/100|[from] Spikes
|
|-weather|RainDance|[upkeep]
|upkeep
|turn|17
|
|t:|1708092122
|switch|p2a: Gengar|Gengar, F|100/100
|move|p1a: Magnezone|Thunderbolt|p2a: Gengar
|-damage|p2a: Gengar|14/100
|
|-weather|RainDance|[upkeep]
|upkeep
|turn|18
|
|t:|1708092126
|switch|p1a: Jirachi|Jirachi|55/100
|-damage|p1a: Jirachi|49/100|[from] Stealth Rock
|-damage|p1a: Jirachi|33/100|[from] Spikes
|move|p2a: Gengar|Focus Blast|p1a: Jirachi
|-damage|p1a: Jirachi|0 fnt
|faint|p1a: Jirachi
|-damage|p2a: Gengar|4/100|[from] item: Life Orb
|
|-weather|RainDance|[upkeep]
|upkeep
|
|t:|1708092132
|switch|p1a: Thundurus|Thundurus-Therian, M|82/100
|-damage|p1a: Thundurus|57/100|[from] Stealth Rock
|turn|19
|
|t:|1708092137
|move|p2a: Gengar|Hidden Power|p1a: Thundurus
|-supereffective|p1a: Thundurus
|-damage|p1a: Thundurus|0 fnt
|faint|p1a: Thundurus
|-damage|p2a: Gengar|0 fnt|[from] item: Life Orb
|faint|p2a: Gengar
|
|-weather|RainDance|[upkeep]
|upkeep
|-message|ghosted by brizz forfeited.
|
|win|testbwou
|raw|ghosted by brizz's rating: 1564 &rarr; <strong>1533</strong><br />(-31 for losing)
|raw|testbwou's rating: 1337 &rarr; <strong>1368</strong><br />(+31 for winning)
|l|☆ghosted by brizz
|player|p1|
|l|☆testbwou
|player|p2|
