|j|☆Biggust Rammis
|j|☆HydreigonSpammer
|t:|1735155444
|gametype|singles
|player|p1|Biggust Rammis|red|1320
|player|p2|HydreigonSpammer|clerk|1282
|teamsize|p1|6
|teamsize|p2|6
|gen|5
|tier|[Gen 5] OU
|rated|
|rule|Species Clause: Limit one of each Pokémon
|rule|OHKO Clause: OHKO moves are banned
|rule|Moody Clause: Moody is banned
|rule|Evasion Items Clause: Evasion items are banned
|rule|Evasion Moves Clause: Evasion moves are banned
|rule|Endless Battle Clause: Forcing endless battles is banned
|rule|HP Percentage Mod: HP is shown in percentages
|rule|Evasion Abilities Clause: Evasion abilities are banned
|rule|Sleep Moves Clause: Sleep-inducing moves are banned
|rule|Swagger Clause: Swagger is banned
|rule|Baton Pass Stat Clause: No Baton Passer may have a way to boost its stats
|clearpoke
|poke|p1|Garchomp, M|item
|poke|p1|Dragonite, M|item
|poke|p1|Starmie|item
|poke|p1|Scizor, M|item
|poke|p1|Volcarona, M|item
|poke|p1|Breloom, M|item
|poke|p2|Garchomp, F|item
|poke|p2|Tornadus, M|item
|poke|p2|Politoed, M|item
|poke|p2|Jirachi|item
|poke|p2|Tentacruel, F|item
|poke|p2|Ferrothorn, F|item
|teampreview
|inactive|Battle timer is ON: inactive players will automatically lose when time's up. (requested by Biggust Rammis)
|
|t:|1735155468
|start
|switch|p1a: Garchomp|Garchomp, M|100/100
|switch|p2a: Politoed|Politoed, M|100/100
|-weather|RainDance|[from] ability: Drizzle|[of] p2a: Politoed
|turn|1
|
|t:|1735155477
|move|p1a: Garchomp|Stealth Rock|p2a: Politoed
|-sidestart|p2: HydreigonSpammer|move: Stealth Rock
|move|p2a: Politoed|Scald|p1a: Garchomp
|-damage|p1a: Garchomp|62/100
|
|-weather|RainDance|[upkeep]
|upkeep
|turn|2
|
|t:|1735155485
|move|p1a: Garchomp|Earthquake|p2a: Politoed
|-damage|p2a: Politoed|43/100
|move|p2a: Politoed|Scald|p1a: Garchomp
|-damage|p1a: Garchomp|21/100
|-status|p1a: Garchomp|brn
|
|-weather|RainDance|[upkeep]
|-heal|p2a: Politoed|50/100|[from] item: Leftovers
|-damage|p1a: Garchomp|8/100 brn|[from] brn
|upkeep
|turn|3
|
|t:|1735155504
|move|p2a: Politoed|Protect|p2a: Politoed
|-singleturn|p2a: Politoed|Protect
|move|p1a: Garchomp|Outrage|p2a: Politoed
|-activate|p2a: Politoed|move: Protect
|
|-weather|RainDance|[upkeep]
|-heal|p2a: Politoed|56/100|[from] item: Leftovers
|-damage|p1a: Garchomp|0 fnt|[from] brn
|faint|p1a: Garchomp
|upkeep
|
|t:|1735155507
|switch|p1a: Breloom|Breloom, M|100/100
|turn|4
|
|t:|1735155510
|switch|p2a: Tentacruel|Tentacruel, F|100/100
|-damage|p2a: Tentacruel|88/100|[from] Stealth Rock
|move|p1a: Breloom|Low Sweep|p2a: Tentacruel
|-resisted|p2a: Tentacruel
|-damage|p2a: Tentacruel|47/100
|-unboost|p2a: Tentacruel|spe|1
|-damage|p1a: Breloom|91/100|[from] item: Life Orb
|
|-weather|RainDance|[upkeep]
|-heal|p2a: Tentacruel|53/100|[from] ability: Rain Dish
|-heal|p2a: Tentacruel|59/100|[from] item: Black Sludge
|upkeep
|turn|5
|
|t:|1735155538
|move|p1a: Breloom|Swords Dance|p1a: Breloom
|-boost|p1a: Breloom|atk|2
|move|p2a: Tentacruel|Rapid Spin|p1a: Breloom
|-damage|p1a: Breloom|86/100
|-sideend|p2: HydreigonSpammer|Stealth Rock|[from] move: Rapid Spin|[of] p2a: Tentacruel
|
|-weather|RainDance|[upkeep]
|-heal|p2a: Tentacruel|66/100|[from] ability: Rain Dish
|-heal|p2a: Tentacruel|72/100|[from] item: Black Sludge
|upkeep
|turn|6
|
|t:|1735155547
|move|p1a: Breloom|Low Sweep|p2a: Tentacruel
|-resisted|p2a: Tentacruel
|-damage|p2a: Tentacruel|0 fnt
|faint|p2a: Tentacruel
|-damage|p1a: Breloom|76/100|[from] item: Life Orb
|
|-weather|RainDance|[upkeep]
|upkeep
|inactive|HydreigonSpammer has 120 seconds left.
|
|t:|1735155568
|switch|p2a: Tornadus|Tornadus, M|100/100
|turn|7
|inactive|HydreigonSpammer has 120 seconds left.
|
|t:|1735155575
|move|p1a: Breloom|Mach Punch|p2a: Tornadus
|-resisted|p2a: Tornadus
|-damage|p2a: Tornadus|27/100
|-damage|p1a: Breloom|66/100|[from] item: Life Orb
|move|p2a: Tornadus|Hurricane|p1a: Breloom
|-supereffective|p1a: Breloom
|-damage|p1a: Breloom|0 fnt
|faint|p1a: Breloom
|
|-weather|RainDance|[upkeep]
|upkeep
|
|t:|1735155589
|switch|p1a: Scizor|Scizor, M|100/100
|turn|8
|
|t:|1735155592
|-activate|p2a: Tornadus|move: Pursuit
|move|p1a: Scizor|Pursuit|p2a: Tornadus|[from]Pursuit
|-damage|p2a: Tornadus|0 fnt
|faint|p2a: Tornadus
|-damage|p1a: Scizor|91/100|[from] item: Life Orb
|-hint|A Pokemon can't switch between when it runs out of HP and when it faints
|
|-weather|RainDance|[upkeep]
|upkeep
|
|t:|1735155600
|switch|p2a: Ferrothorn|Ferrothorn, F|100/100
|turn|9
|
|t:|1735155606
|move|p1a: Scizor|Superpower|p2a: Ferrothorn
|-supereffective|p2a: Ferrothorn
|-damage|p2a: Ferrothorn|20/100
|-unboost|p1a: Scizor|atk|1
|-unboost|p1a: Scizor|def|1
|-damage|p1a: Scizor|78/100|[from] ability: Iron Barbs|[of] p2a: Ferrothorn
|-damage|p1a: Scizor|68/100|[from] item: Life Orb
|move|p2a: Ferrothorn|Stealth Rock|p1a: Scizor
|-sidestart|p1: Biggust Rammis|move: Stealth Rock
|
|-weather|RainDance|[upkeep]
|upkeep
|turn|10
|
|t:|1735155611
|move|p1a: Scizor|Swords Dance|p1a: Scizor
|-boost|p1a: Scizor|atk|2
|move|p2a: Ferrothorn|Power Whip|p1a: Scizor
|-resisted|p1a: Scizor
|-damage|p1a: Scizor|50/100
|
|-weather|RainDance|[upkeep]
|upkeep
|turn|11
|
|t:|1735155618
|move|p1a: Scizor|Bullet Punch|p2a: Ferrothorn
|-resisted|p2a: Ferrothorn
|-damage|p2a: Ferrothorn|0 fnt
|-damage|p1a: Scizor|37/100|[from] ability: Iron Barbs|[of] p2a: Ferrothorn
|faint|p2a: Ferrothorn
|-damage|p1a: Scizor|27/100|[from] item: Life Orb
|
|-weather|RainDance|[upkeep]
|upkeep
|
|t:|1735155632
|switch|p2a: Jirachi|Jirachi|100/100
|turn|12
|
|t:|1735155637
|move|p1a: Scizor|Bullet Punch|p2a: Jirachi
|-resisted|p2a: Jirachi
|-damage|p2a: Jirachi|71/100
|-damage|p1a: Scizor|17/100|[from] item: Life Orb
|move|p2a: Jirachi|Thunder|p1a: Scizor
|-damage|p1a: Scizor|0 fnt
|faint|p1a: Scizor
|
|-weather|RainDance|[upkeep]
|-heal|p2a: Jirachi|77/100|[from] item: Leftovers
|upkeep
|
|t:|1735155641
|switch|p1a: Starmie|Starmie|100/100
|-damage|p1a: Starmie|88/100|[from] Stealth Rock
|-item|p1a: Starmie|Air Balloon
|turn|13
|
|t:|1735155652
|move|p1a: Starmie|Rapid Spin|p2a: Jirachi
|-resisted|p2a: Jirachi
|-damage|p2a: Jirachi|76/100
|-sideend|p1: Biggust Rammis|Stealth Rock|[from] move: Rapid Spin|[of] p1a: Starmie
|move|p2a: Jirachi|Calm Mind|p2a: Jirachi
|-boost|p2a: Jirachi|spa|1
|-boost|p2a: Jirachi|spd|1
|
|-weather|RainDance|[upkeep]
|-heal|p2a: Jirachi|82/100|[from] item: Leftovers
|upkeep
|turn|14
|
|t:|1735155662
|move|p1a: Starmie|Hydro Pump|p2a: Jirachi
|-damage|p2a: Jirachi|37/100
|move|p2a: Jirachi|Thunder|p1a: Starmie
|-supereffective|p1a: Starmie
|-damage|p1a: Starmie|0 fnt
|-enditem|p1a: Starmie|Air Balloon
|faint|p1a: Starmie
|
|-weather|RainDance|[upkeep]
|-heal|p2a: Jirachi|43/100|[from] item: Leftovers
|upkeep
|
|t:|1735155671
|switch|p1a: Dragonite|Dragonite, M|100/100
|turn|15
|
|t:|1735155679
|move|p2a: Jirachi|Thunder|p1a: Dragonite
|-damage|p1a: Dragonite|77/100
|move|p1a: Dragonite|Dragon Dance|p1a: Dragonite
|-boost|p1a: Dragonite|atk|1
|-boost|p1a: Dragonite|spe|1
|
|-weather|RainDance|[upkeep]
|-heal|p2a: Jirachi|50/100|[from] item: Leftovers
|upkeep
|turn|16
|
|t:|1735155689
|move|p1a: Dragonite|Dragon Dance|p1a: Dragonite
|-boost|p1a: Dragonite|atk|1
|-boost|p1a: Dragonite|spe|1
|move|p2a: Jirachi|Hidden Power|p1a: Dragonite
|-supereffective|p1a: Dragonite
|-damage|p1a: Dragonite|0 fnt
|faint|p1a: Dragonite
|
|-weather|RainDance|[upkeep]
|-heal|p2a: Jirachi|56/100|[from] item: Leftovers
|upkeep
|
|t:|1735155691
|switch|p1a: Volcarona|Volcarona, M|100/100
|turn|17
|
|t:|1735155694
|move|p2a: Jirachi|Thunder|p1a: Volcarona
|-damage|p1a: Volcarona|57/100
|-status|p1a: Volcarona|par
|move|p1a: Volcarona|Quiver Dance|p1a: Volcarona
|-boost|p1a: Volcarona|spa|1
|-boost|p1a: Volcarona|spd|1
|-boost|p1a: Volcarona|spe|1
|
|-weather|RainDance|[upkeep]
|-heal|p2a: Jirachi|62/100|[from] item: Leftovers
|upkeep
|turn|18
|-message|Biggust Rammis forfeited.
|
|win|HydreigonSpammer
|raw|Biggust Rammis's rating: 1320 &rarr; <strong>1298</strong><br />(-22 for losing)
|raw|HydreigonSpammer's rating: 1282 &rarr; <strong>1310</strong><br />(+28 for winning)
|l|☆Biggust Rammis
|player|p1|
