|j|☆dzf 114513
|j|☆cdrgcde
|t:|1744035431
|gametype|singles
|player|p1|dzf 114513|giovanni|1407
|player|p2|cdrgcde|dawn|1344
|teamsize|p1|6
|teamsize|p2|6
|gen|5
|tier|[Gen 5] OU
|rated|
|rule|Species Clause: Limit one of each Pokémon
|rule|OHKO Clause: OHKO moves are banned
|rule|Moody Clause: Moody is banned
|rule|Evasion Items Clause: Evasion items are banned
|rule|Evasion Moves Clause: Evasion moves are banned
|rule|Endless Battle Clause: Forcing endless battles is banned
|rule|HP Percentage Mod: HP is shown in percentages
|rule|Evasion Abilities Clause: Evasion abilities are banned
|rule|Sleep Moves Clause: Sleep-inducing moves are banned
|rule|Swagger Clause: Swagger is banned
|rule|Baton Pass Stat Clause: No Baton Passer may have a way to boost its stats
|clearpoke
|poke|p1|Keldeo-Resolute|item
|poke|p1|Starmie|item
|poke|p1|Scizor, M|item
|poke|p1|Thundurus-Therian, M|item
|poke|p1|Honchkrow, F|item
|poke|p1|Conkeldurr, F|item
|poke|p2|Tyranitar, M|item
|poke|p2|Forretress, M|item
|poke|p2|Xatu, F|item
|poke|p2|Gliscor, M|item
|poke|p2|Blissey, F|item
|poke|p2|Jellicent, M|item
|teampreview
|inactive|Battle timer is ON: inactive players will automatically lose when time's up. (requested by cdrgcde)
|
|t:|1744035443
|start
|switch|p1a: Starmie|Starmie|100/100
|switch|p2a: Tyranitar|Tyranitar, M|100/100
|-weather|Sandstorm|[from] ability: Sand Stream|[of] p2a: Tyranitar
|turn|1
|
|t:|1744035451
|move|p2a: Tyranitar|Crunch|p1a: Starmie
|-supereffective|p1a: Starmie
|-damage|p1a: Starmie|0 fnt
|faint|p1a: Starmie
|
|-weather|Sandstorm|[upkeep]
|upkeep
|
|t:|1744035458
|switch|p1a: Conkeldurr|Conkeldurr, F|100/100
|turn|2
|
|t:|1744035469
|switch|p2a: Xatu|Xatu, F|100/100
|move|p1a: Conkeldurr|Bulk Up|p1a: Conkeldurr
|-boost|p1a: Conkeldurr|atk|1
|-boost|p1a: Conkeldurr|def|1
|
|-weather|Sandstorm|[upkeep]
|-damage|p2a: Xatu|95/100|[from] Sandstorm
|-damage|p1a: Conkeldurr|95/100|[from] Sandstorm
|-heal|p1a: Conkeldurr|100/100|[from] item: Leftovers
|upkeep
|turn|3
|
|t:|1744035480
|move|p2a: Xatu|Reflect|p2a: Xatu
|-sidestart|p2: cdrgcde|Reflect
|move|p1a: Conkeldurr|Ice Punch|p2a: Xatu
|-supereffective|p2a: Xatu
|-damage|p2a: Xatu|53/100
|-damage|p1a: Conkeldurr|84/100|[from] item: Rocky Helmet|[of] p2a: Xatu
|
|-weather|Sandstorm|[upkeep]
|-damage|p2a: Xatu|47/100|[from] Sandstorm
|-damage|p1a: Conkeldurr|78/100|[from] Sandstorm
|-heal|p1a: Conkeldurr|84/100|[from] item: Leftovers
|upkeep
|turn|4
|
|t:|1744035498
|move|p2a: Xatu|Roost|p2a: Xatu
|-heal|p2a: Xatu|97/100
|-singleturn|p2a: Xatu|move: Roost
|move|p1a: Conkeldurr|Ice Punch|p2a: Xatu
|-damage|p2a: Xatu|78/100
|-damage|p1a: Conkeldurr|67/100|[from] item: Rocky Helmet|[of] p2a: Xatu
|
|-weather|Sandstorm|[upkeep]
|-damage|p2a: Xatu|72/100|[from] Sandstorm
|-damage|p1a: Conkeldurr|61/100|[from] Sandstorm
|-heal|p1a: Conkeldurr|67/100|[from] item: Leftovers
|upkeep
|turn|5
|
|t:|1744035511
|move|p2a: Xatu|Night Shade|p1a: Conkeldurr
|-damage|p1a: Conkeldurr|39/100
|move|p1a: Conkeldurr|Bulk Up|p1a: Conkeldurr
|-boost|p1a: Conkeldurr|atk|1
|-boost|p1a: Conkeldurr|def|1
|
|-weather|Sandstorm|[upkeep]
|-damage|p2a: Xatu|66/100|[from] Sandstorm
|-damage|p1a: Conkeldurr|33/100|[from] Sandstorm
|-heal|p1a: Conkeldurr|39/100|[from] item: Leftovers
|upkeep
|turn|6
|
|t:|1744035523
|move|p2a: Xatu|Roost|p2a: Xatu
|-heal|p2a: Xatu|100/100
|-singleturn|p2a: Xatu|move: Roost
|move|p1a: Conkeldurr|Drain Punch|p2a: Xatu
|-resisted|p2a: Xatu
|-damage|p2a: Xatu|81/100
|-heal|p1a: Conkeldurr|48/100|[from] drain|[of] p2a: Xatu
|-damage|p1a: Conkeldurr|32/100|[from] item: Rocky Helmet|[of] p2a: Xatu
|
|-weather|Sandstorm|[upkeep]
|-damage|p2a: Xatu|75/100|[from] Sandstorm
|-damage|p1a: Conkeldurr|26/100|[from] Sandstorm
|-heal|p1a: Conkeldurr|32/100|[from] item: Leftovers
|upkeep
|turn|7
|
|t:|1744035538
|move|p2a: Xatu|Night Shade|p1a: Conkeldurr
|-damage|p1a: Conkeldurr|3/100
|move|p1a: Conkeldurr|Ice Punch|p2a: Xatu
|-supereffective|p2a: Xatu
|-damage|p2a: Xatu|24/100
|-damage|p1a: Conkeldurr|0 fnt|[from] item: Rocky Helmet|[of] p2a: Xatu
|faint|p1a: Conkeldurr
|
|-weather|Sandstorm|[upkeep]
|-damage|p2a: Xatu|18/100|[from] Sandstorm
|-sideend|p2: cdrgcde|Reflect
|upkeep
|
|t:|1744035555
|switch|p1a: Honchkrow|Honchkrow, F|100/100
|turn|8
|
|t:|1744035560
|move|p1a: Honchkrow|Pursuit|p2a: Xatu
|-supereffective|p2a: Xatu
|-damage|p2a: Xatu|0 fnt
|-damage|p1a: Honchkrow|84/100|[from] item: Rocky Helmet|[of] p2a: Xatu
|faint|p2a: Xatu
|-ability|p1a: Honchkrow|Moxie|boost
|-boost|p1a: Honchkrow|atk|1
|-damage|p1a: Honchkrow|74/100|[from] item: Life Orb
|
|-weather|Sandstorm|[upkeep]
|-damage|p1a: Honchkrow|68/100|[from] Sandstorm
|upkeep
|
|t:|1744035574
|switch|p2a: Tyranitar|Tyranitar, M|100/100
|turn|9
|
|t:|1744035578
|move|p2a: Tyranitar|Ice Punch|p1a: Honchkrow
|-supereffective|p1a: Honchkrow
|-damage|p1a: Honchkrow|0 fnt
|faint|p1a: Honchkrow
|
|-weather|Sandstorm|[upkeep]
|upkeep
|
|t:|1744035588
|switch|p1a: Scizor|Scizor, M|100/100
|turn|10
|
|t:|1744035601
|switch|p2a: Jellicent|Jellicent, M|100/100
|switch|p1a: Thundurus|Thundurus-Therian, M|100/100
|
|-weather|Sandstorm|[upkeep]
|-damage|p1a: Thundurus|94/100|[from] Sandstorm
|-damage|p2a: Jellicent|94/100|[from] Sandstorm
|-heal|p1a: Thundurus|100/100|[from] item: Leftovers
|-heal|p2a: Jellicent|100/100|[from] item: Leftovers
|upkeep
|turn|11
|
|t:|1744035616
|switch|p2a: Blissey|Blissey, F|100/100
|move|p1a: Thundurus|Agility|p1a: Thundurus
|-boost|p1a: Thundurus|spe|2
|
|-weather|Sandstorm|[upkeep]
|-damage|p1a: Thundurus|94/100|[from] Sandstorm
|-damage|p2a: Blissey|94/100|[from] Sandstorm
|-heal|p1a: Thundurus|100/100|[from] item: Leftovers
|-heal|p2a: Blissey|100/100|[from] item: Leftovers
|upkeep
|turn|12
|
|t:|1744035628
|move|p1a: Thundurus|Focus Blast|p2a: Blissey
|-supereffective|p2a: Blissey
|-damage|p2a: Blissey|64/100
|move|p2a: Blissey|Seismic Toss|p1a: Thundurus
|-damage|p1a: Thundurus|68/100
|
|-weather|Sandstorm|[upkeep]
|-damage|p1a: Thundurus|61/100|[from] Sandstorm
|-damage|p2a: Blissey|58/100|[from] Sandstorm
|-heal|p1a: Thundurus|68/100|[from] item: Leftovers
|-heal|p2a: Blissey|64/100|[from] item: Leftovers
|upkeep
|turn|13
|
|t:|1744035641
|move|p1a: Thundurus|Focus Blast|p2a: Blissey|[miss]
|-miss|p1a: Thundurus|p2a: Blissey
|move|p2a: Blissey|Soft-Boiled|p2a: Blissey
|-heal|p2a: Blissey|100/100
|
|-weather|Sandstorm|[upkeep]
|-damage|p1a: Thundurus|61/100|[from] Sandstorm
|-damage|p2a: Blissey|94/100|[from] Sandstorm
|-heal|p1a: Thundurus|68/100|[from] item: Leftovers
|-heal|p2a: Blissey|100/100|[from] item: Leftovers
|upkeep
|turn|14
|
|t:|1744035657
|move|p1a: Thundurus|Thunder|p2a: Blissey
|-damage|p2a: Blissey|73/100
|move|p2a: Blissey|Seismic Toss|p1a: Thundurus
|-damage|p1a: Thundurus|35/100
|
|-weather|Sandstorm|[upkeep]
|-damage|p1a: Thundurus|29/100|[from] Sandstorm
|-damage|p2a: Blissey|67/100|[from] Sandstorm
|-heal|p1a: Thundurus|35/100|[from] item: Leftovers
|-heal|p2a: Blissey|73/100|[from] item: Leftovers
|upkeep
|turn|15
|
|t:|1744035669
|move|p1a: Thundurus|Focus Blast|p2a: Blissey|[miss]
|-miss|p1a: Thundurus|p2a: Blissey
|move|p2a: Blissey|Soft-Boiled|p2a: Blissey
|-heal|p2a: Blissey|100/100
|
|-weather|Sandstorm|[upkeep]
|-damage|p1a: Thundurus|29/100|[from] Sandstorm
|-damage|p2a: Blissey|94/100|[from] Sandstorm
|-heal|p1a: Thundurus|35/100|[from] item: Leftovers
|-heal|p2a: Blissey|100/100|[from] item: Leftovers
|upkeep
|turn|16
|
|t:|1744035681
|move|p1a: Thundurus|Focus Blast|p2a: Blissey|[miss]
|-miss|p1a: Thundurus|p2a: Blissey
|move|p2a: Blissey|Seismic Toss|p1a: Thundurus
|-damage|p1a: Thundurus|2/100
|
|-weather|Sandstorm|[upkeep]
|-damage|p1a: Thundurus|0 fnt|[from] Sandstorm
|-damage|p2a: Blissey|94/100|[from] Sandstorm
|faint|p1a: Thundurus
|-heal|p2a: Blissey|100/100|[from] item: Leftovers
|upkeep
|
|t:|1744035694
|switch|p1a: Scizor|Scizor, M|100/100
|turn|17
|
|t:|1744035723
|move|p1a: Scizor|Swords Dance|p1a: Scizor
|-boost|p1a: Scizor|atk|2
|move|p2a: Blissey|Thunder Wave|p1a: Scizor
|-status|p1a: Scizor|par
|
|-weather|Sandstorm|[upkeep]
|-damage|p2a: Blissey|94/100|[from] Sandstorm
|-heal|p2a: Blissey|100/100|[from] item: Leftovers
|upkeep
|turn|18
|
|t:|1744035734
|move|p2a: Blissey|Seismic Toss|p1a: Scizor
|-damage|p1a: Scizor|71/100 par
|move|p1a: Scizor|Swords Dance|p1a: Scizor
|-boost|p1a: Scizor|atk|2
|
|-weather|Sandstorm|[upkeep]
|-damage|p2a: Blissey|94/100|[from] Sandstorm
|-heal|p2a: Blissey|100/100|[from] item: Leftovers
|-heal|p1a: Scizor|78/100 par|[from] item: Leftovers
|upkeep
|turn|19
|
|t:|1744035748
|cant|p1a: Scizor|par
|move|p2a: Blissey|Seismic Toss|p1a: Scizor
|-damage|p1a: Scizor|48/100 par
|
|-weather|Sandstorm|[upkeep]
|-damage|p2a: Blissey|94/100|[from] Sandstorm
|-heal|p2a: Blissey|100/100|[from] item: Leftovers
|-heal|p1a: Scizor|55/100 par|[from] item: Leftovers
|upkeep
|turn|20
|
|t:|1744035760
|move|p1a: Scizor|Bullet Punch|p2a: Blissey
|-damage|p2a: Blissey|18/100
|move|p2a: Blissey|Seismic Toss|p1a: Scizor
|-damage|p1a: Scizor|25/100 par
|
|-weather|Sandstorm|[upkeep]
|-damage|p2a: Blissey|12/100|[from] Sandstorm
|-heal|p2a: Blissey|18/100|[from] item: Leftovers
|-heal|p1a: Scizor|32/100 par|[from] item: Leftovers
|upkeep
|turn|21
|
|t:|1744035771
|move|p1a: Scizor|Bullet Punch|p2a: Blissey
|-damage|p2a: Blissey|0 fnt
|faint|p2a: Blissey
|
|-weather|Sandstorm|[upkeep]
|-heal|p1a: Scizor|38/100 par|[from] item: Leftovers
|upkeep
|
|t:|1744035778
|switch|p2a: Forretress|Forretress, M|100/100
|turn|22
|j| Hauntaholics
|
|t:|1744035781
|cant|p1a: Scizor|par
|move|p2a: Forretress|Earthquake|p1a: Scizor
|-damage|p1a: Scizor|17/100 par
|
|-weather|Sandstorm|[upkeep]
|-heal|p1a: Scizor|23/100 par|[from] item: Leftovers
|upkeep
|turn|23
|
|t:|1744035790
|move|p1a: Scizor|Bullet Punch|p2a: Forretress
|-resisted|p2a: Forretress
|-damage|p2a: Forretress|74/100
|move|p2a: Forretress|Earthquake|p1a: Scizor
|-damage|p1a: Scizor|0 fnt
|faint|p1a: Scizor
|
|-weather|Sandstorm|[upkeep]
|-heal|p2a: Forretress|80/100|[from] item: Leftovers
|upkeep
|
|t:|1744035802
|switch|p1a: 水马|Keldeo-Resolute|100/100
|turn|24
|
|t:|1744035809
|move|p1a: 水马|Calm Mind|p1a: 水马
|-boost|p1a: 水马|spa|1
|-boost|p1a: 水马|spd|1
|move|p2a: Forretress|Earthquake|p1a: 水马
|-damage|p1a: 水马|76/100
|
|-weather|Sandstorm|[upkeep]
|-damage|p1a: 水马|70/100|[from] Sandstorm
|-heal|p1a: 水马|76/100|[from] item: Leftovers
|-heal|p2a: Forretress|87/100|[from] item: Leftovers
|upkeep
|turn|25
|
|t:|1744035827
|move|p1a: 水马|Secret Sword|p2a: Forretress
|-damage|p2a: Forretress|53/100
|move|p2a: Forretress|Earthquake|p1a: 水马
|-damage|p1a: 水马|49/100
|
|-weather|Sandstorm|[upkeep]
|-damage|p1a: 水马|43/100|[from] Sandstorm
|-heal|p1a: 水马|49/100|[from] item: Leftovers
|-heal|p2a: Forretress|59/100|[from] item: Leftovers
|upkeep
|turn|26
|
|t:|1744035839
|move|p1a: 水马|Surf|p2a: Forretress
|-damage|p2a: Forretress|0 fnt
|faint|p2a: Forretress
|
|-weather|Sandstorm|[upkeep]
|-damage|p1a: 水马|43/100|[from] Sandstorm
|-heal|p1a: 水马|49/100|[from] item: Leftovers
|upkeep
|
|t:|1744035845
|switch|p2a: Jellicent|Jellicent, M|100/100
|turn|27
|
|t:|1744035851
|move|p1a: 水马|Hidden Power|p2a: Jellicent
|-supereffective|p2a: Jellicent
|-crit|p2a: Jellicent
|-damage|p2a: Jellicent|0 fnt
|faint|p2a: Jellicent
|
|-weather|Sandstorm|[upkeep]
|-damage|p1a: 水马|43/100|[from] Sandstorm
|-heal|p1a: 水马|49/100|[from] item: Leftovers
|upkeep
|
|t:|1744035854
|switch|p2a: Gliscor|Gliscor, M|100/100
|turn|28
|
|t:|1744035864
|move|p1a: 水马|Surf|p2a: Gliscor
|-supereffective|p2a: Gliscor
|-damage|p2a: Gliscor|0 fnt
|faint|p2a: Gliscor
|
|-weather|Sandstorm|[upkeep]
|-damage|p1a: 水马|43/100|[from] Sandstorm
|-heal|p1a: 水马|49/100|[from] item: Leftovers
|upkeep
|
|t:|1744035866
|switch|p2a: Tyranitar|Tyranitar, M|100/100
|turn|29
|
|t:|1744035875
|move|p2a: Tyranitar|Superpower|p1a: 水马
|-damage|p1a: 水马|0 fnt
|-unboost|p2a: Tyranitar|atk|1
|-unboost|p2a: Tyranitar|def|1
|faint|p1a: 水马
|
|win|cdrgcde
|raw|dzf 114513's rating: 1407 &rarr; <strong>1383</strong><br />(-24 for losing)
|raw|cdrgcde's rating: 1344 &rarr; <strong>1368</strong><br />(+24 for winning)
|l|☆dzf 114513
|player|p1|
